1940 3231
694 141 900 182 LIBER
939 140 1006 181 lv,
1502 151 1575 186 551

139 248 401 301 consulares,
421 247 496 305 qui
519 261 562 289 se
583 246 775 288 dicerent
794 246 837 287 in
860 245 1063 287 ornandis
1088 246 1321 302 provinciis
1343 249 1576 293 consulari-

142 305 222 347 bus
246 307 472 349 scribendo
494 303 695 355 adfuisse,
716 317 814 344 cum
835 303 1014 345 omnino
1043 317 1096 343 ne
1118 313 1288 345 senatus
1311 305 1485 360 quidem
1507 308 1575 348 fu-

144 362 259 405 isset.
290 365 386 406 haec
411 362 571 421 pacti0‚
601 360 636 390 6¹
657 374 741 402 non
769 360 923 412 verbis,
945 360 1018 401 sed
1043 359 1289 402 nominibus
1319 370 1363 401 et
1394 365 1574 417 perscri-

174 420 381 473 tionibus,
402 419 633 461 multorum
663 417 817 459 tabulis
839 431 939 459 cum
968 431 1060 459 esse
1084 416 1200 459 facta
1221 418 1449 469 diceretur,
1474 433 1570 475 pro-

140 434 229 518 Ena
249 493 275 519 a
296 476 507 519 Memmio
537 484 602 515 est
630 474 880 516 nominibus
911 474 1113 526 inductiS,
1135 485 1310 516 auctore
1342 475 1616 532 Pompeio.b.

141 533 184 565 62
196 532 268 576 hic
288 533 457 590 Appius
472 542 564 574 erat
581 531 710 573 idem.
741 532 846 573 nihil
868 531 1184 587 sanejacturae.
1216 541 1433 574 corruerat
1450 533 1571 585 alter,

142 601 188 631 et
216 591 355 647 plane,
381 590 570 645 inquam,
589 588 781 643 jacebat.
841 588 1078 630 Memmius
1100 599 1259 641 autem,
1280 590 1463 631 diremta
1484 590 1575 632 coi-
1634 603 1639 608 ¹

142 647 261 689 tione
297 647 436 689 invito
471 646 669 697 Calvino,
710 647 750 677 63
767 645 891 702 plane
923 646 1174 698 refrixerat3
1213 647 1310 688 64et
1342 661 1393 688 eo
1435 648 1574 704 magis

141 718 257 745 nunc
283 704 477 761 cogitare
509 705 782 755 dictaturam,
810 713 899 744 tum
931 702 1074 744 favere
1099 704 1290 759 justitio,
1313 713 1356 745 et
1380 705 1574 746 omnium

138 775 279 802 rerum
299 761 503 803 licentiae.
564 759 766 816 Perspice
788 759 1036 816 aequitatem
1067 760 1199 802 animi
1222 761 1305 802 mei
1338 771 1381 802 et
1409 761 1573 813 ludum,

135 827 181 858 et
223 819 562 860 contemtionem
604 818 643 849 65
664 817 927 860 Seleucianae
972 818 1222 874 provinciae,
1253 829 1296 859 et
1331 818 1575 860 mehercule

139 889 240 916 cum
271 875 444 918 Caesare
477 874 773 917 suavissimam
808 874 1177 929 conjunctionem,
1210 875 1324 929 (haec
1356 876 1470 917 enim
1503 891 1573 918 me

138 945 226 973 una
247 947 304 975 ex
335 933 420 975 hoc
449 932 677 988 naufragio
709 932 855 974 tabula
880 931 1098 984 delectat,)
1121 933 1194 987 qui
1225 933 1399 988 quidem
1432 934 1574 980 Quin-

136 997 231 1031 tum
262 1005 404 1032 meum
432 1000 654 1045 tuumque,
676 989 735 1031 dii
759 989 886 1031 boni!
919 990 1283 1043 quemadmodum
1316 1000 1472 1031 tractat
1494 991 1572 1032 ho-

134 1060 256 1098 nore,
277 1047 505 1104 dignitate,
527 1049 696 1104 gratia?
726 1061 811 1089 non
836 1061 973 1097 secus,
996 1061 1045 1088 ac
1068 1047 1099 1087 si
1123 1061 1206 1103 ego
1226 1061 1365 1088 essem
1388 1048 1570 1104 impera-

134 1112 219 1145 tor.
249 1105 291 1136 66
306 1104 488 1146 hiberna
508 1104 726 1161 legionum
749 1103 938 1159 eligendi
962 1103 1085 1160 optio
1107 1104 1248 1145 delata
1278 1106 1572 1155 commodum,

133 1169 185 1202 ut
205 1161 258 1202 ad
280 1176 349 1203 me
371 1162 534 1203 scribit.
565 1162 681 1203 hunc
702 1170 749 1202 tu
773 1175 859 1202 non
882 1162 1027 1203 ames?
1057 1175 1185 1216 quem
1209 1161 1341 1217 igitur
1364 1161 1571 1203 istorum?

135 1218 222 1260 Sed
256 1218 361 1260 heus
384 1229 444 1271 tu,
475 1219 512 1252 67
529 1220 837 1274 scripseramne
868 1218 963 1268 tibi,
994 1232 1062 1258 me
1091 1232 1183 1259 esse
1214 1218 1405 1274 legatum
1443 1219 1571 1260 Pom-

132 1276 263 1331 peio?
293 1285 337 1317 et
357 1286 481 1317 extra
505 1277 653 1317 urbem
675 1274 850 1331 quidem
874 1274 966 1316 fore
992 1289 1047 1316 ex
1081 1274 1194 1316 Idib.
1224 1275 1325 1317 Jan.
1346 1279 1359 1317 ?
1418 1276 1570 1317 Visum

134 1341 201 1373 est
231 1333 314 1374 hoc
345 1333 451 1375 mihi
483 1333 536 1375 ad
564 1333 700 1374 multa
729 1332 952 1388 quadrare.
986 1332 1059 1373 sed
1089 1332 1192 1388 quid
1228 1332 1378 1388 plura?
1409 1348 1570 1384 eoram,

135 1389 307 1447 opinor,
324 1390 513 1446 reliqua;
542 1391 581 1422 63
595 1400 644 1432 ut
667 1399 712 1431 tu
730 1399 874 1431 tamen
893 1389 1056 1445 aliquid
1073 1400 1314 1446 exspectes
1355 1389 1571 1447 Dionysio

116 1520 270 1554 ‘persona
302 1515 442 1553 dictum,
467 1520 506 1546 ut
539 1516 575 1546 in
610 1515 728 1552 altero,
751 1524 827 1545 cum

128 1558 260 1588 omnino
272 1567 312 1588 ne
325 1563 458 1589 senatus
469 1558 598 1598 quidem
597 1557 735 1598 suisset.
757 1558 827 1588 Ita-

129 1608 194 1639 que
207 1599 337 1630 videtur
351 1610 419 1631 esse
433 1601 550 1631 debere
564 1605 648 1631 erat.

170 1642 209 1672 61
232 1651 298 1672 non
317 1644 423 1674 verbis
438 1643 507 1683 sed]
532 1644 631 1674 verba
653 1651 826 1682 opponun-

124 1686 185 1714 tur
197 1685 303 1715 rebus.
324 1695 373 1716 eae
389 1690 469 1716 sunt
487 1686 522 1716 in
543 1686 739 1722 nominibus,
749 1694 827 1725 per-

127 1727 366 1766 scriptionibus,
388 1728 510 1759 talmlis
535 1730 729 1758 multorum.
759 1728 826 1768 pri-

129 1777 224 1799 mum
240 1774 302 1806 est,
319 1770 457 1802 nomina
479 1770 594 1806 fecere,
608 1771 673 1801 suis
693 1774 728 1800 et
749 1769 840 1801 con-'

128 1810 240 1841 sulum
253 1812 389 1843 illorum
397 1812 530 1844 tabulis.
550 1814 597 1854 (v.
612 1812 706 1845 Clav.
724 1813 758 1843 in
772 1823 828 1843 no-

129 1852 229 1893 men.)
256 1853 413 1893 alterum,
435 1855 523 1897 apud
548 1856 751 1896 argentarios
775 1856 827 1887 vel

129 1895 332 1927 feneratores
345 1898 383 1928 iis
400 1898 574 1938 pecuniam
588 1897 725 1928 eandem
748 1899 827 1928 assi·

129 1946 284 1976 gnavere,
299 1945 339 1970 ut
352 1940 392 1971 ab
408 1941 447 1971 iis
469 1940 669 1981 acciperent,
685 1940 771 1980 iique
787 1941 826 1971 fi-

128 1979 204 2010 dem
217 1979 298 2011 adeo
311 1990 404 2012 suam
420 1992 480 2023 pro
500 1983 540 2013 iis
558 1983 759 2022 obligarent.
779 1983 823 2024 (v.

127 2021 223 2053 Clav.
239 2022 274 2052 in
283 2023 509 2064 perscribere.)
527 2024 666 2064 denique
680 2025 822 2056 aliorum

128 2063 312 2095 multorum
328 2066 363 2096 in
384 2066 519 2105 tabum,
533 2067 651 2105 fecere,
666 2073 705 2097 ut
721 2078 760 2098 ea
773 2077 824 2098 res

127 2106 339 2144 scriberetur,
362 2110 480 2148 quibus
508 2110 646 2140 testium
672 2109 745 2140 loco
773 2111 824 2140 uti

126 2153 284 2189 possent:
322 2155 470 2191 essetque
508 2151 602 2189 ade0,
633 2156 673 2183 ut
708 2151 824 2183 Cicero

125 2190 206 2238 alibi
228 2190 321 2228 dicit,
341 2193 523 2225 multorum
545 2194 668 2225 tabulis
689 2198 822 2225 testata.

125 2236 175 2265 xta
197 2234 290 2264 omni
315 2235 444 2267 ratione
473 2240 609 2268 cautum
636 2235 825 2269 consulibus

125 2280 211 2307 erat.

167 2319 210 2350 62
232 2319 284 2350 Ῑιίι·
297 2319 424 2361 Appius
444 2325 518 2352 erat
535 2320 622 2351 idem
637 2320 712 2360 δια]
758 2322 824 2363 Ap-

124 2360 199 2402 pius
222 2361 376 2400 Pulcher,
401 2361 486 2394 alter
499 2363 636 2394 Consul.
660 2373 778 2404 nempe
797 2366 823 2395 is

123 2408 204 2434 ante
221 2406 295 2444 Jam
320 2405 400 2436 satis
425 2405 558 2437 infamis
581 2411 653 2437 erat
677 2411 713 2438 ct
744 2417 822 2437 con-

124 2449 263 2477 temtus.
283 2447 393 2486 itaque
404 2457 446 2478 ea
460 2457 523 2486 res,
537 2458 736 2488 quamquam
751 2454 823 2480 tur-

123 2488 188 2529 pis,
212 2488 296 2519 nihil
319 2490 451 2530 majoris
472 2490 619 2521 infamiae
641 2490 822 2530 afferebat3

123 2540 195 2568 seu,
217 2535 257 2562 ut
279 2530 452 2564 Manutius
477 2533 728 2574 interpretatur,
752 2543 820 2564 non

125 2573 396 2605 commovebatur
409 2575 520 2605 animo
536 2585 576 2606 ex
589 2585 629 2606 ea
641 2576 822 2616 turpitudi-

124 2622 179 2645 ne.
200 2617 299 2652 alter,
315 2616 484 2648 Domitius
504 2616 754 2656 Ahenobarbus,
765 2619 820 2658 ja-

123 2659 254 2688 cturam
266 2659 372 2689 omnis
387 2660 640 2691 existimationis
653 2660 806 2692 faciebat.

165 2699 207 2729 63
225 2701 326 2738 plane
339 2700 535 2742 refrixerat]
570 2702 713 2733 Omnem
727 2713 820 2743 spem

123 2740 313 2772 consulatus
324 2743 475 2783 potiundi
488 2744 654 2781 amiserat,
666 2746 820 2785 pactione

121 2781 183 2813 issa
197 2782 338 2822 sublata,
353 2794 412 2816 suo
434 2787 572 2818 consilio
589 2787 694 2819 altero
710 2788 822 2819 candi-

122 2823 210 2898 ‹tiiatz
231 2823 381 2858 Domitio
408 2828 548 2860 Calvino
583 2839 652 2861 non
683 2840 821 2862 consen-

153 2875 194 2897 en
212 2876 241 2898 e.

160 2908 204 2941 64
224 2912 256 2942 ee
273 2919 308 2942 eo
324 2913 431 2953 magis
445 2922 534 2947 nunc
549 2914 697 2955 cogitare
715 2914 821 2948 dicta-

871 1519 986 1545 turam
1001 1514 1074 1553 &c.]
1123 1515 1205 1545 Haec
1219 1519 1269 1546 est
1284 1515 1383 1546 lectio
1397 1514 1449 1546 ed.
1467 1515 1567 1547 Rom.

869 1558 931 1588 nisi
952 1558 1038 1597 quod
1059 1569 1075 1587 e
1098 1558 1241 1597 vestigiis
1263 1558 1345 1588 Mss.
1369 1558 1491 1588 factum
1515 1564 1567 1589 est

868 1602 1014 1639 cogitare
1029 1609 1088 1639 pro
1104 1603 1277 1637 concitare,
1293 1605 1327 1630 et
1342 1601 1477 1630 licentioe
1491 1611 1508 1630 e
1525 1602 1565 1630 li·

869 1643 986 1673 centia.
1031 1642 1146 1673 Lectio
1169 1643 1376 1673 Gruterianae
1398 1642 1565 1679 editionis,

869 1686 941 1723 cogi
955 1683 1087 1726 ἀκηδείᾳ,
1101 1689 1173 1715 tum
1177 1685 1291 1726 fluere
1294 1683 1429 1725 justitio
1444 1689 1474 1715 et
1488 1695 1516 1715 o.
1533 1696 1565 1716 r.

869 1728 1013 1765 licentia,
1029 1734 1079 1759 est
1095 1739 1112 1758 e
1132 1728 1335 1758 correctione
1356 1727 1459 1758 Bosii.
1508 1727 1566 1758 Co-

866 1770 980 1808 gitare
1000 1771 1215 1807 dictaturam,
1239 1779 1307 1800 non
1329 1775 1366 1799 ut
1389 1770 1457 1810 ipse
1480 1771 1565 1800 acci-

869 1817 974 1852 peret,
997 1812 1053 1843 sed
1075 1819 1115 1844 ut
1136 1813 1322 1852 Pompeius,
1344 1821 1408 1851 quo
1431 1818 1566 1843 auctore

868 1856 1055 1894 pactionem
1078 1855 1292 1886 enunciarat:
1322 1863 1399 1884 uam
1421 1853 1566 1884 dictatu-

869 1906 939 1927 ram
954 1898 1065 1928 animo
1085 1898 1224 1937 agitasse
1243 1896 1448 1936 Pompeium,
1465 1906 1565 1936 supra

867 1939 1008 1976 dictum,
1026 1940 1148 1971 famam
1161 1939 1288 1970 tulisse.
1310 1939 1381 1969 vide
1397 1937 1437 1969 ad
1450 1939 1494 1979 Q.
1511 1939 1536 1970 F
1538 1949 1563 1970 r.

867 1980 933 2018 111,
952 1985 982 2013 8.
999 1988 1084 2013 extr.

909 2024 949 2054 65
974 2024 1171 2056 Seleuciam
1182 2023 1255 2064 pru]
1303 2024 1356 2055 Sic
1376 2022 1447 2054 edd.
1465 2033 1512 2063 pr.
1529 2030 1565 2055 et

866 2065 946 2096 Mss.
971 2066 1116 2107 plerique
1140 2066 1335 2106 intelligunt
1358 2066 1482 2106 Syriam
1506 2075 1564 2096 scu

867 2107 1030 2140 Ciliciam.
1045 2109 1078 2139 in
1092 2113 1231 2148 utraque
1242 2114 1293 2139 est
1306 2109 1384 2139 urbs
1405 2107 1564 2139 Seleucia.

865 2151 982 2182 Bosius
998 2162 1016 2181 e
1032 2151 1112 2182 Mss.
1128 2152 1194 2181 suis
1208 2151 1308 2182 edidit
1323 2151 1500 2181 Silia-ianoe.

908 2193 950 2224 66
971 2194 1141 2225 hibernam
1157 2195 1314 2232 legionem
1327 2193 1468 2232 eligendi
1482 2193 1565 2232 optio

867 2236 993 2276 delata]
1031 2236 1113 2267 Haec
1131 2236 1202 2266 sine
1223 2235 1322 2266 dubio
1341 2235 1459 2265 vitiosa
1473 2241 1563 2266 sunt.

867 2279 1005 2309 hiberna
1024 2279 1107 2317 legio
1121 2278 1216 2309 nihili
1238 2282 1300 2308 est.
1345 2278 1431 2307 Puto
1453 2277 1564 2316 legen-

867 2321 957 2358 dum,
973 2325 1005 2351 et
1017 2322 1152 2351 hiberna
1165 2321 1328 2359 legionum
1341 2320 1482 2358 eligendi
1493 2330 1519 2350 o.
1531 2320 1564 2350 d.

867 2373 945 2394 nam
958 2363 1115 2402 legiones,
1124 2363 1240 2402 quibus
1253 2367 1405 2402 praeerat,
1417 2366 1562 2392 mutatas

866 2415 934 2436 non
950 2405 1104 2436 credibile
1121 2409 1183 2436 est.
1227 2404 1365 2445 Accepit
1384 2410 1496 2434 autem
1513 2403 1565 2434 hi-

865 2447 968 2478 berna
981 2448 1016 2478 in
1025 2447 1168 2484 Nerviis,
1181 2446 1222 2477 ad
1236 2447 1277 2487 Q.
1293 2447 1346 2477 Fr.
1363 2446 1427 2483 111,
1440 2449 1469 2477 Β.
1496 2446 1565 2476 Fir-

865 2495 936 2521 mat
952 2490 1043 2520 locus
1057 2489 1144 2520 infra
1153 2500 1205 2530 ep.
1219 2493 1270 2520 21.
1284 2489 1340 2520 ubi
1354 2488 1469 2520 Cicero
1484 2488 1565 2518 dicit

863 2542 897 2562 se
929 2533 1066 2563 fratrem
1101 2532 1243 2562 hibernis
1269 2530 1464 2572 proefecisse.
1503 2540 1564 2560 nec

860 2574 1011 2606 dubitavi
1025 2575 1072 2605 sic
1087 2575 1260 2614 corrigere.

906 2617 943 2651 67
967 2617 1204 2657 scripseramne
1227 2614 1300 2655 tibi]
1338 2614 1404 2645 Aut
1440 2614 1564 2645 intelli-

863 2659 1023 2699 gendum,
1058 2668 1169 2689 nonne
1203 2659 1397 2698 scripseram
1412 2669 1422 2694 ;
1468 2659 1562 2696 cujus

863 2702 992 2741 generis
1006 2705 1040 2732 et
1054 2701 1120 2733 alia
1133 2700 1286 2741 exempla
1299 2704 1377 2729 sunt
1394 2709 1447 2738 ap.
1467 2699 1561 2728 Cice·

863 2754 980 2775 ronem
996 2748 1113 2775 notata
1127 2755 1136 2781 ;
1160 2744 1186 2773 si
1201 2748 1315 2774 tamen
1329 2746 1407 2771 sunt
1429 2741 1498 2770 sine
1514 2741 1561 2769 vi-

863 2787 930 2817 tio:
955 2792 1015 2817 aut
1028 2796 1070 2816 ‘ne
1084 2785 1271 2820 delendum.
1286 2783 1372 2824 quod
1387 2782 1512 2812 malim.

906 2829 947 2860 63
969 2833 1008 2859 ut
1031 2833 1068 2858 tu
1088 2832 1200 2858 tamen
1216 2825 1291 2866 &c.]
1321 2823 1418 2864 Quod
1442 2834 1480 2855 ex
1505 2833 1561 2854 me

864 2871 934 2911 ipso
961 2870 1083 2902 audias.
1110 2871 1153 2900 ob
1175 2879 1247 2900 eam
1271 2876 1403 2899 causam
1424 2875 1458 2897 se
1479 2866 1564 2900 dicit,

863 2914 1041 2954 scripsisse,
1057 2922 1168 2944 coram
1183 2911 1321 2952 reliqua,
1337 2914 1376 2940 ut
1391 2915 1511 2949 speret,
1526 2917 1561 2939 se

806 2962 938 3000 unci
