1940 3231
716 129 924 169 LIBER
958 130 1031 167 111.
1510 133 1587 172 933

142 233 381 278 «rhetorem.
436 235 512 279 De
530 235 624 293 ejus
647 236 888 277 eruditione
910 234 1025 290 quod
1048 233 1230 284 labores,
1252 232 1358 274 nihil
1380 239 1458 285 est,
1480 248 1588 289 quo-

148 293 267 334 niam
290 295 512 350 ingenium
535 295 627 350 ejus
651 293 790 334 nosti:
824 294 1012 334 studium
1045 306 1127 347 ego
1151 291 1292 332 video.
1323 301 1464 331 cetera
1494 291 1587 346 ejus

146 351 355 407 suscipiO,
378 362 427 394 ut
448 367 516 393 me
537 361 684 408 putem
717 360 920 406 praestare
951 350 1119 391 debere.
1183 348 1421 389 Gabinium
1452 350 1624 390 2³3ioes5

146 407 293 450 adhuc
315 409 524 450 factiones
556 406 800 464 postulant:
836 408 884 449 L.
910 407 1131 457 Lentulus,
1155 405 1341 446 flaminis
1364 405 1491 455 filius,
1514 406 1587 460 qui

139 462 236 518 jam
270 467 324 507 de
360 467 586 522 majestate
618 465 877 520 postulavit:
918 464 985 506 Ti.
1023 465 1139 505 Nero
1182 479 1279 505 cum
1324 462 1447 503 bonis
1490 465 1590 502 sub-

145 522 457 578 scriptoribus:
492 523 544 564 C.
575 522 813 564 Memmius
845 523 1042 563 tribunus
1076 522 1211 578 plebis
1244 535 1343 561 cum
1376 520 1425 560 L.
1458 519 1590 575 Capi-

148 585 265 621 tone.
302 581 355 622 ad
388 581 539 621 urbem
568 582 749 623 accessit
783 596 822 621 a.
844 580 886 620 d.
911 595 986 621 ΧΠ
1017 580 1115 620 Kal.
1143 579 1325 620 Octobr.
1360 576 1467 618 nihil
1501 588 1591 617 tur-

146 636 261 691 pius,
283 652 362 679 nec
395 638 618 680 desertius.
653 639 723 679 sed
758 637 825 678 his
852 637 1031 692 judiciis
1067 637 1170 677 nihil
1199 636 1335 676 audeo
1359 634 1590 676 confidere.

146 694 281 741 Quod
305 695 418 736 Cato
440 711 528 737 non
553 697 736 747 valebat,
759 695 902 736 adhuc
923 695 975 735 de
1007 694 1201 751 pecuniis
1232 693 1480 748 repetundis
1504 707 1593 733 non

147 761 240 792 erat
262 753 518 808 postulatus.
581 753 817 809 Pompeius
840 768 864 793 a
895 767 963 793 mc
988 753 1107 793 valde
1138 751 1364 792 contendit
1395 750 1497 790 ‘2⁴de
1528 765 1593 790 re-

146 808 242 850 ditu
267 811 310 850 in
344 812 555 867 gratiam:
589 812 660 852 sed
697 810 839 852 adhuc
874 811 978 851 nibil
1016 809 1230 865 profecit:
1265 823 1358 859 nec,
1392 808 1424 847 si
1463 807 1594 848 ullam

143 875 316 923 partem
338 868 549 910 libertatis
573 870 744 919 tenebo,
769 867 980 924 proficiet.
1040 866 1154 908 Tuas
1176 866 1339 907 litteras
1364 864 1593 906 vehemen-

146 935 216 964 ter
232 934 457 982 exspecto·
489 927 620 973 Quod
639 927 790 967 scribis
809 935 850 965 te
872 926 1054 975 audisse,
1076 925 1116 965 iu
1141 924 1467 965 candidatorum
1490 937 1594 963 con-

145 981 355 1024 sularium
389 984 581 1025 coitione
614 998 682 1024 me
716 982 975 1034 interfuisse,
999 984 1039 1023 id
1075 982 1229 1023 salsum
1263 991 1341 1022 est.
1378 980 1591 1035 ejusmodi

147 1040 265 1080 enim
306 1042 528 1097 pactiones
570 1042 612 1095 iu
650 1056 701 1082 ea
739 1041 929 1095 coitione
971 1041 1098 1081 factae
1142 1050 1256 1089 sunt,
1295 1054 1400 1094 quas
1444 1048 1595 1094 postea

148 1096 388 1140 Memmius
412 1099 633 1155 patefecit,
657 1109 705 1139 ut
728 1113 853 1139 nemo
889 1099 1024 1139 bonus
1057 1099 1262 1138 interesse
1292 1096 1513 1138 debuerit:
1547 1105 1591 1136 et

145 1155 279 1197 simul
299 1156 406 1198 mihi
427 1157 791 1199 committendum
814 1171 899 1197 non
934 1156 1030 1207 fuit,
1054 1165 1103 1196 ut
1133 1155 1200 1195 his
1230 1154 1495 1195 coitionibus
1530 1153 1592 1195 in-

150 1222 368 1266 tei-essem,
388 1215 546 1269 quibus
579 1213 770 1255 Messala
799 1214 1128 1263 exclucleretur3
1159 1212 1230 1253 cui
1261 1211 1436 1267 quidem
1466 1211 1593 1251 vehe-

150 1280 319 1312 menter
341 1271 561 1313 satisfacio
585 1274 709 1313 rebus
733 1273 958 1314 omnibus:
992 1281 1040 1313 ut
1061 1271 1262 1319 arbitror,
1283 1270 1413 1309 etiam
1449 1268 1592 1309 Mem-
1604 1289 1634 1320 p.
1651 1279 1727 1310 321.

148 1328 256 1370 mio.
320 1328 519 1370 Domitio
551 1330 632 1385 ipsi
664 1330 801 1371 multa
825 1330 916 1385 jam
952 1329 1050 1379 feci,
1071 1343 1168 1384 quae
1194 1327 1342 1376 voluit,
1364 1342 1548 1382 quaeque
1570 1335 1635 1368 aa.

149 1400 220 1427 me
242 1387 412 1444 petivit.
474 1387 684 1429 Scaurum
717 1388 929 1429 beneficio
956 1385 1218 1428 deFensiouis
1244 1385 1365 1425 valde
1387 1384 1596 1440 obligavi.

146 1444 293 1486 adhuc
319 1454 412 1486 erat
433 1445 556 1487 valde
586 1445 815 1495 incertum,
837 1455 880 1486 et
903 1445 1075 1500 quando
1106 1442 1299 1492 comitia,
1322 1452 1362 1483 et
1387 1442 1459 1496 qui
1493 1458 1597 1483 con-

146 1502 262 1543 ·sules
285 1502 418 1545 futuri
443 1514 599 1544 essent.
643 1503 754 1544 Cum
781 1503 891 1544 ban<-
908 1505 1000 1558 jam
1025 1501 1253 1557 epistolam
1275 1500 1596 1556 complicarem,

148 1559 363 1601 tabellarii
386 1576 411 1601 a
432 1561 556 1601 vobis
578 1571 784 1601 venerunt
807 1576 844 1602 a.
869 1562 910 1602 d.
935 1575 987 1600 xi
1015 1559 1114 1600 Kal.
1138 1561 1258 1614 Sept.
1284 1558 1488 1598 vicesimo
1512 1558 1597 1599 die.

151 1617 194 1659 O
212 1632 280 1658 me
302 1617 556 1660 sollicitum!
579 1628 790 1673 quantum
813 1633 896 1675 ego
918 1617 1034 1658 dolui
1059 1618 1103 1657 in
1126 1615 1310 1656 Caesaris
1334 1616 1602 1657 suavissimis

150 1675 327 1717 litteris!
360 1676 434 1717 sed
455 1691 542 1731 quo
571 1687 695 1717 erant
723 1677 954 1726 suaviores,
978 1690 1028 1717 eo
1051 1674 1261 1730 majorem
1285 1673 1475 1714 dolorem
1499 1673 1599 1714 25ἰὶ-

151 1733 234 1775 {ius
265 1733 336 1774 ille
366 1748 490 1775 casus
520 1733 744 1775 afferebat.
806 1734 889 1775 Sed
922 1733 974 1774 ad
999 1745 1092 1774 tuas
1114 1731 1239 1774 venio
1262 1731 1440 1772 litteras.
1504 1730 1600 1772 Pri-

151 1805 272 1832 mum
294 1801 412 1831 tuam
435 1792 750 1832 remansionem
773 1793 904 1832 etiam
926 1801 1055 1847 atque
1082 1790 1210 1831 etiam
1245 1789 1398 1845 probo,
1422 1803 1600 1844 praeser-

153 1849 234 1890 tim
256 1863 370 1900 cum,
395 1859 441 1890 ut
465 1849 633 1900 scribis,
654 1864 754 1891 cum
787 1849 961 1891 Caesare
991 1847 1341 1890 communicari&
1403 1846 1599 1903 Oppium

153 1907 287 1948 miror
312 1906 548 1962 quidquam
578 1922 678 1948 cum
713 1907 926 1951 Publilio:
961 1907 1067 1948 mihi
1099 1905 1213 1947 enim
1247 1919 1331 1945 non
1365 1904 1599 1960 placuerat.

156 1965 287 2012 Quod
311 1965 514 2006 interiore
533 1964 719 2021 epistola
740 1965 907 2017 scribis,
929 1980 998 2006 me
1022 1964 1135 2005 Idib.
1158 1963 1278 2019 Sept.
1306 1962 1517 2018 Pompeio
1540 1962 1600 2002 le-

155 2032 304 2079 gatum
329 2023 403 2064 iri:
435 2023 480 2063 id
500 2037 584 2079 ego
606 2037 693 2064 nou
724 2023 886 2074 audivi,
909 2024 1146 2079 scripsique
1179 2020 1230 2062 ad
1267 2019 1499 2068 Caesarem,
1523 2019 1600 2063 Vi-

155 2080 339 2122 bullium
373 2080 559 2121 Caesaris
603 2081 808 2122 mandata
844 2081 946 2123 26de
989 2096 1084 2122 mea
1115 2078 1338 2120 mansione
1369 2078 1421 2119 ad
1466 2077 1599 2118 Pom—

154 2138 301 2194 peium
324 2138 564 2193 pertulisse,
587 2153 666 2180 nec
689 2139 740 2180 ad
763 2139 974 2195 Oppium.
996 2153 1083 2194 quo
1106 2136 1310 2178 consilio?
1334 2150 1598 2190 quamquam

155 2196 351 2252 Oppium
384 2210 467 2252 ego
505 2197 640 2247 tenui,
676 2197 792 2252 quod
835 2197 1046 2254 27pri0res
1089 2206 1231 2252 partes
1274 2193 1419 2235 Bibuli
1460 2204 1598 2234 erant.

154 2269 254 2296 cum
277 2268 328 2294 eo
351 2255 465 2294 enim
489 2257 684 2295 2geor-am
716 2254 888 2296 Caesare
919 2265 1081 2311 egerat,
1103 2253 1156 2294 ad
1189 2251 1383 2308 Oppium
1417 2252 1598 2307 scripse-

154 2322 234 2353 rat.
298 2310 394 2368 Ego
432 2326 533 2352 vero
577 2312 711 2354 nullas
752 2314 899 2368 ὃευτὲςας
932 2313 1106 2367 φξοντίδοις
1149 2310 1307 2352 habere
1343 2324 1518 2365 possum
1555 2309 1601 2349 iu

156 2369 342 2411 Caesaris
374 2370 517 2410 rebus.
556 2370 626 2411 ille
658 2368 764 2410 mihi
802 2369 1035 2411 secundum
1078 2379 1118 2409 te
1155 2381 1198 2409 et
1234 2367 1390 2408 liberos
1428 2376 1601 2408 nostros

153 2428 217 2469 ita
236 2437 316 2477 est,
341 2437 388 2467 ut
409 2428 465 2469 sit
487 2442 611 2484 paene
634 2443 724 2483 par.
753 2427 901 2470 videor
923 2427 965 2468 id
982 2426 1153 2482 judicio
1186 2425 1340 2467 facere.
1366 2425 1460 2479 jam
1484 2424 1597 2465 enim

149 2485 314 2527 debeo:
347 2485 420 2527 sed
445 2496 589 2527 tamen
604 2499 756 2527 ,amore
788 2500 880 2527 sum
913 2485 1127 2526 incensus.
1190 2482 1303 2525 Cum
1335 2478 1641 2538 scripsissemss

197 2619 237 2649 93
261 2621 326 2648 tres
337 2616 519 2658 fite-tiones]
551 2618 791 2648 Accusatorum
821 2622 856 2647 et
899 2617 1015 2647 Romae
1035 2624 1182 2653 manere,
1200 2624 1266 2646 non
1281 2614 1430 2655 legatum
1455 2613 1603 2653 Pompeii

155 2660 427 2700 subscriptorum.
900 2659 983 2690 fieri.

199 2705 240 2734 24
262 2704 301 2733 de
314 2704 423 2735 redita
437 2706 471 2735 in
490 2704 657 2744 gratiam]
685 2704 768 2734 Cum
792 2703 857 2733 Ga-
943 2705 982 2736 27
994 2702 1122 2741 priores
1129 2704 1243 2740 partes
1255 2700 1372 2733 Bibule·
1389 2698 1499 2737 erant]
1531 2697 1602 2728 Ma-

154 2746 259 2777 binio.
902 2748 1016 2775 nutius
1034 2744 1170 2775 Vibulli&
1191 2743 1367 2783 legendum
1392 2747 1502 2780 putat,
1517 2740 1609 2780 quud,

203 2790 244 2819 25
267 2788 358 2818 ‘illius
371 2791 426 2822 ille
438 2790 546 2829 casus]
572 2789 746 2819 Manutius
762 2787 860 2818 intel-
904 2787 1014 2818 Cacsar
1028 2795 1062 2818 et
1077 2786 1216 2819 Bibulus
1232 2796 1298 2816 nou
1315 2790 1410 2815 eraut
1425 2784 1533 2813 amici.

156 2830 216 2871 ligi
234 2837 332 2870 putat
341 2833 508 2872 jacturam
526 2833 660 2862 naxium
676 2831 859 2861 multarum
947 2832 986 2861 <23
1004 2840 1116 2861 coram
1140 2828 1265 2859 Caesare
1280 2827 1408 2867 egerat]
1428 2826 1513 2857 Puto
1529 2825 1607 2855 scri-

159 2876 192 2905 {n
208 2873 354 2911 Oceano,
371 2875 410 2907 de
426 2885 491 2915 qua
506 2875 588 2906 Caes.
604 2874 643 2904 B.
661 2874 700 2904 G.
716 2873 777 2911 lv,
793 2876 845 2906 ¹29.
907 2872 1050 2903 bendum
1072 2873 1190 2911 (imas.

197 2917 242 2952 :26
271 2918 310 2948 de
338 2927 412 2950 mea
441 2917 623 2959 mansione]
655 2916 713 2948 Me
743 2926 862 2957 cupere

812 2964 843 3008 ‚3
869 2972 896 2998 ο
917 2964 946 3014 „3⁸
