1940 3231
342 144 421 183 726
769 134 948 174 EPIST,
975 134 1055 173 AD
1082 133 1368 181 ATTICUM,
1394 135 1407 143 ‘

346 251 426 293 est,
456 250 500 283 et
532 241 691 287 dolore.
747 239 1002 281 Extremum
1034 249 1100 281 est
1131 254 1294 290 eorum,
1316 239 1388 294 qui
1417 238 1460 280 in
1481 237 1647 280 Achaia
1669 246 1781 282 sunt.

345 301 375 340 ii
403 310 545 341 tamen
567 300 647 355 ipsi
672 313 714 338 se
733 298 817 338 hoe
837 298 985 338 melius
1005 297 1179 347 liabent,
1197 312 1325 352 quam
1349 311 1440 346 nos,
1460 297 1573 351 quod
1594 306 1638 336 et.
1659 297 1784 337 multi

348 368 447 397 sunt
480 372 564 397 uno
600 358 642 396 iu
675 355 796 401 loco;
829 364 871 394 et
904 369 1002 395 cum
1039 356 1080 394 in
1117 354 1287 394 [taliam
1321 354 1528 403 venerint,
1556 353 1785 394 36cl0mum

348 414 493 455 statim
517 413 724 453 venerint.
787 411 898 451 Haec.
935 422 976 450 tu
1005 425 1148 466 perge,
1170 423 1218 451 ut
1241 410 1361 462 facis,
1385 412 1598 466 mitigare,
1621 420 1663 450 et
1684 423 1784 464 pro-

347 472 450 512 bare
488 468 828 526 quamplurimis.
891 467 1021 512 Quod
1061 477 1103 507 te
1138 481 1342 509 excusas:
1375 482 1456 523 ego
1487 482 1585 507 vero
1618 478 1661 506 ct
1691 477 1785 506 tuas

350 542 499 569 causas
535 542 690 576 nosco3
722 535 765 565 et
789 537 883 563 mea
917 525 1119 564 interesse
1155 536 1274 579 puto,
1309 534 1350 565 te
1386 526 1482 565 istic
1518 537 1623 573 esse,
1652 522 1717 563 vel
1738 531 1788 562 ut

351 599 449 625 cum
490 584 553 632 iis,
587 583 742 637 quibus
778 580 1017 635 oportebit,
1040 595 1156 636 agas,
1180 596 1275 635 quae
1299 591 1423 621 erunt
1445 581 1611 634 agenda
1633 579 1686 620 de
1710 593 1789 619 no-

351 642 433 687 bis,
455 649 501 680 ut
522 654 572 680 ea
593 653 689 694 quae
710 638 834 693 egisti
853 655 863 688 3
888 637 928 677 in
951 637 1184 692 primisque
1206 638 1288 677 hoc
1311 638 1434 678 velim
1457 633 1786 678 animadvertas.

350 698 510 738 multos
532 711 622 737 esse
644 696 843 743 arbitror,
866 694 937 748 qui
963 694 1014 733 ad
1040 694 1254 734 Caesarem
1285 694 1529 746 detulerim,
1551 693 1788 735 delaturive

354 756 454 804 sint,
479 769 545 794 mc
576 763 649 793 aut
680 752 894 808 poenitere
925 751 1092 791 consilii
1127 751 1224 801 mei,
1247 759 1321 790 aut
1352 765 1437 791 non
1470 753 1662 806 probare,
1690 764 1789 805 quae

354 812 486 852 fiant:
519 825 701 865 quorum
725 809 803 849 etsi
825 819 1053 862 utrumque
1077 821 1223 847 verum
1245 817 1336 859 est3
1367 816 1509 847 tamen
1539 809 1591 848 ab
1623 807 1702 848 illis
1725 808 1791 846 di-

355 870 468 909 citur
499 869 644 908 animo
677 882 701 907 a
735 880 801 905 me
835 864 1034 914 alienato,
1058 879 1142 904 non
1166 878 1251 919 quo
1284 864 1343 904 ita
1373 865 1681 919 perspexerint.
1717 863 1791 903 sed

315 935 498 968 §.totum
537 935 583 965 ut
620 925 702 964 hoc
737 922 898 964 Balbus
933 922 1154 971 sustineat,
1188 930 1231 961 et
1254 920 1438 976 Oppius,
1464 930 1674 961 eteorum
1699 934 1791 961 cre-

312 991 344 1012 a.
361 984 446 1024 bris
465 983 618 1022 litteris
638 981 747 1022 illius
766 979 962 1020 voluntas
982 993 1084 1032 erga
1102 992 1170 1019 me
1189 978 1482 1029 confirmetur,
1502 986 1544 1018 et
1564 977 1646 1018 hoc
1670 975 1794 1032 plane

357 1050 406 1095 ut
439 1040 528 1090 fiat,
562 1037 831 1094 diligentiam
866 1035 1106 1076 adhibebis.
1158 1034 1354 1075 Alterum
1388 1045 1466 1086 est,
1489 1049 1564 1075 cur
1589 1043 1630 1074 te
1661 1033 1795 1074 nolim

356 1097 600 1147 (lisceclere3
632 1099 670 1130 37
686 1094 800 1150 quod
835 1093 985 1134 scribis
1018 1091 1202 1133 Tulliam
1225 1092 1477 1146 efflagitare.
1503 1105 1530 1132 o
1556 1105 1644 1131 rem
1666 1090 1794 1131 mise-

356 1156 467 1197 ram!
506 1154 607 1209 quid
643 1153 855 1193 scribam?
886 1161 960 1191 aut
993 1149 1096 1205 quid
1131 1149 1289 1190 velim?
1323 1150 1450 1189 breve
1472 1148 1643 1189 faciam.
1669 1147 1793 1188 lacri-

355 1208 441 1253 inae
464 1213 577 1252 enim
601 1225 644 1250 se
667 1210 810 1250 subito
834 1207 1132 1263 profuderunt.
1157 1207 1236 1247 tibi
1268 1206 1493 1261 permitto:
1529 1214 1573 1247 tu
1604 1204 1794 1246 consule.

358 1278 527 1310 tantum
559 1267 670 1317 virle,
704 1280 757 1307 ne
790 1265 873 1305 hoc
907 1264 1112 1320 temporis
1146 1263 1225 1304 tibi
1260 1264 1410 1304 obesse
1446 1262 1607 1317 aliquid
1645 1261 1796 1317 possit.

357 1327 550 1381 ignosce,
573 1325 751 1365 obsecro
775 1331 839 1362 te:
873 1335 958 1361 non
988 1335 1161 1376 possum
1186 1335 1272 1375 prae
1309 1321 1412 1361 fletu
1450 1328 1494 1360 et
1524 1319 1670 1360 dolore
1702 1318 1798 1359 diu-

358 1385 444 1424 tius
480 1384 521 1423 in
553 1382 633 1422 hoc
657 1381 752 1421 loco
775 1378 1046 1420 commorari.
1072 1386 1238 1418 tantum
1263 1377 1418 1426 dicam,
1441 1376 1549 1417 nihil
1571 1375 1676 1416 mihi
1700 1389 1798 1431 gra-

356 1441 444 1492 tius
466 1453 571 1489 esse,
594 1452 722 1493 quam
750 1436 864 1492 quod
899 1450 992 1476 eam
1022 1435 1181 1490 diligis,
1235 1434 1365 1480 Quod
1387 1437 1427 1464 33
1442 1433 1620 1482 litteras,
1641 1433 1798 1488 quibus

357 1506 486 1553 putas
508 1510 617 1552 opus
647 1510 752 1544 esse,
789 1508 911 1534 curas
934 1492 1119 1541 dandas3
1152 1491 1257 1532 facis
1288 1491 1528 1532 commode.
1582 1490 1799 1536 Quintum

360 1554 498 1595 filium
520 1553 624 1603 vidi,
649 1553 721 1608 qui
746 1551 862 1592 Sami
888 1550 1077 1596 vidisset,
1102 1558 1264 1603 patrem
1288 1548 1497 1602 Sicyone:
1521 1561 1703 1602 quorum
1727 1546 1801 1587 de-

360 1611 554 1667 precatio
586 1619 650 1650 est
678 1608 830 1650 facilis.
863 1607 1027 1647 utinam
1055 1605 1129 1655 illi,
1158 1607 1198 1638 39
1211 1605 1282 1659 qui
1309 1606 1424 1660 prius
1454 1603 1574 1644 illum
1598 1603 1799 1653 viderint,

359 1683 432 1710 Ine
469 1667 582 1723 apud
621 1681 718 1706 eum
752 1664 885 1705 velint
916 1663 1111 1717 adjutum
1145 1672 1327 1712 tantum,
1360 1671 1568 1716 quantum
1599 1674 1681 1715 ego
1705 1659 1800 1700 illos

361 1724 531 1775 vellem,
555 1724 589 1764 si
622 1723 724 1778 quid
748 1735 917 1778 possem
938 1721 944 1761 !
981 1719 1111 1766 Quod
1143 1733 1283 1775 rogam,
1308 1729 1355 1759 ut
1375 1720 1418 1759 in
1445 1719 1601 1758 bonam
1635 1726 1801 1772 partem

367 1782 593 1838 accipiam,
615 1782 647 1820 si
671 1794 755 1834 qua
777 1779 864 1819 sint
880 1778 921 1818 in
943 1777 1027 1817 tuis
1051 1774 1219 1825 litteris,
1241 1790 1337 1831 quae
1361 1790 1428 1815 me
1448 1775 1695 1815 mordeant:
1718 1787 1802 1829 ego

363 1854 467 1880 vero
505 1839 547 1878 in
584 1838 820 1892 optimffln3
856 1845 982 1890 teque
1020 1848 1139 1888 rogo,
1179 1842 1224 1873 ut
1250 1842 1410 1888 aperte,
1437 1831 1810 1887 quemadmodum,

363 1895 487 1946 facis,
521 1895 680 1936 scribas
710 1892 763 1934 ad
794 1907 862 1933 me
892 1891 1050 1942 omnia,
1085 1891 1213 1946 idque
1244 1888 1375 1930 facias
1398 1904 1527 1944 quam
1549 1887 1801 1947 saepissime.

367 1953 487 1994 Vale.
513 1967 598 1994 XIV
622 1950 804 1992 Kalend.
827 1949 1003 1992 Januar.

330 2063 356 2098 3
808 2053 1042 2096 CICERO
1073 2051 1301 2093 ATTICO
1336 2052 1380 2093 S.

371 2117 657 2175 QUANTIS
689 2129 800 2170 curis
833 2128 1009 2177 afficiar,
1033 2125 1112 2166 etsi
1146 2125 1342 2181 profecto
1374 2124 1523 2176 vides3
1556 2132 1699 2166 tamen
1730 2140 1804 2166 co-

368 2202 549 2245 gnosces
579 2202 634 2228 ex
668 2186 805 2243 Lepta
835 2196 877 2226 et
907 2184 1126 2225 Trebatio.
1160 2183 1369 2224 maximas
1401 2196 1554 2238 poenas
1577 2183 1718 2238 pendo
1741 2191 1804 2223 te-

410 2345 452 2376 36
476 2345 607 2374 domum
629 2343 739 2373 statim
763 2340 925 2380 venerint]
950 2349 995 2370 sc.
1016 2350 1068 2370 ve-

370 2389 426 2418 nia
440 2398 458 2416 a
469 2388 596 2417 Caesare
609 2387 786 2425 impetrata
802 2384 913 2413 statim
930 2383 1069 2413 Romam

370 2431 416 2459 ire
441 2433 611 2468 poterunt,
641 2437 714 2457 cum
736 2428 803 2466 ipse
829 2425 994 2456 Brundisii
1022 2433 1070 2453 se-

371 2472 466 2501 deam
484 2472 590 2500 miser.

414 2516 453 2545 37
477 2513 561 2552 quod
572 2512 683 2541 scribis
696 2508 905 2551 teflugitclrz]
934 2508 1007 2538 Hoc
1023 2517 1073 2538 sa-

371 2565 452 2585 num
481 2563 548 2583 csse
575 2563 641 2582 non
669 2556 798 2593 potest:
837 2561 914 2580 nam
939 2559 1070 2580 sensum

372 2597 503 2627 nullum
534 2595 641 2625 habet.
679 2593 853 2632 Sequentia
882 2592 1071 2628 ostendunt,

373 2648 556 2669 sermonem
572 2646 640 2666 esse
651 2636 689 2666 (le
703 2635 835 2677 Tullia:
861 2645 954 2664 mox:
971 2645 1072 2673 quam

373 2680 459 2721 quod
485 2690 555 2709 eam
580 2679 700 2716 diligis.
724 2677 795 2707 cdd.
820 2687 868 2715 pr.
893 2677 1017 2707 'liabent
1042 2688 1070 2715 q.

373 2723 486 2753 scribis
506 2720 601 2762 (βίας
610 2722 705 2755 itare,
722 2726 759 2748 ut
781 2723 813 2747 et
835 2718 906 2747 libri
922 2729 983 2748 scr.
1001 2719 1071 2757 qui-

375 2766 448 2795 tiam
467 2764 682 2804 tcfiagflare.
698 2760 784 2790 unde
800 2767 832 2790 ct
845 2760 898 2790 alii
909 2761 981 2797 jani
994 2770 1071 2790 con-

369 2809 478 2844 jivcere
506 2805 651 2836 Tulliam
674 2807 704 2833 te
717 2802 894 2843 flagitare,
914 2811 1016 2841 nuper
1038 2808 1073 2832 et

373 2847 568 2879 Tunsrallus
596 2846 743 2877 Tulliam
766 2842 954 2884 efflagitare
969 2853 1013 2874 sc.
1034 2849 1074 2874 ut

377 2899 525 2922 maneres
555 2889 588 2920 in
615 2888 731 2920 Italian
756 2886 842 2926 quod
869 2885 988 2927 placet,
1013 2895 1073 2917 nec

1112 2339 1257 2370 dubitavi
1280 2339 1433 2379 recipere,
1450 2349 1524 2370 cum
1542 2339 1586 2370 sit
1600 2337 1722 2369 certius
1736 2336 1808 2367 vul·-

1113 2387 1201 2421 gato.

1154 2427 1193 2453 38
1218 2425 1470 2454 literas—curas
1499 2421 1639 2461 dandas]
1665 2421 1808 2462 Nempe,
1842 2420 1847 2426 ’

1113 2475 1187 2495 meo
1205 2467 1337 2496 nomine
1361 2466 1509 2504 scriptas,
1536 2469 1573 2494 ut
1596 2473 1707 2504 supra,
1722 2468 1757 2494 et
1771 2464 1812 2500 in>

1115 2508 1181 2537 fine
1195 2507 1290 2546 hujus
1305 2507 1464 2547 epistolae.

1157 2553 1198 2584 39
1220 2552 1275 2588 qui
1296 2551 1394 2589 prius
1420 2550 1515 2578 illum
1539 2547 1705 2587 viderunt]
1742 2547 1813 2578 Aut

1113 2591 1265 2627 viderint,
1294 2596 1333 2621 ut
1362 2590 1506 2622 Corrado
1531 2590 1668 2630 placuit,
1699 2589 1828 2628 legen-.

1114 2632 1205 2671 dum,
1231 2640 1290 2663 aut
1311 2634 1472 2667 videbunt,
1496 2635 1533 2662 ut
1556 2632 1695 2662 Graevio.
1722 2631 1811 2661 vide-

1112 2680 1193 2705 rzmt
1216 2684 1281 2704 non
1304 2680 1410 2714 potest
1435 2679 1521 2705 stare
1544 2679 1679 2714 propter
1700 2674 1734 2703 τὸ
1757 2682 1829 2709 ves

1115 2719 1195 2747 lint:
1212 2717 1323 2756 itaque
1335 2718 1476 2747 viderint
1489 2716 1649 2755 rescripsi,
1664 2720 1702 2746 ut
1713 2723 1811 2755 quam

1115 2760 1289 2789 minimum
1316 2769 1335 2789 a
1357 2759 1492 2798 vulgato
1515 2758 1709 2788 recederem.
1746 2755 1813 2787 Sed

1116 2802 1161 2831 sic
1183 2802 1219 2833 in
1242 2802 1321 2833 Mss.
1336 2801 1431 2841 regiis
1453 2810 1521 2833 esse
1539 2799 1641 2832 tradit
1655 2799 1810 2832 Aleman-

1117 2852 1190 2877 nus.
