1940 3231
399 176 480 215 280
833 171 1020 214 EPIST.
1046 173 1124 213 AD
1151 174 1422 216 BRUTUM.

404 277 594 334 dignitas
637 277 851 334 majorum
882 279 1158 322 conciliasset
1187 295 1281 322 eam
1314 280 1571 337 potentiam,
1603 279 1676 322 sed
1707 280 1854 324 forma-

403 350 481 391 per
503 336 702 388 dedecus,
726 336 953 392 pecuniam
986 346 1030 379 et
1058 353 1214 379 nomen
1237 338 1382 379 nobile
1401 338 1749 392 consceleratum·
1764 339 1844 381 im-

407 393 619 449 pudicitia
655 394 870 435 dedisset:
906 403 1067 435 veteres
1107 395 1354 436 vulneribus
1386 405 1430 437 et
1462 394 1591 437 aetate
1621 396 1844 438 confectos

406 450 606 493 Julianos
629 451 903 507 gladiatoreS,
925 462 1101 508 egentes
1135 453 1334 509 reliquias
1356 453 1539 494 Caesaris
1569 452 1672 504 ludi,
1694 454 1747 494 ad
1776 469 1847 494 ru-

407 508 507 550 dem
528 508 835 564 compulisset?
867 509 1023 564 quibus
1055 509 1125 551 ille
1155 521 1301 567 septus
1325 511 1472 552 omnia
1502 511 1715 560 misceret,
1737 510 1843 552 nulli

358 562 615 622 ²³·parceret,
639 565 720 606 sibi
745 565 921 608 viveret.
984 567 1072 614 Qui
1096 577 1315 623 tamquam
1342 569 1382 608 in
1406 567 1538 608 dotali
1570 568 1847 609 matrimonio

404 623 716 679 rempublicam
750 632 1008 665 testamento
1039 625 1226 681 legatam
1259 625 1340 666 sibi
1363 625 1594 666 obtineret.
1653 624 1845 666 Audient

402 681 489 722 duo
513 680 641 722 Decii
664 681 821 722 servire
843 696 916 722 eos
937 682 1069 733 cives,
1092 683 1165 738 qui
1188 692 1237 724 ut
1259 682 1458 723 hostibus
1482 683 1756 738 imperarent,
1781 683 1846 724 vi·

400 738 552 780 ctoriae
573 753 616 778 se
638 738 919 779 devoverunt.
967 738 1129 781 Audiet
1153 739 1204 781 C.
1230 739 1398 781 Marius
1422 740 1643 796 impudico
1665 740 1843 780 domino

400 810 551 852 parere
573 810 665 845 nos,
687 796 760 850 qui
785 810 836 836 ne
868 796 1048 837 militem
1072 797 1246 852 quidem
1271 797 1428 838 habere
1451 797 1588 838 voluit
1614 796 1695 837 nisi
1719 797 1843 852 pudi-

400 868 517 894 cum.
578 852 740 894 Audiet
791 853 952 895 Brutus
995 869 1093 895 eum
1135 854 1360 911 populum,
1391 869 1519 909 quem
1553 855 1644 910 ipse
1683 856 1839 910 primo,

402 921 503 966 post
527 911 753 967 progenies
776 911 868 965 ejus
892 927 916 952 a
940 913 1111 968 regibus
1132 912 1344 963 liberavit,
1366 927 1440 968 pro
1463 913 1577 968 turpi
1601 920 1750 967 stupro
1769 911 1842 952 da-

405 978 497 1008 tum
520 969 563 1008 in
587 968 853 1009 servitutem.
915 969 1027 1016 Quae
1053 970 1226 1025 quidem
1260 969 1293 1009 si
1329 969 1443 1010 nullo
1468 969 1566 1020 alio,
1598 983 1666 1009 me
1698 978 1841 1010 tamen

401 1025 670 1066 internuntio
701 1026 753 1066 ad
785 1026 878 1067 illos
910 1027 1105 1068 celeriter
1127 1026 1386 1069 deferentur.
1418 1042 1518 1068 nam
1551 1027 1583 1066 si
1610 1027 1730 1067 vivus
1760 1027 1843 1067 ista

399 1082 699 1140 subterfugere
731 1098 816 1125 non
842 1093 1009 1142 potero,
1033 1100 1118 1127 una
1147 1099 1246 1127 cum
1269 1084 1362 1126 istis
1387 1084 1518 1126 vitam
1541 1083 1668 1126 simul
1690 1083 1840 1141 fugere

398 1140 584 1184 decrevi.
