1940 3231
298 356 327 393 4

200 1762 320 1797 p.2-30.

312 1807 450 1848 ·viu1n
473 1807 677 1857 eundum,
699 1814 743 1847 et
771 1805 944 1861 quidem
970 1819 1054 1846 non
1079 1806 1170 1846 sine
1199 1805 1336 1846 multo
1369 1820 1578 1847 sermone.
1610 1807 1682 1848 sed
1709 1826 1774 1861 μι-

335 145 416 181 -338
752 140 935 180 EPIST.
963 142 1042 180 AD
1069 141 1356 188 ATTICUM,

340 245 523 288 Brutum
547 245 660 304 apud
684 261 752 288 me
774 246 904 288 fuisse
926 247 1115 304 gaudeo:
1147 248 1276 290 modo
1298 257 1341 290 et
1361 247 1544 289 libenter
1574 246 1719 300 fuerit,
1739 255 1783 289 et

339 313 406 345 sat
428 304 517 345 dm'
776 359 1012 402 CICERO
1042 360 1271 405 ATTICO
1304 363 1348 404 s.

340 417 609 471 DECIMO
632 427 816 470 Kalend.
848 428 954 469 hora
977 442 1052 470 ΠΧ
1077 428 1180 482 fere,
1203 446 1228 472 a
1262 432 1319 478 Q.
1343 428 1468 472 Fufio
1493 429 1612 471 venit
1644 426 1780 471 tabel-

337 485 483 538 larius,
505 487 651 527 nescio
674 486 779 540 quid
811 485 865 526 ab
888 500 938 526 eo
970 486 1268 540 litterularum,
1294 488 1356 529 uti
1378 502 1447 528 me
1478 487 1559 528 sibi
1583 487 1780 529 restitue-

338 558 449 586 rem:
488 558 588 585 sane
620 543 792 594 insulse,
819 552 865 583 ut
887 542 1018 585 solet:
1053 543 1135 584 nisi
1159 544 1284 598 forte,
1306 561 1403 601 quae
1428 559 1512 586 non
1535 559 1666 596 ames,
1687 558 1781 585 om-

339 602 412 642 nia
457 601 656 642 videntur
695 575 852 641 instilse
895 599 1003 640 fieri.
1049 601 1200 657 scripsi
1234 603 1308 654 ita,
1338 612 1385 644 ut
1417 612 1459 643 te
1497 603 1781 659 probaturum

339 658 599 699 existimem.
642 657 750 698 mihi
788 657 894 698 duas
937 672 962 698 a
993 667 1036 698 te
1064 659 1274 722 epistolas
1306 659 1506 711 reddidit,
1548 674 1674 700 unam
1707 671 1780 711 xl,

338 715 515 756 alteram
539 730 582 756 Χ.
615 715 668 757 ad
705 714 987 755 recentiorem
1012 714 1144 770 prius·
1203 719 1242 747 41
1261 715 1316 758 Et
1347 716 1493 771 legio?
1523 731 1611 758 rem
1635 716 1778 759 laudo.

336 775 378 802 4²
395 772 430 813 si
468 786 567 813 vero
599 774 733 814 etiam
768 771 1050 814 Carf:ulenus
1082 775 1145 812 ἅνω
1164 779 1336 836 ποταςμὸν.
1395 772 1576 815 Antonii
1599 774 1781 816 consilia

336 843 482 870 narras
519 830 790 871 turzbulenta
822 839 951 884 atque
972 830 1139 870 utinam
1163 830 1306 893 potius
1334 844 1410 886 per
1432 830 1639 886 populum
1660 840 1778 888 agat,

337 901 466 943 quam
500 901 574 943 per
605 888 826 929 senatum*
864 886 980 941 quod
1012 886 1194 943 quidem
1209 887 1271 928 ita
1301 887 1444 928 credo.
1476 887 1549 929 sed
1581 864 1714 929 mihic'
1711 899 1778 929 to-

338 955 430 986 tum
463 959 556 999 ejus
589 944 816 1008 consilium
841 944 893 985 ad
923 944 1081 986 bellum
1116 954 1310 999 spectare
1343 945 1525 997 videtur,
1545 945 1578 986 si
1601 946 1777 1001 quidem

338 1001 397 1044 D.
433 1002 571 1043 Bruto
605 1001 829 1067 provincia
860 1001 1055 1066 eripitur.
1086 1015 1261 1057 quoquo
1294 1002 1424 1043 modo
1457 1017 1542 1058 ego
1571 1002 1624 1044 de
1664 1002 1777 1045 illius

336 1060 478 1100 nervis
501 1059 721 1124 existimo,
753 1072 838 1100 non
865 1059 1033 1100 videtur
1055 1058 1146 1100 fieri
1168 1073 1293 1114 posse
1324 1060 1415 1100 sine
1433 1060 1560 1100 bello.
1593 1060 1665 1100 sed
1690 1075 1776 1102 non

337 1117 488 1173 cupi03
511 1117 716 1172 quoniam
731 1128 907 1157 cavetur
925 1115 1185 1158 Buthrotiis.
1208 1117 1346 1159 rides?
1369 1127 1433 1158 ast
1451 1116 1677 1165 condoleo,
1693 1131 1778 1158 non

335 1189 431 1216 mea
476 1175 618 1231 potius
656 1174 922 1225 assiduitate,
960 1173 1269 1230 diligentia,2³
1245 1176 1383 1215 aratia
1419 1175 1584 1230 perfici.
1645 1174 1775 1221 Quod

336 1233 487 1273 scribis
513 1243 552 1273 te
586 1233 763 1282 nescire,
786 1232 890 1287 quid
923 1233 1080 1272 nostris
1102 1207 1353 1273 faciundum
1376 1233 1458 1274 sit:
1482 1246 1577 1287 Jam
1611 1232 1776 1287 pridem

334 1304 405 1330 me
438 1290 509 1331 illa
539 1294 664 1345 ein-oglon
701 1289 918 1331 sollicitat.
951 1289 1096 1353 itaque
1129 1289 1368 1344 stultajam
1403 1289 1561 1331 Iduum
1591 1288 1777 1330 Martia-

335 1361 428 1388 rum
452 1357 517 1388 est
545 1347 799 1388 consolatio.
831 1346 986 1387 animis
1008 1345 1123 1387 enim
1157 1346 1219 1387 usi
1243 1362 1389 1388 sumus
1419 1347 1640 1399 virilibus;
1670 1361 1775 1388 con-

334 1405 455 1455 siliis,
487 1403 595 1445 mihi
627 1406 767 1454 crede,
803 1404 1053 1459 puerilibus.
1083 1404 1231 1445 excisa
1262 1405 1377 1445 enim
1409 1414 1475 1445 est
1509 1405 1650 1454 arbor,
1686 1418 1773 1445 non

332 1462 492 1503 evulsa.
524 1462 685 1517 itaque,
718 1476 847 1517 quam
879 1461 1121 1512 fruticetur,
1157 1461 1288 1502 vides.
1318 1464 1359 1492 43
1373 1462 1595 1503 redeamus
1627 1461 1774 1517 igitur,

331 1520 537 1575 quoniam
561 1534 676 1575 saepe
701 1534 892 1574 usurpas,
915 1519 967 1560 ad
989 1517 1254 1560 Tusculanas
1275 1518 1605 1574 disputationes.
1667 1518 1775 1560 Sau-

331 1577 466 1618 feium
493 1591 566 1632 per
590 1589 631 1617 te
664 1577 867 1618 celemus.
897 1591 979 1632 ego
1004 1589 1239 1630 numquam
1275 1576 1492 1618 indicabo.
1521 1575 1708 1623 44Quod
1732 1587 1775 1618 te

332 1650 357 1675 a
381 1634 516 1675 Bruto
549 1633 726 1686 scribis;
758 1644 805 1674 ut
835 1644 992 1675 certior
1026 1633 1161 1683 fieret,
1183 1647 1269 1688 quo
1299 1633 1370 1674 die
1402 1634 1446 1675 in
1479 1632 1772 1676 Tusculanum

333 1706 467 1733 essem
492 1692 688 1734 futurus:
726 1702 773 1732 ut
800 1690 851 1732 ad
877 1701 919 1732 te
939 1700 1039 1732 ante
1058 1690 1224 1746 scripsi,
1254 1704 1302 1732 vx
1328 1690 1426 1732 Kal.
1449 1700 1493 1732 et
1513 1691 1688 1746 quidem
1711 1690 1773 1733 ibi

335 1759 376 1791 te
399 1764 527 1804 quam
552 1750 739 1805 primum
773 1763 848 1804 per
871 1748 1014 1789 videre
1035 1747 1175 1788 velim.
1211 1758 1317 1802 puto
1337 1748 1454 1789 enim
1482 1748 1607 1793 nobis
1631 1748 1773 1790 Lanu-

329 1870 433 1908 λῆσει.
495 1864 644 1906 Redeo
676 1864 727 1905 ad
763 1864 1054 1920 superiorem:
1088 1876 1140 1903 ex
1176 1877 1262 1917 qua
1292 1873 1501 1919 praetereo
1534 1862 1606 1904 illa
1634 1865 1773 1920 prima

331 1922 384 1962 de
408 1922 678 1973 Buthrotiis;
707 1936 806 1977 quae
839 1920 946 1962 mihi
978 1929 1077 1960 sunt
1111 1919 1276 1961 inclusa
1298 1921 1514 1974 medullis;
1547 1920 1601 1961 sit
1625 1922 1771 1973 modo,

331 1990 378 2019 ut
401 1981 568 2031 scribis,
589 1979 709 2020 locus
743 1978 915 2035 agendi.
978 1976 1046 2018 De
1072 1977 1268 2018 oratione
1298 1977 1438 2030 Bruti,
1462 1992 1634 2034 prorsus
1666 1994 1771 2021 con-

329 2037 486 2087 tendis,
508 2051 607 2078 cum
643 2037 798 2077 iterum
832 2046 919 2077 tam
951 2033 1097 2075 multis
1121 2035 1261 2076 verbis
1296 2036 1405 2091 agis.
1436 2049 1575 2092 egone
1606 2046 1654 2078 ut
1675 2051 1771 2078 eam

328 2109 518 2145 causam,
541 2109 671 2151 quam
694 2094 729 2135 is
751 2092 950 2158 scripsit?
980 2106 1063 2148 ego
1087 2092 1271 2133 scribam
1294 2107 1381 2133 non
1411 2102 1588 2150 logatus
1609 2093 1664 2135 ab
1685 2096 1770 2136 eo?

327 2151 445 2193 nulla
484 2155 735 2208 παςεγχειξησις
776 2150 868 2192 fieri
911 2157 1054 2206 potest
1093 2149 1463 2192 contumeliosior.
1513 2159 1572 2202 at,
1610 2151 1768 2207 inquis,

325 2210 548 2264 Hgaexmbaov
569 2208 758 2264 aliquod.
794 2222 881 2249 non
917 2221 1067 2248 recuso
1100 2207 1144 2248 id
1179 2207 1380 2263 quidem;
1411 2207 1484 2249 sed
1516 2217 1560 2248 et
1591 2222 1770 2265 compo—

327 2265 515 2307 nendum
540 2274 843 2321 argumentum
866 2274 945 2318 est,
967 2273 1010 2305 et
1041 2264 1255 2307 scribendi
1287 2265 1629 2321 exspectandum
1660 2275 1769 2307 tem-

328 2337 408 2379 pus
429 2323 655 2365 maturius.
685 2322 788 2365 licet
815 2323 930 2365 enim
953 2322 1007 2363 de
1039 2336 1121 2374 me,
1146 2333 1194 2363 ut
1222 2321 1343 2374 libet,
1362 2322 1585 2364 existimes
1616 2322 1767 2378 (velim

326 2380 501 2436 quidem
535 2396 664 2437 quam
687 2380 897 2438 optime);
927 2383 967 2412 45
980 2379 1016 2420 si
1050 2378 1145 2421 haec
1169 2379 1231 2420 ita
1258 2388 1450 2432 manent,
1472 2389 1520 2422 ut
1552 2379 1767 2433 videntur,

366 2496 404 2524 41
424 2493 473 2524 Et
495 2495 578 2533 legio
589 2493 619 2534 .⁷]
649 2494 747 2525 Varie
762 2494 815 2525 hic
831 2493 922 2525 locus
944 2493 1025 2533 legi·
1069 2498 1135 2531 cet,
1157 2493 1340 2532 Saufeium,
1363 2492 1575 2534 Epicureum,
1602 2493 1657 2532 qui
1680 2503 1770 2525 mor-

324 2539 402 2566 tur:
426 2545 486 2566 nec
513 2537 635 2577 aliquid
649 2537 702 2568 hic
716 2537 799 2568 certi
822 2544 883 2568 est.
927 2535 1025 2567 Forte
1069 2539 1138 2566 tem
1155 2536 1280 2567 malum
1303 2541 1413 2576 putat,
1426 2541 1466 2567 ut
1487 2535 1680 2576 Epicureus.
1704 2546 1765 2577 pro

325 2577 381 2610 De
404 2578 538 2616 legione,
563 2589 634 2618 quae
656 2578 727 2610 scil.
751 2580 791 2610 ab
814 2579 962 2610 Antonio
985 2578 1025 2609 ad
1062 2587 1127 2617 per
1149 2582 1181 2608 te
1194 2578 1391 2610 Tunstallus
1416 2589 1449 2619 p.
1470 2580 1539 2612 177.
1557 2577 1671 2609 scribit
1685 2588 1765 2620 pro-

325 2621 502 2651 Octavium
517 2622 705 2651 transierat.
1063 2624 1140 2660 pter
1154 2626 1195 2652 te.

367 2664 410 2693 42
431 2663 459 2692 si
474 2673 547 2693 vero
562 2665 663 2693 etiam
682 2661 894 2704 Carfitlenus]
922 2672 968 2695 sc.
984 2663 1025 2694 ab
1108 2666 1150 2694 44
1172 2662 1216 2704 Ω.
1242 2667 1274 2694 te
1293 2672 1316 2694 a
1339 2661 1406 2694 Br.
1428 2661 1554 2702 scribis]
1580 2661 1646 2693 int.
1668 2672 1767 2703 roga-

324 2705 473 2736 Autonio
487 2705 527 2735 ad
551 2706 714 2736 Caesarem
732 2705 908 2736 Octavium
931 2712 1024 2737 tran·
1067 2708 1153 2736 tum.
1196 2705 1261 2736 Sed
1289 2704 1358 2735 haec
1382 2704 1507 2744 ellipsis
1536 2704 1649 2734 durior
1678 2705 1767 2736 vide·

322 2748 390 2779 siit.
414 2749 470 2778 ἅνω
493 2759 563 2778 ποτ.
587 2755 659 2778 tum
683 2758 760 2778 vero
782 2749 895 2779 omnia.
916 2748 1023 2788 fieut;
1066 2750 1134 2778 tur.
1177 2747 1326 2778 Graevius
1341 2747 1496 2785 malebat,
1512 2745 1766 2788 QuoddeBru-

323 2790 461 2821 flumina
476 2792 578 2821 etiam
594 2798 681 2821 retro
697 2790 804 2821 ibunt.
1065 2794 1097 2820 to
1111 2790 1233 2820 scribis.

365 2835 405 2862 43
426 2833 601 2863 redeamus
625 2832 672 2863 ad
695 2831 793 2863 Tusc.
809 2831 928 2872 dsspp]
954 2833 975 2863 i.
992 2842 1020 2864 e.
1106 2835 1148 2862 45
1170 2832 1197 2862 si
1211 2833 1278 2862 haec
1289 2831 1339 2862 ita
1353 2831 1502 2871 manent]
1529 2830 1582 2861 Sic
1595 2829 1697 2862 edidit
1708 2830 1765 2862 be-

321 2880 574 2906 contemnamus
633 2881 789 2912 mortem,
840 2874 1020 2905 secundum
1067 2883 1108 2905 ne
1123 2874 1271 2904 Graevius
1285 2883 1304 2904 e
1326 2873 1407 2904 Mss.
1423 2873 1499 2903 suis.
1522 2882 1597 2903 cum
1620 2878 1698 2905 ante
1713 2883 1762 2904 es-

321 2916 419 2948 Tusc.
440 2919 467 2948 l.
513 2917 575 2948 Sed
588 2916 620 2948 id
632 2917 823 2955 celabimus,
835 2918 863 2950 si
879 2917 937 2950 tibi
951 2918 1021 2959 pla·
1063 2922 1115 2951 set
1143 2919 1297 2955 manant,
1318 2920 1358 2948 ut
1384 2915 1483 2948 habet
1505 2915 1556 2949 ed.
1581 2914 1672 2947 Jens.
1697 2916 1765 2957 ipse
1782 2919 1784 2921 '
