1940 3231
225 391 281 430 23

289 139 368 176 5⁴20
701 139 886 180 EPIST.
911 142 993 180 AD
1026 139 1319 186 ATTI'CUM,

290 242 468 286 scribas.
500 258 582 300 ego
608 243 702 300 jam
734 255 809 287 aut
843 261 947 299 rem,
969 256 1045 299 aut
1079 263 1134 297 ne
1169 262 1288 304 spem
1311 244 1485 302 quidem
1508 250 1734 300 exspecto.

293 298 399 352 Dat.
425 315 472 344 v1
500 301 599 349 Kal.
625 302 835 345 Decemb.
861 304 1110 360 Dyrrachii.

727 386 963 429 CICERO
993 387 1222 431 ATTICO
1256 389 1301 430 S.

293 447 362 500 A.
385 458 427 500 d.
451 474 492 500 v.
525 458 623 500 Kal.
659 457 869 502 Decemb.
907 470 989 513 tres
1025 462 1227 518 epistolas
1260 478 1286 503 a
1319 472 1360 503 te
1392 459 1567 517 aceep'13
1603 471 1732 499 unam

293 515 438 558 datam
472 531 511 558 a.
545 517 589 558 d.
621 531 714 558 vlu
754 517 853 558 Kal.
895 518 1111 560 Novemb.
1148 520 1191 560 in
1226 535 1312 575 qua
1348 534 1417 560 me
1450 516 1650 567 hortaris,
1687 523 1735 556 ut

293 571 395 614 forti
419 574 564 614 animo
587 588 777 615 mensem
798 574 1053 616 Jauuarium
1076 588 1324 633 exspectem
1343 594 1352 618 :
1387 590 1538 630 eaque,
1559 588 1655 629 quae
1679 572 1732 618 ad

294 644 415 686 spem
455 640 580 686 putas
616 632 845 686 pertinere,
884 633 936 672 de
972 633 1142 675 Lentuli
1177 634 1335 684 studio,
1368 633 1421 675 de
1455 630 1624 673 Metelli
1659 644 1735 670 vo-

294 686 476 738 luntate,
498 688 551 729 de
580 697 674 729 tota
705 688 904 745 Pompeii
937 692 1117 742 ratione,
1140 691 1383 752 perscribis.
1405 690 1450 732 in
1481 689 1614 732 altera
1643 686 1714 743 epi

298 743 422 795 stola,
445 754 601 800 praeter
621 747 977 788 consuetudinem
1000 757 1132 800 tuam,
1155 749 1269 789 diem
1293 763 1379 788 non
1401 746 1634 788 adscribis:
1661 743 1733 785 sed

298 801 401 842 satis
432 801 650 860 significas
682 812 869 859 tempus.
899 805 993 860 lege
1024 807 1140 846 enim
1171 806 1225 847 ab
1256 815 1357 847 octo
1390 803 1574 845 tribunis
1597 801 1737 860 plebis

295 859 585 916 promulgata,
607 860 645 893 67
661 868 703 900 te
734 875 803 901 eas
835 861 998 902 litteras
1028 877 1079 903 eo
1110 864 1205 918 ipso
1236 862 1305 903 die
1325 861 1507 911 dedisse,
1529 861 1570 901 id
1593 868 1674 910 est,
1696 874 1735 900 a.

293 917 338 957 d.
363 931 446 958 1111
472 917 567 958 Kal.
592 916 810 959 Novemb.
834 929 892 969 et,
915 919 1018 974 quid
1050 929 1174 976 putes
1196 919 1396 960 utilitatis
1419 933 1513 959 eam
1544 915 1734 977 promul-

293 975 514 1030 gationem
546 974 755 1027 attulisse,
778 975 944 1017 scribis.
967 976 1011 1017 in
1034 992 1120 1033 quo
1143 977 1176 1018 si
1202 977 1297 1032 jam
1322 976 1417 1018 haec
1438 984 1587 1016 nostra
1607 974 1736 1026 salus,

292 1046 392 1072 cum
427 1030 507 1074 hac
539 1031 634 1089 lege
668 1032 893 1089 desperata
924 1034 1020 1085 erit,
1043 1033 1171 1076 velim
1204 1049 1283 1091 pro
1317 1045 1392 1074 tuo
1424 1033 1469 1074 in
1491 1047 1560 1073 me
1589 1044 1736 1075 amore

290 1087 406 1130 hanc
429 1089 599 1130 inanem
627 1104 767 1132 meam
801 1091 1087 1147 diligentiam,
1110 1091 1399 1134 miserabilem
1421 1090 1581 1147 potius,
1604 1102 1735 1145 quam

293 1145 502 1202 ineptam,
526 1156 680 1204 putes:
713 1148 779 1189 sin
809 1159 874 1189 est
902 1148 1064 1204 aliquid
1098 1150 1205 1206 spei,
1235 1150 1309 1191 des
1342 1162 1534 1205 operam,
1566 1155 1615 1188 ut
1644 1161 1735 1187 ma-

249 1203 386 1260 b.jore
416 1204 644 1261 diligentia
673 1205 713 1235 68
727 1205 909 1262 posthac
950 1221 976 1246 a
1013 1208 1136 1248 novis
1168 1206 1493 1262 magistratibus
1532 1203 1737 1246 defenda-

293 1259 538 1318 murxnam
570 1277 621 1303 ea
642 1271 833 1304 veterum
868 1263 1140 1306 tribunorum
1175 1264 1313 1320 plebis
1347 1263 1517 1320 rogatio
1551 1262 1633 1303 tria
1665 1276 1737 1303 ca-

293 1318 387 1374 pita
415 1318 595 1372 habuit3
626 1334 759 1360 unum
790 1320 842 1362 de
875 1321 1012 1362 reditu
1045 1336 1157 1373 meo,
1180 1322 1388 1377 scriptum
1417 1322 1605 1362 incaute.
1626 1317 1735 1361 nihil

293 1376 410 1417 enim
443 1376 697 1428 restituitur,
722 1388 877 1433 praeter
910 1379 1132 1420 civitatem
1154 1389 1198 1420 et
1219 1379 1443 1420 ordinem:
1477 1377 1593 1434 quod
1628 1375 1736 1417 mihi

295 1447 374 1489 pro
407 1448 503 1474 meo
537 1449 638 1476 casu
672 1435 774 1475 satis
805 1445 884 1476 est.
915 1437 1005 1487 sed,
1026 1452 1123 1492 quae
1155 1437 1347 1478 cavenda
1377 1436 1557 1491 fuerint,¹
1574 1443 1618 1476 et
1649 1438 1739 1489 quo

294 1491 442 1541 modo,
465 1501 507 1532 te
540 1506 625 1533 non
660 1491 790 1548 fugit.
826 1492 1004 1534 alterum
1039 1504 1171 1550 caput
1197 1504 1262 1535 est
1293 1494 1553 1536 tralaticium
1581 1492 1634 1533 de
1655 1491 1738 1532 im-

295 1548 507 1603 punitate,
531 1549 563 1589 si
586 1549 691 1605 quid
720 1559 872 1591 contra
903 1550 1006 1592 alias
1032 1551 1163 1607 leges,
1183 1551 1277 1607 ejus
1299 1551 1406 1608 legis
1427 1565 1551 1607 ergo,
1570 1550 1736 1591 factum

294 1605 364 1646 sit.
389 1606 561 1647 tertium
596 1617 742 1662 caput,
763 1608 822 1648 mi
861 1607 1093 1665 Pomponi,
1115 1623 1201 1664 quo
1232 1609 1429 1659 consilio,
1451 1604 1540 1649 et'a
1562 1622 1648 1663 quo
1680 1607 1737 1648 sit

293 1662 574 1714 inculcatum,
596 1663 709 1706 vide.
740 1665 822 1706 scis
853 1665 968 1706 enim
1003 1666 1206 1709 Clodium
1240 1666 1449 1716 sanxisse,
1472 1675 1518 1706 ut
1550 1667 1639 1715 vix,
1662 1675 1737 1707 aut

296 1721 476 1761 omnino
511 1736 598 1762 non
631 1732 775 1777 posset
796 1737 875 1764 nec
913 1737 986 1779 per
1009 1734 1220 1775 senatum,
1242 1738 1321 1765 nec
1342 1738 1417 1781 per
1439 1723 1648 1779 populum
1671 1723 1737 1773 inf,

298 1776 459 1820 firmari
493 1794 569 1820 sua
599 1777 685 1820 lex.
709 1779 783 1821 sed
807 1779 939 1832 vides,
962 1795 1196 1837 numquam
1231 1796 1323 1823 esse
1358 1782 1606 1831 observatas
1639 1796 1738 1826 sarh.

296 1835 464 1876 ctioues
498 1850 642 1877 earum
675 1836 837 1892 legum,
858 1852 956 1892 quae
989 1839 1316 1895 abrogarentur.
1350 1853 1449 1880 nam
1479 1839 1512 1879 si
1544 1838 1587 1878 id
1610 1849 1738 1889 esset,

295 1892 413 1934 nulla
445 1892 532 1934 fere
562 1894 762 1950 abrogari
796 1904 970 1950 posset:
1003 1900 1161 1951 (neque
1183 1896 1297 1937 enim
1322 1894 1407 1937 ulla
1428 1903 1507 1946 est,
1528 1910 1626 1951 quae
1651 1910 1736 1946 non

294 1950 392 2006 ipsa
414 1965 458 1991 se
480 1950 618 2007 sepiat
639 1951 895 1994 difficultate
916 1953 1213 2009 abrogationis
1229 1955 1261 2005 z)
1290 1954 1379 2005 sed,
1401 1968 1500 1998 cum
1522 1953 1592 1994 lex
1611 1953 1739 2000 abro-

297 2016 438 2062 gatur,
456 2007 559 2050 illud
581 2009 723 2064 ipsum
745 2010 993 2066 abrogatur,
1014 2012 1151 2066 69quo
1169 2026 1256 2052 non
1277 2026 1370 2052 eam
1390 2010 1592 2066 abrogari
1609 2025 1739 2066 opor-

296 2074 401 2106 teat.
436 2065 518 2107 hoc
552 2080 650 2107 cum
682 2067 747 2121 [re
769 2067 887 2120 vera]
919 2067 980 2108 ita
1010 2068 1094 2120 sit3
1125 2083 1224 2109 cum
1248 2082 1415 2124 semper
1444 2068 1507 2109 ita
1540 2067 1738 2119 habitum,

297 2122 658 2178 observatumque
690 2123 759 2174 sit,
782 2135 883 2169 octo
914 2126 1049 2167 nostri
1083 2125 1248 2167 tribuni
1269 2125 1406 2181 plebis
1428 2133 1561 2181 caput
1585 2140 1740 2181 posue-

295 2191 396 2221 runt
427 2181 535 2223 hoc:
570 2181 620 2223 Sl
653 2194 775 2233 QUID
807 2195 861 2223 ΙΝ
897 2196 994 2224 HAG
1028 2197 1326 2225 ROGATIONE
1353 2195 1605 2225 SCRIPTUM
1632 2184 1738 2242 Es'l’,

337 2312 377 2345 67
400 2312 513 2342 scribis
533 2312 764 2342 te—attulisse
785 2312 912 2351 scribis]
937 2312 994 2343 Al·
1036 2313 1199 2350 videatur,
1235 2314 1419 2355 praesertim
1455 2323 1535 2344 cum
1569 2321 1741 2354 sequatur,

296 2360 462 2384 tei-utrum
492 2355 562 2384 sine
591 2354 691 2384 dubio
722 2353 898 2385 delendum
933 2360 994 2386 est.

297 2395 400 2426 delevi
414 2397 572 2436 primum.
793 2424 796 2427 .

339 2439 379 2469 68
397 2441 534 2478 posthoc
548 2450 569 2468 a
585 2439 703 2469 nostris
717 2448 809 2478 mag.
825 2437 906 2478 ἄψ]
923 2438 996 2469 Viri

295 2480 385 2510 docti
408 2480 582 2520 legendum
607 2486 769 2521 putarunt
791 2483 892 2518 novis,
909 2481 997 2520 quod

296 2528 331 2553 et
347 2522 535 2564 Malaspina
550 2524 679 2563 probat.
695 2523 729 2553 id
743 2534 804 2563 ego
821 2533 887 2553 non
902 2523 996 2554 dubi-

296 2565 364 2595 tavi
379 2566 532 2606 recipere.
549 2575 625 2596 nam
646 2572 862 2606 opponuntur
881 2566 996 2597 statim

297 2612 419 2638 veteres
433 2612 477 2638 tr.
485 2609 536 2648 pl.
555 2617 630 2638 mox
645 2607 821 2639 delendum
834 2618 892 2646 ω,-
908 2608 995 2648 quod

298 2659 366 2680 non
380 2649 492 2687 habet,
503 2661 567 2690 quo
583 2650 755 2681 referatur.
779 2651 812 2680 Si
825 2656 910 2681 esset
923 2653 994 2686 illa,

297 2693 380 2723 bene
403 2693 550 2724 haberet.
595 2692 686 2723 Infra
707 2694 811 2723 nostri
832 2693 927 2723 tribb.
945 2695 994 2732 pl.

296 2735 354 2765 sed
375 2735 420 2765 ibi
442 2734 534 2766 nulla
545 2739 696 2765 veterum
716 2736 856 2771 mentio,
872 2739 907 2766 et
921 2741 996 2775 post

296 2787 426 2817 quoque
442 2780 516 2808 novi
537 2778 663 2808 tribuni
678 2778 782 2816 plebis
804 2783 995 2808 occurrunt.

298 2824 336 2850 ut
358 2820 416 2851 illo
441 2830 569 2860 quoque
594 2820 668 2851 loco
693 2820 740 2850 sic
765 2819 996 2860 corrigendum

1037 2355 1100 2386 hoo
1119 2357 1155 2386 in
1175 2357 1242 2387 illis
1263 2357 1285 2387 i.
1300 2367 1329 2386 e.
1346 2355 1522 2387 veteribus.
1567 2357 1628 2388 Ed.
1645 2358 1738 2390 Jens.

1038 2407 1097 2438 pro
1111 2403 1259 2429 veterum
1272 2398 1373 2429 habet
1387 2402 1490 2435 vetus,
1505 2400 1639 2440 quodret
1662 2410 1738 2441 pro-
1767 2413 1775 2423 ν

1038 2441 1118 2470 ximi
1132 2441 1274 2471 editores
1288 2440 1391 2471 secuti
1406 2445 1496 2471 sunt.

1081 2483 1122 2516 69
1143 2493 1204 2524 quo
1219 2494 1284 2514 non
1298 2493 1373 2514 eam
1395 2483 1554 2521 abrogare·
1575 2485 1736 2526 oporteat]
1757 2510 1763 2515 .

1040 2525 1092 2555 Sic
1116 2535 1174 2565 per
1196 2527 1418 2566 conjecturam
1445 2526 1643 2567 Malaspina,
1659 2538 1676 2558 e
1699 2527 1739 2558 152

1039 2568 1105 2598 bris
1120 2568 1236 2610 Rosius
1248 2570 1400 2599 correxit.
1413 2570 1566 2607 quomodo
1579 2575 1658 2600 ante
1672 2569 1739 2600 Bo·-

1037 2611 1122 2641 sium
1137 2616 1209 2653 erat
1231 2622 1270 2643 ex
1292 2611 1341 2646 ed.
1357 2610 1447 2641 Jens.
1464 2611 1560 2651 Rom.
1576 2621 1634 2651 per
1649 2623 1744 2652 com-⁷

1038 2661 1195 2702 pendium
1218 2662 1318 2693 habet
1338 2673 1412 2703 quo.
1430 2668 1508 2702 post,
1522 2673 1638 2703 revere!
1652 2670 1702 2701 est
1719 2674 1739 2703 a

1038 2703 1231 2743 glossatore,
1251 2703 1498 2745 delendumque.
1523 2716 1598 2745 nam
1621 2715 1739 2737 revera

1039 2756 1209 2786 nunquam
1232 2747 1365 2787 dicitur,
1382 2743 1443 2778 hisi
1466 2748 1520 2779 ubi
1537 2746 1653 2791 verbis,
1667 2743 1739 2793 0113}

1038 2789 1086 2820 cie
1100 2789 1598 2834 aut,simile-quiddpraeeessexgit.
1696 2792 1702 2799 ‘
1734 2793 1736 2796 “
