1940 3231
711 113 917 152 LIBER
951 111 998 149 V.
1499 115 1576 156 575

139 220 374 277 quiescere.
435 219 624 270 Cassius,
646 216 776 258 frater
799 216 856 261 Q.
881 213 1036 264 Cassii,
1059 212 1279 255 familiaris
1302 215 1380 265 tui,
1412 216 1576 270 puden·

143 279 273 320 tiores
296 278 387 319 illas
408 276 570 318 litteras
593 275 781 323 miserat,
817 273 889 324 (de
925 271 1080 326 quibus
1114 280 1159 311 tu
1194 286 1248 312 ex
1284 286 1351 311 me
1381 274 1575 327 requiris,

142 336 247 392 quid
282 336 364 376 sibi
399 331 643 380 voluerint)
676 344 804 385 quam
835 343 920 379 eaS,
944 343 1048 383 quas
1087 336 1235 384 postea
1257 328 1388 377 misit,
1419 330 1575 382 quibus

143 407 220 448 per
239 407 282 432 se
301 391 450 433 scribit
471 388 717 431 confectum
739 400 830 427 esse
860 386 1111 426 Parthicum
1139 385 1310 427 bellum.
1371 384 1575 426 Recesse-

146 459 243 490 rant
274 449 332 489 illi
364 447 536 504 quidem
574 445 628 485 ab
659 443 895 484 Antiochia
927 453 1025 483 ante
1056 443 1203 484 Bibuli
1235 443 1481 493 adventum,
1504 443 1573 484 sed
1588 447 1686 484 1³·8³=

146 506 264 548 nullo
287 518 432 547 nostro
458 506 684 557 εὖημεςῆμοιτι.
711 501 840 542 hodie
870 514 968 541 vero
998 500 1192 541 hiemant
1221 500 1265 541 in
1286 498 1621 556 Cyr1·hestica,³’

147 564 470 615 maximumque
493 559 650 600 bellum
671 558 906 614 impendet.
927 572 1025 599 nam
1050 567 1092 598 et
1112 560 1153 588 45
1168 557 1321 608 Orodi,
1342 557 1454 613 regis
1477 556 1581 597 Par-

148 621 334 669 thorum,
357 618 469 658 filius
491 617 534 657 in
557 616 781 672 provincia
812 625 959 656 nostra
979 624 1068 656 est:
1102 629 1179 657 nec
1200 615 1371 656 dubitat
1403 614 1582 655 Deiota-

147 693 233 728 rus,
254 675 396 730 (cujus
426 674 515 715 filio
550 684 676 729 pacta
697 682 762 713 est
782 671 1033 713 Artavasdis
1053 671 1154 724 filia,
1177 687 1230 714 ex
1253 687 1339 728 quo
1362 672 1461 713 sciri
1484 681 1582 727 pot-

148 735 247 785 est‚)
268 735 370 788 quin
392 746 490 773 cum
513 731 715 771 omnibus
737 730 874 786 copiis
894 730 985 785 ipse
1007 730 1146 785 prima
1164 740 1314 771 aestate
1331 729 1581 785 Euphraten

151 791 404 832 transiturus
435 789 505 829 sit.
527 802 612 843 quo
636 796 778 828 autem
803 788 872 828 die
893 787 1030 827 Cassii
1052 786 1206 828 litterae
1231 787 1427 828 victrices
1451 787 1493 827 in
1518 801 1583 826 se-

149 858 251 889 natu
283 847 476 888 recitatae
508 854 622 896 sunt,
654 845 696 886 id
727 853 806 896 est,
838 845 961 886 nonis
986 844 1266 895 Octobribus,
1290 850 1440 885 eodem
1474 859 1581 885 meae

149 904 381 946 tumultum
418 903 680 944 nuntiantes.
741 901 882 942 Axius
916 911 1058 943 noster
1093 903 1167 953 ait,
1199 911 1365 944 nostras
1396 901 1583 942 auctori-

150 962 251 1003 tatis
285 962 430 1018 plenas
464 959 620 1012 fuisse,
651 959 733 1000 illis
770 970 899 1015 negat
928 959 1154 999 creditum.
1214 960 1361 1000 Bibuli
1391 959 1585 1000 nondum

150 1029 271 1060 erant
294 1018 457 1060 allatae:
490 1032 595 1072 quas
626 1026 744 1058 certo
775 1017 863 1057 scio
895 1015 1041 1072 plenas
1074 1015 1239 1057 timoris
1271 1016 1377 1057 fore.
1439 1015 1506 1057 Ex
1532 1016 1585 1056 iis

151 1077 278 1118 rebus
299 1076 383 1117 hoc
408 1088 568 1126 vereor,
589 1089 657 1125 ne,
680 1089 779 1114 cum
803 1073 1036 1128 Pompeius
1061 1083 1234 1129 propter
1255 1083 1415 1114 metum
1444 1088 1586 1114 rerum

152 1148 360 1176 novarum
384 1146 593 1187 nusquam
616 1132 873 1181 dimittatur,
894 1130 1057 1171 Caesari
1079 1130 1216 1171 nullus
1239 1132 1376 1172 honos
1399 1140 1586 1171 asenatu

152 1191 387 1242 habeatur3
419 1191 521 1231 dum
554 1189 626 1230 hic
662 1188 798 1230 nodus
833 1188 1102 1243 expediatur,
1139 1202 1225 1229 non
1255 1198 1379 1244 putet
1401 1198 1588 1239 senatus,

155 1263 249 1299 nos,
267 1249 309 1278 46
322 1256 550 1302 antequam
582 1260 824 1287 successum
857 1245 927 1296 sit,
950 1254 1148 1301 oportere
1180 1246 1398 1296 decedere,
1432 1259 1511 1286 nec
1543 1246 1587 1286 in

155 1315 277 1347 tanto
299 1316 419 1346 motu
442 1318 580 1344 rerum
596 1303 725 1344 tantis
744 1303 977 1358 provinciis
997 1303 1188 1359 singulos
1208 1303 1371 1359 legatos
1392 1316 1587 1359 praeesse.

157 1363 262 1414 Hic,
295 1377 347 1403 ne
379 1361 482 1417 quid
516 1361 621 1402 mihi
655 1369 926 1417 prorogetur,
948 1361 1110 1415 47quod
1136 1375 1188 1401 ne
1211 1361 1466 1402 intercessor
1493 1361 1589 1416 qui-

155 1421 253 1462 dem
277 1420 483 1461 sustinere
507 1419 656 1474 possit,
679 1419 855 1459 horreo:
887 1427 1016 1472 atque
1037 1432 1088 1458 eo
1107 1419 1259 1474 magis,
1275 1418 1389 1474 quod
1408 1427 1453 1459 tu
1473 1419 1589 1469 abes,

155 1479 230 1534 qui
252 1477 447 1527 consilio,
481 1476 634 1531 gratia,
668 1476 810 1516 studio
835 1474 979 1515 multis
1003 1476 1128 1516 rebus
1151 1490 1410 1517 occurreres.
1454 1478 1494 1507 4ss
1511 1475 1590 1516 Di-

156 1550 227 1577 ces
261 1549 328 1575 me
358 1536 497 1589 ipsum
523 1533 628 1573 mihi
651 1532 982 1574 sollicitudinem
1008 1543 1182 1574 struere.
1205 1548 1363 1589 cogor:
1395 1542 1438 1573 et
1464 1533 1592 1573 velim

156 1593 217 1633 ita
249 1593 318 1632 sit.
347 1591 418 1633 sed
441 1591 587 1631 omnia
620 1601 782 1631 metuo.
815 1589 895 1630 etsi
926 1589 1082 1630 bellum
1107 1593 1345 1644 ἀκςοτελεὺτιον
1369 1589 1499 1631 habet
1521 1589 1593 1631 illa

156 1659 230 1690 tua
250 1648 446 1705 epistola,
476 1663 604 1703 quam
641 1648 795 1689 dedisti
829 1660 1037 1688 nauseans
1066 1646 1307 1688 Buthroto:
1341 1647 1433 1698 tibi,
1463 1654 1509 1688 ut
1530 1647 1591 1688 vi-

155 1706 227 1748 deo
249 1713 285 1748 et
305 1719 433 1761 spere,
451 1703 565 1746 nulla
581 1704 637 1746 ad
653 1703 917 1747 decedendum
938 1704 1016 1744 erit
1035 1718 1164 1745 mora.
1179 1704 1364 1756 mallem,
1386 1711 1433 1745 ut
1453 1704 1591 1746 video:

155 1763 262 1805 nihil
291 1778 398 1820 opus
430 1761 527 1814 fuit,
565 1769 611 1803 ut
643 1777 770 1818 spero.
809 1776 1058 1818 acceperam
1089 1771 1232 1802 autem
1264 1762 1366 1803 satis
1396 1762 1591 1803 celeriter

157 1821 296 1863 Iconii
321 1836 394 1877 per
417 1820 744 1875 publicanorum
767 1819 1009 1861 tabellarios
1033 1834 1057 1860 a
1081 1819 1250 1860 Lentuli
1274 1820 1493 1876 triumpho
1516 1820 1588 1861 da·
1601 1825 1632 1856 b,

155 1888 236 1920 taS.
273 1879 313 1920 in
348 1878 415 1919 his
443 1881 669 1934 γλυκύπικξον
699 1878 801 1918 illud
834 1877 1078 1928 confirmas,
1110 1891 1273 1918 moram
1302 1877 1409 1918 mihi
1433 1877 1591 1918 nullam

155 1935 271 1978 fore:
303 1936 457 1978 deinde
487 1935 623 1987 addis,
647 1936 680 1976 si
703 1935 806 1991 quid
829 1949 964 1986 secuS,
987 1945 1030 1975 te
1050 1937 1092 1969 49
1105 1935 1158 1975 ad
1184 1949 1253 1975 me
1276 1934 1407 1988 [fore]
1441 1944 1592 1975 ventu-

156 2007 265 2034 rum.
288 1996 328 2026 50
340 2003 508 2050 angunt
541 2008 611 2036 me
640 1993 933 2036 dubitationes
965 2000 1076 2036 tuae:
1109 1991 1236 2035 simul
1266 2001 1310 2033 et
1333 1992 1464 2044 videS,
1489 2007 1595 2048 quas

201 2159 242 2188 45
270 2156 402 2196 Orodes]
429 2155 481 2187 Sic
496 2156 568 2187 edd.
584 2165 632 2197 pr.
647 2156 702 2188 sed
718 2156 749 2187 id
764 2158 859 2189 vitio-

160 2208 249 2231 sum.
296 2200 430 2230 Correxi
450 2199 562 2236 Orodi,
577 2205 616 2229 ut
627 2209 726 2238 supra
740 2210 790 2240 ep.
812 2204 859 2232 18.

159 2242 297 2273 fecimus
325 2253 367 2273 ex
397 2241 472 2272 Div.
499 2242 574 2278 XV,
607 2244 634 2272 1.
663 2244 860 2273 constantiae

163 2295 272 2315 causa.
296 2284 353 2315 alii
376 2283 500 2314 habent
526 2283 653 2321 Orodis,
672 2290 709 2314 ut
731 2295 782 2325 ep.
809 2288 858 2317 18.

163 2326 311 2357 Graevius
324 2326 413 2357 dedit
431 2325 557 2357 Orodoe.

204 2370 246 2400 46
268 2374 445 2409 antequam
467 2379 646 2399 successum
669 2368 725 2409 sit]
759 2369 860 2407 Ante,

164 2421 263 2450 quam
286 2413 325 2442 de
348 2411 523 2451 provinciis
545 2411 712 2442 decretum
735 2412 861 2442 factum

165 2454 227 2484 sit:
252 2454 339 2493 quod
352 2459 427 2484 tum
447 2454 517 2484 fieri
532 2454 680 2484 nondum
695 2459 862 2494 potuerat,

166 2496 316 2535 inprimis
330 2502 464 2536 propter
479 2496 654 2527 Caesarem.

205 2541 246 2572 47
269 2539 352 2577 quod
375 2548 414 2568 ne
429 2539 487 2568 int.
512 2548 544 2578 q.
568 2540 726 2569 sustinere
745 2537 858 2578 possit]

163 2580 188 2611 ἱ.
210 2591 240 2610 e.
264 2580 493 2611 intercedendo
516 2581 673 2619 impedire
689 2581 862 2617 sustineat,

165 2623 192 2652 si
207 2623 346 2653 maxime
359 2623 499 2661 aliquem
517 2623 598 2652 mihi
610 2624 857 2653 intercessorem

164 2674 182 2694 e
196 2665 337 2695 tribunis
354 2675 476 2704 parem.
491 2674 535 2695 sc.
551 2666 637 2704 quod
651 2666 689 2696 de
706 2666 862 2696 interces-

166 2706 258 2736 sione
270 2706 412 2737 relatum
429 2707 467 2737 iri
483 2711 590 2746 putet.

210 2750 250 2778 43
272 2749 328 2778 sed
352 2749 448 2788 dices]
476 2749 543 2779 Sed
567 2754 648 2789 puto
676 2748 864 2780 delendum.

167 2798 247 2820 nam
261 2791 410 2830 nuspiam
425 2791 525 2821 addit.
549 2797 584 2822 et
596 2796 706 2822 ortum
721 2792 790 2821 sine
806 2792 865 2821 du-

167 2831 223 2862 bio
237 2837 288 2861 est
309 2843 349 2862 ex
362 2833 488 2863 ultimis
511 2833 615 2864 literis
632 2834 666 2863 in
681 2843 866 2864 occurreres

167 2878 203 2909 et
217 2873 322 2914 prima
336 2874 369 2905 in
383 2875 447 2906 sed.
493 2875 569 2907 Non
584 2875 731 2910 dubitavi
747 2876 864 2909 delere.

942 2159 984 2192 49
1006 2156 1053 2186 ad
1075 2155 1207 2198 mesore
1231 2157 1423 2197 venturum]
1447 2158 1501 2189 Sic
1522 2157 1595 2189 edd.

901 2209 952 2240 pr.
966 2199 1024 2231 alii
1038 2200 1154 2230 dedere
1169 2210 1245 2237 esse,
1260 2211 1277 2231 e
1290 2200 1406 2231 Faerni
1418 2200 1514 2231 libro.
1528 2200 1598 2232 val-

901 2242 940 2272 de
962 2242 1143 2272 defendunt
1165 2242 1246 2273 illud
1256 2241 1348 2282 fore,
1373 2247 1413 2272 ut
1437 2243 1596 2279 Graevius,

901 2289 936 2314 et
950 2290 1026 2315 sunt
1044 2284 1109 2315 alia.
1121 2285 1282 2326 exempla.
1305 2295 1335 2315 v.
1353 2285 1444 2316 Clav.
1470 2286 1532 2315 Sed
1545 2290 1598 2316 ta-

902 2336 980 2356 men
1007 2326 1094 2366 apud
1122 2327 1315 2358 Ciceronem
1337 2327 1467 2357 nullum
1490 2338 1600 2358 exem-

902 2369 995 2409 plum
1005 2374 1067 2406 est,
1077 2372 1111 2399 et
1120 2375 1171 2399 est
1180 2370 1233 2400 hic
1243 2371 1312 2399 sine
1322 2369 1420 2400 dubio
1431 2380 1450 2400 a
1459 2370 1599 2400 librariis

904 2422 922 2441 e
947 2412 1132 2451 propinquo
1155 2417 1280 2443 temere
1302 2412 1494 2452 repetitum,
1513 2413 1600 2443 sieut

904 2463 968 2483 esse
983 2464 1002 2484 a
1022 2453 1202 2492 glossatore
1223 2453 1383 2485 additum.
1405 2455 1515 2495 itaque
1535 2454 1601 2486 sal-

901 2502 971 2526 tem
987 2496 1081 2526 uncis
1095 2496 1227 2528 inclusi.

946 2541 987 2568 50
1011 2543 1170 2577 pungunt
1197 2549 1250 2569 me
1275 2539 1490 2570 dubitationes
1519 2538 1598 2579 tuoe]

906 2578 1073 2618 Pungunt
1089 2581 1253 2612 Victorius
1269 2581 1348 2611 dicit
1363 2592 1396 2612 se
1412 2593 1450 2612 ex
1465 2583 1602 2621 antiquo

901 2622 966 2653 Ms.
982 2623 1070 2653 dare.
1107 2623 1169 2653 Sed
1181 2625 1331 2663 eratjam
1342 2624 1376 2654 in
1388 2625 1438 2655 ed.
1451 2624 1601 2661 Jensoni,

902 2675 1000 2704 quam
1016 2664 1069 2695 hic
1083 2665 1250 2697 deseruere
1263 2672 1433 2705 sequentes
1447 2666 1602 2702 editores,

903 2707 1142 2747 edideruntque
1166 2718 1205 2738 ex
1228 2709 1326 2740 Rom.
1349 2714 1491 2748 angunt,
1514 2707 1601 2748 quod

906 2753 940 2780 et
962 2749 1029 2789 ipse
1054 2751 1195 2781 restitui.
1239 2750 1399 2790 Pangere
1421 2751 1541 2781 dicitur
1562 2749 1603 2779 de

907 2791 974 2822 acri
997 2801 1095 2823 sensu
1121 2802 1160 2823 ex
1183 2792 1292 2832 aliqua
1317 2803 1372 2823 re:
1404 2793 1443 2823 de
1464 2802 1528 2832 quo
1548 2791 1603 2822 hic

908 2843 976 2864 non
1001 2840 1051 2864 est
1077 2843 1206 2873 sermo3
1238 2835 1294 2865 sed
1319 2835 1358 2865 de
1381 2833 1603 2866 sollieitudine

908 2876 1068 2907 continua
1081 2888 1087 2906 :
1112 2877 1145 2908 in
1161 2887 1224 2916 qna
1238 2883 1288 2909 est
1302 2887 1434 2916 angere.
