1940 3231
311 123 388 160 968
724 119 905 158 EPIST.
932 120 1010 158 AD
1036 120 1305 158 BRUTUM.

310 223 457 274 habet,
483 238 535 265 eo
557 224 730 266 meliore
751 225 999 268 conditione
1022 224 1176 266 Cicero
1207 223 1537 280 pulcherrimum
1572 224 1734 267 factum

314 281 591 336 vituperabit,
623 297 752 337 quam
794 282 940 323 Bestia
970 291 1014 322 et
1056 281 1232 322 Clodius
1274 281 1579 336 reprehendere
1622 281 1733 323 illius

313 338 581 379 consulatum
614 339 727 380 soliti
759 342 885 380 sunt?
914 340 955 370 66
969 338 1227 379 Sustinuisse
1259 339 1362 378 milii
1402 339 1608 393 gloriatur
1647 338 1737 380 bel-

313 394 402 436 lum
432 395 612 436 Antonii
656 406 827 451 togatus
861 395 1014 437 Cicero
1045 396 1350 450 noste1.quitl
1383 395 1464 436 ΙιοΕ
1499 395 1603 436 mi'ni
1639 410 1735 451 pio-

314 452 422 502 dest,
446 453 477 493 si
511 467 671 493 meices
693 453 875 492 Antonii
899 453 1088 507 oppressi
1124 453 1326 507 poscitur,
1347 453 1385 486 6:
1373 453 1440 492 in
1472 452 1650 493 Antonii
1673 452 1736 493 lo·-

312 523 411 551 cum
454 511 690 551 successio.
722 519 765 550 et
799 510 832 549 si
875 510 1031 550 vindex
1076 509 1186 549 illius
1228 509 1342 560 mali,
1377 519 1526 550 auctor
1567 509 1738 550 exstitit.

313 565 499 616 alterius,
525 561 849 607 fundamentum
873 575 916 606 et
938 566 1099 606 radices
1126 566 1310 606 habituri
1333 565 1518 618 altiores,
1541 568 1573 607 5ἰ
1598 566 1736 622 patia-

314 626 432 665 mur?
467 632 514 663 ut
544 623 638 677 jam
672 624 767 673 ista,
803 638 898 678 quoe
934 622 1053 673 facit,
1094 623 1133 653 63
1149 637 1233 663 non
1271 623 1625 674 dominationem,
1661 623 1735 664 sed

312 680 535 720 dominum
576 679 816 721 Antonium
857 680 1047 722 timentis
1088 679 1187 720 sint.
1249 679 1342 734 Ego
1379 691 1518 721 autem
1552 680 1734 736 gratiam

312 750 399 777 nou
430 736 584 787 habeo,
606 738 639 778 si
671 737 780 792 quis,
807 737 924 788 dum,
948 751 1000 777 ne
1030 737 1139 778 irato
1170 737 1340 786 serviat,
1363 751 1449 777 rem
1482 739 1614 793 ipsam
1647 752 1735 778 non

312 793 589 849 deprecatur:
624 794 758 834 immo
793 795 1032 850 triumphus
1058 803 1100 834 et
1129 793 1388 849 stipendium
1411 794 1667 845 decernitur,
1689 802 1733 834 et

312 852 513 891 omnibus
536 851 717 891 decretis
739 863 927 892 ornatur.
990 851 1155 891 Pudeat
1177 852 1479 906 concupiscere
1502 851 1734 902 fortunam,

313 907 380 962 euj
391 922 436 948 us
451 922 605 948 nomen
621 909 853 963 susceperit
866 909 1113 958 consularis,
1127 918 1173 948 ut
1187 907 1407 948 Ciceronis
1421 920 1498 949 est.
1517 909 1734 955 Quoniam

316 964 421 1005 mihi
446 975 584 1005 tacere
616 980 700 1006 non
732 965 869 1016 licuit,
889 965 1002 1020 leges
1033 980 1129 1019 quae
1153 965 1231 1005 tibi
1263 980 1433 1005 necesse
1463 975 1527 1006 est
1558 965 1736 1006 molesta

313 1036 418 1062 esse.
480 1021 651 1062 Etenim
686 1024 776 1078 ipse
809 1024 961 1071 sentio,
984 1033 1145 1077 quanto
1174 1036 1271 1062 cum
1304 1021 1449 1062 dolore
1481 1023 1575 1063 haec
1607 1022 1658 1063 ad
1691 1031 1734 1063 te

312 1078 657 1134 perscripserim:
707 1095 784 1120 ιιΕΕ
815 1080 981 1135 ignoro,
1019 1080 1121 1135 quid
1155 1079 1310 1120 senti-is
1346 1080 1388 1119 in
1427 1079 1658 1135 republica,
1691 1089 1734 1120 et

311 1151 440 1190 quam
463 1137 730 1192 desperatam
752 1152 923 1192 quoque
948 1151 1083 1177 sanari
1110 1147 1232 1192 putes
1255 1151 1391 1192 posse.
1455 1137 1547 1177 Nee
1570 1137 1735 1177 meher-

312 1193 406 1234 cule
429 1203 484 1245 te,
507 1193 667 1244 Attice,
693 1194 969 1249 reprehendo.
1030 1193 1152 1234 iEtas
1183 1195 1488 1244 eni1n‚1noreS,
1511 1195 1648 1245 liberi,
1670 1208 1735 1234 se-

311 1263 442 1305 gnem
473 1251 690 1292 efficiunt:
724 1252 839 1306 quod
870 1252 1042 1305 quidem
1065 1252 1193 1291 etiam
1225 1265 1276 1291 ex
1302 1225 1450 1291 'Flavio
1475 1261 1621 1291 nostro
1642 1265 1737 1307 per-

312 1307 450 1362 spexi.
511 1307 593 1348 Sed
617 1308 742 1348 redeo
771 1307 822 1349 ad
849 1307 1117 1349 Ciceronem.
1180 1307 1296 1354 Quid
1330 1308 1440 1348 inter
1462 1308 1737 1350 Salvidenum

310 1376 355 1405 et
375 1379 472 1405 eum
496 1363 700 1407 interest?
733 1364 850 1411 Quid
882 1375 1023 1406 autem
1048 1364 1229 1420 amplius
1262 1364 1329 1405 ille
1360 1365 1631 1407 decerneret?
1661 1365 1737 1407 Ti-

310 1431 415 1473 met,
457 1422 639 1476 inquies,
680 1423 809 1463 etiam
854 1437 967 1463 nunc
1010 1421 1206 1476 reliquias
1248 1421 1345 1462 belli
1389 1422 1541 1463 civilis.
1603 1423 1735 1470 Quis-

311 1493 440 1543 quam
462 1493 565 1534 ergo
589 1479 650 1520 ita
672 1480 795 1520 timet
818 1480 1109 1535 profligatum,
1133 1489 1179 1519 ut
1200 1492 1336 1533 neque
1368 1479 1604 1534 potentiam
1628 1479 1736 1535 ejus,

311 1536 383 1589 qui
415 1536 654 1577 exercitum
696 1537 901 1578 victorem
935 1536 1105 1587 habeat,
1137 1551 1274 1590 neque
1307 1536 1588 1577 temeritatem
1632 1552 1736 1593 pue-

311 1594 345 1633 1i
380 1602 502 1648 putet
531 1594 894 1635 extimescendam
937 1595 1054 1635 esse?
1113 1592 1179 1634 An
1213 1593 1295 1633 hoc
1328 1593 1466 1649 ipsum
1497 1608 1546 1634 ea
1588 1608 1632 1635 re
1672 1594 1736 1636 fa-

312 1650 387 1700 cit,
417 1649 532 1705 quod
573 1650 630 1691 illi
675 1660 849 1706 piopter
879 1650 1217 1718 amplitudinem
1239 1651 1382 1690 omnia
1406 1664 1514 1705 ιιιιιι,
1537 1650 1733 1706 ultroque

177 1721 210 1753 r
229 1712 301 1743 ⁶288
313 1706 541 1748 deferenda
571 1717 719 1763 putat.
713 1711 724 1738 Ξ
773 1708 813 1748 Ο
837 1722 975 1762 magn
969 1722 1036 1749 im
1068 1707 1291 1748 stultitiam
1316 1708 1495 1758 timoris,
1515 1708 1588 1748 id
1580 1723 1736 1764 ipsum,

269 1764 427 1819 a·quod
460 1765 655 1815 verearis,
688 1765 748 1804 ita
777 1779 941 1815 cavere,
975 1775 1034 1814 ut,
1066 1779 1165 1805 cum
1209 1765 1342 1804 xitare
1374 1764 1552 1805 fortasse
1585 1776 1735 1820 potue-

311 1823 382 1871 ris,
413 1821 525 1861 ultro
567 1836 752 1862 arcessas
790 1833 832 1863 et
873 1821 1085 1863 attrahas!
1149 1821 1340 1862 Nimium
1388 1822 1586 1862 timemus
1614 1837 1736 1863 mor-

312 1889 414 1929 tem,
445 1888 489 1919 et
519 1878 733 1929 exsilium,
764 1889 807 1920 et
846 1888 1156 1934 paupertatem.
1197 1877 1291 1919 liaec
1334 1877 1531 1919 xidentui
1562 1879 1738 1920 Cicero-

314 1936 357 1977 ni
392 1934 544 1976 ultima
574 1950 665 1976 esse
695 1936 739 1975 in
771 1951 834 1976 mv
830 1937 916 1977 lis:
956 1946 1012 1985 et,
1043 1935 1144 1976 dum
1175 1935 1333 1976 habeat
1363 1950 1387 1975 a
1417 1935 1600 1991 quibus
1603 1937 1738 1992 impc-

315 2002 398 2033 tret
424 2007 521 2048 quae
549 1992 664 2043 velit,
686 2002 728 2033 et
751 2008 775 2033 a
807 1994 963 2048 quibus
996 1992 1175 2042 colitur,
1206 2008 1256 2033 ac
1290 1992 1510 2045 l·1u(letur;
1553 1995 1734 2035 servitu-

313 2062 415 2099 tem,
448 2050 727 2090 honoiificam
759 2051 904 2100 modo,
929 2064 1014 2090 non
1045 2060 1318 2105 ιι5ρΕι-ιιιειωι·
1362 2050 1394 2089 si
1427 2051 1659 2105 qiiidquam
1692 2051 1737 2093 in

309 2116 504 2147 extrema
533 2121 583 2147 ae
614 2107 851 2147 miserrima
891 2107 1151 2148 exonttmelia
1185 2116 1325 2162 potest
1355 2106 1640 2149 honorificum
1672 2122 1737 2150 es-

311 2178 369 2204 se.
430 2164 551 2205 Licet
581 2178 684 2220 eigo
718 2175 879 2218 pffttieni
912 2164 1098 2219 appellet
1130 2163 1337 2204 Octavius
1371 2163 1640 2216 Ciceronem,
1674 2180 1738 2207 re-

311 2221 420 2261 fer-it
460 2221 619 2270 omnia,
628 2197 820 2272 blanden,
861 2222 1020 2276 gratias
1062 2231 1191 2276 ιιο·;ιιι
1244 2232 1386 2261 nmen
1425 2221 1527 2263 iilud
1558 2237 1739 2278 appare-

314 2279 392 2329 bit,
415 2278 544 2318 verba
574 2278 698 2318 rebus
728 2293 819 2318 Ε55Ε
849 2278 1077 2318 contraria
1138 2278 1253 2324 Quid
1286 2278 1399 2318 enim
1432 2288 1516 2319 tam
1549 2279 1736 2322 alienum

311 2336 366 2376 ab
398 2335 594 2375 humanis
640 2334 833 2375 sensibus
864 2347 943 2386 est,
975 2350 1099 2390 quam
1145 2350 1241 2375 eum
1274 2336 1405 2390 patris
1438 2336 1593 2377 habere
1624 2337 1734 2388 loco,

309 2393 380 2446 qui
417 2407 467 2432 ne
498 2392 618 2432 ΙίὺΕιί
653 2392 824 2446 (iuidem
848 2392 1035 2432 hominis
1068 2406 1244 2432 numero
1277 2392 1358 2433 sit?
1408 2392 1543 2456 Atqui
1567 2408 1617 2434 eo
1642 2405 1733 2434 ten-

307 2449 386 2499 dit,
419 2450 458 2489 id
491 2451 596 2504 agit,
627 2432 680 2489 ad
711 2464 808 2488 eum
840 2450 1004 2490 exitum
1030 2459 1231 2504 properat
1265 2449 1327 2488 vii
1355 2451 1562 2513 optimus,
1602 2459 1648 2490 ut
1679 2452 1734 2491 sit

304 2506 366 2546 illi
411 2481 618 2546 ΟΕῐιιῦνίιι5
659 2506 885 2562 propitius.
946 2505 1041 2561 Ego
1076 2520 1174 2546 vero
1210 2506 1302 2561 jam
1336 2506 1387 2547 irs
1425 2507 1588 2547 artibus
1627 2507 1735 2549 nihil

340 2651 382 2681 66
406 2649 604 2681 sustinuisse
623 2651 741 2680 bellum
760 2650 907 2690 Antonii]
934 2652 997 2681 Co·
1082 2652 1121 2682 68
1148 2661 1209 2680 non
1231 2651 1493 2686 dominationem,
1509 2661 1585 2688 non,
1606 2653 1664 2683 sed
1683 2654 1737 2684 do.

300 2693 438 2723 hit-uisse
465 2699 497 2723 et
520 2692 726 2733 oppressisse,
750 2703 794 2724 sc.
819 2704 876 2733 per
898 2693 998 2723 Octa-
1040 2695 1166 2723 minum
1182 2693 1358 2723 Antonium
1375 2698 1399 2723 t.
1412 2693 1452 2732 3.]
1471 2693 1618 2725 Olivetus
1632 2698 1735 2735 conji-

298 2746 397 2764 uum.
1039 2736 1144 2765 ciebat
1167 2735 1360 2773 legendum:
1386 2745 1447 2765 uon
1469 2736 1733 2776 dominationem,

338 2780 376 2810 67
406 2778 441 2806 in
469 2777 602 2807 Antonii
629 2778 733 2807 Ioctm
754 2777 919 2816 successio]
946 2777 995 2806 Ut
1037 2787 1099 2806 non
1127 2778 1306 2813 dominum,
1334 2778 1390 2808 sed
1414 2778 1612 2810 Antonium:
1647 2781 1733 2818 quod

288 2821 360 2858 jam
383 2819 476 2855 alius,
502 2819 667 2854 (tenuius,
691 2829 744 2858 ινφ
761 2829 779 2850 Ε
802 2825 918 2859 potens
941 2820 994 2855 sit,
1039 2819 1163 2859 placuit
1185 2819 1380 2850 Alemanno.
1402 2819 1478 2858 quid
1493 2821 1532 2856 si,
1555 2831 1617 2851 non
1631 2823 1733 2854 domi-

295 2869 392 2900 atqne
409 2861 462 2891 ille
476 2862 550 2899 x'u‘zt,
568 2867 624 2893 aut
638 2862 768 2892 {uzurus
784 2868 867 2893 emt.
1038 2862 1214 2900 nationem,
1230 2862 1285 2892 sed
1298 2862 1465 2893 dmuinum
1481 2863 1682 2895 Antonium!
