1940 3231
675 122 711 159 L
723 123 737 160 1
750 122 785 158 Β
794 121 831 157 E
841 120 880 157 R
906 116 995 158 vn,
1458 117 1541 152 *6525

537 223 771 267 CICERO
801 221 1031 264 ATTICO
1064 221 1109 262 S.

98 270 203 332 DE
234 291 528 334 Vennonianis
551 293 675 333 rebus
698 291 775 331 tibi
808 290 1031 331 assentior.
1094 286 1333 329 Labienum
1363 287 1540 342 ὅμαιμ-

99 347 216 390 dico.
248 350 413 391 facinus
429 349 597 404 jamdiu
621 347 782 388 nullum
807 348 934 388 civile
957 345 1225 403 praeclarius:
1258 344 1331 398 qui
1357 353 1402 382 ut
1424 344 1540 386 aliud

100 405 225 457 nihil,
247 406 331 449 hoc
364 417 504 447 tamen
538 405 746 461 profecit3
778 404 897 446 dedit
925 405 983 446 illi
1007 403 1214 444 dolorem.
1237 400 1308 441 sed
1333 399 1461 440 etiam
1485 401 1539 442 ad

101 477 313 505 summam
346 462 587 519 profectum
622 461 785 517 aliquid
820 472 940 518 puto.
966 464 1110 502 ¹7amo
1140 459 1270 500 etiam
1306 457 1536 499 Pisonem:

96 520 222 575 cujus
245 520 462 576 judicium
495 519 548 560 de
578 533 738 576 genero
766 520 961 576 suspicor
984 518 1120 559 visum
1145 517 1194 558 iri
1218 530 1362 572 grave.
1385 528 1537 569 quam-

100 591 246 631 quam,
279 591 413 634 genus
448 576 544 617 belli
580 577 695 632 quod
729 577 799 628 sit,
833 577 967 618 vides.
1001 576 1062 617 ita
1094 574 1219 616 civile
1251 582 1330 624 est,
1370 581 1417 612 ut
1448 585 1538 612 non

98 647 153 674 ex
188 635 348 675 civium
381 633 662 687 dissensione,
696 634 769 675 sed
804 649 860 675 ex
894 635 1019 675 unius
1051 631 1206 688 perditi
1229 629 1336 672 civis
1358 627 1539 670 audacia

99 699 249 731 nalum
282 691 351 731 sit.
384 690 418 731 is
450 701 594 732 autem
626 691 738 733 valet
770 692 996 743 exercitu3
1037 698 1153 730 tenet
1190 687 1347 730 multos
1384 700 1458 742 spe
1493 695 1538 728 et

97 747 350 803 promissis-3
382 749 529 790 onmia
563 749 759 790 omnium
796 748 1063 805 concupivit.
1103 747 1204 787 huie
1243 745 1401 786 tradita
1434 744 1536 786 urbs

95 817 176 854 est,
199 805 314 846 nuda
334 807 553 862 praesidio,
573 806 728 847 referta
751 806 904 862 copiis.
925 805 1029 862 quid
1055 814 1135 855 est,
1157 803 1272 859 quod
1295 802 1350 842 ab
1374 816 1424 841 eo
1448 815 1534 842 non

94 872 276 913 metuas,
299 864 372 918 qui
405 863 477 904 illa
508 864 668 920 templa
698 874 742 905 et
764 873 894 915 tecta,
918 878 1000 905 non
1026 863 1223 918 patriam,
1247 860 1318 900 sed
1344 858 1536 915 praedam

92 921 249 974 putet?
280 921 383 975 quid
410 932 554 961 antem
585 923 641 962 sit
671 932 858 972 acturus,
882 931 956 962 aut
977 935 1062 976 quo
1087 919 1231 969 modo,
1257 917 1418 966 nescio,
1443 916 1534 956 sine

90 985 260 1031 senatu,
284 979 375 1019 sine
409 979 678 1033 magistratu.
709 993 763 1020 ne
793 978 992 1019 simulare
1018 977 1192 1031 quidem
1221 974 1381 1030 poterit
1413 973 1536 1028 quic-

80 1046 226 1088 quam
257 1039 449 1080 πολιτικῶς.
488 1049 564 1077 nos
601 1045 745 1077 autem
781 1037 853 1077 ubi
885 1048 1116 1090 exsurgere
1153 1032 1417 1088 poterimus?
1460 1040 1536 1071 aut

95 1092 300 1144 quando?
331 1106 513 1147 quorum
537 1093 626 1134 dux
659 1108 787 1148 qnam
810 1100 1048 1148 ἀςξοιτήγητος,
1074 1100 1119 1131 tu
1147 1103 1320 1145 quoque
1342 1089 1535 1128 animad-

93 1148 253 1201 vertis3
289 1150 405 1190 lsscui
432 1164 483 1190 ne
507 1150 668 1191 Picena
695 1150 871 1205 quidem
893 1159 997 1189 nota
1019 1148 1202 1188 fuerint:
1236 1161 1365 1201 quam
1390 1156 1535 1186 autem

93 1205 187 1246 sine
217 1206 414 1257 consilio,
437 1222 501 1247 res
524 1208 659 1248 testis.
695 1218 742 1248 ut
763 1207 879 1248 enim
910 1205 992 1246 alia
1013 1205 1212 1246 omittam
1238 1207 1275 1238 19
1288 1204 1436 1244 decem
1459 1218 1535 1242 an-

1558 226 1608 265 13

92 1276 248 1305 norum
281 1274 473 1320 peccata,
495 1266 646 1320 ‘2⁰quae
677 1265 871 1306 conditio
902 1278 988 1304 non
1017 1263 1117 1304 huic
1149 1261 1267 1318 fugae
1299 1259 1576 1317 praesiititffb.

94 1334 176 1362 nec
196 1336 296 1362 vero
317 1336 433 1362 nunc
462 1322 566 1377 quid
588 1323 754 1378 cogitet
775 1322 890 1363 scio:
923 1336 972 1361 ac
997 1335 1081 1361 non
1103 1320 1252 1361 desino
1275 1332 1351 1374 per
1371 1317 1534 1358 litteras

95 1378 320 1420 sciscitari.
366 1378 473 1420 nihil
507 1394 598 1420 esse
638 1380 830 1421 timidius
865 1387 1051 1429 constat,
1085 1376 1194 1418 nihil
1227 1374 1534 1432 perturbatius.

93 1434 242 1491 itaque
266 1451 344 1478 nec
371 1437 636 1492 praesidium,
660 1438 782 1493 cujus
816 1435 993 1493 parandi
1017 1450 1146 1476 eausa
1167 1437 1203 1464 2¹
1221 1433 1272 1474 ad
1298 1433 1447 1474 urbem
1470 1446 1536 1472 re-

96 1500 240 1534 tentus
262 1503 340 1545 est,
364 1509 443 1535 nec
474 1495 615 1536 locum
639 1510 688 1535 ac
712 1495 854 1535 sedem
892 1493 1077 1549 praesidii
1104 1491 1232 1532 ullam
1268 1491 1406 1531 video.
1440 1505 1534 1545 spes

91 1551 235 1591 omnis
266 1553 361 1592 22in
386 1552 568 1603 duabUS,
592 1552 803 1593 invidiose
825 1551 1016 1601 retentis,
1038 1564 1160 1605 paene
1182 1548 1330 1589 alienis
1353 1547 1536 1603 legioni-

92 1608 188 1649 bus.
221 1623 319 1650 nam
353 1608 542 1650 delectus
572 1609 714 1651 adhuc
747 1609 922 1665 quidem
955 1608 1187 1648 invitorum
1223 1616 1302 1656 est,
1324 1615 1366 1646 et
1399 1621 1424 1645 a
1458 1620 1535 1661 pu-

87 1666 266 1720 gnando
286 1666 626 1708 abhorrentium.
649 1667 950 1708 conditionum
972 1674 1116 1706 autem
1137 1663 1339 1705 amissum
1366 1671 1534 1718 tempus
1574 1714 1577 1716 q

91 1732 170 1763 est.
202 1723 306 1778 quid
328 1724 519 1765 futurum
544 1725 613 1776 sit,
636 1740 721 1766 non
748 1725 885 1765 video.
917 1723 1195 1764 commissum
1214 1720 1388 1776 quidem
1411 1714 1535 1760 afflo-

93 1780 158 1821 bis
181 1792 296 1822 certe
319 1791 396 1832 est,
420 1782 509 1823 sive
531 1798 556 1823 a
589 1793 735 1824 nostro
759 1782 881 1832 duce,
906 1791 966 1831 ut,
989 1795 1012 1820 e
1050 1789 1177 1836 portu
1201 1780 1290 1819 sine
1321 1778 1547 1833 guberna-.

91 1837 199 1879 culis
230 1840 405 1895 egressi,
439 1841 686 1896 tempestati
720 1855 796 1880 nos
829 1838 1106 1880 traderemus,
1145 1838 1290 1891 itaque
1321 1837 1374 1876 de
1409 1834 1534 1875 Cive-

94 1896 271 1937 ronibus
314 1897 470 1938 nostris
509 1898 663 1939 dubito
703 1897 806 1952 quid
849 1910 991 1952 agam.
1038 1910 1137 1935 nam
1178 1893 1284 1934 mihi
1318 1892 1533 1941 interdurn

92 1953 350 1996 amandandi
384 1955 585 1996 videntur
607 1955 652 1997 in
687 1953 920 1997 Graeciam.
953 1953 1005 1994 de
1039 1951 1180 1995 Tullia
1201 1961 1345 1992 autem
1377 1960 1421 1990 et
1452 1948 1534 1990 Te-

135 2115 172 2147 17
196 2122 271 2143 amo
294 2123 321 2144 e.
337 2112 508 2153 Pisonem]
541 2114 640 2144 Illum
657 2113 790 2144 Gabinii

89 2155 251 2195 collegam
274 2156 462 2195 quondam:
486 2157 540 2196 qui
564 2162 636 2187 tum
652 2158 790 2193 Censor,

89 2199 291 2230 adventante
314 2200 456 2234 Caesare,
472 2200 587 2229 urbem
603 2199 726 2239 pariter
740 2208 790 2228 re-

87 2241 242 2282 liquerat,
259 2251 361 2280 eaque
378 2251 410 2271 re
424 2242 625 2278 ostenderat,
643 2242 703 2271 sibi
719 2241 792 2272 Cae-

88 2285 179 2320 saris,
195 2285 286 2323 enjus
309 2293 401 2313 socer
413 2289 495 2318 erat,
511 2293 641 2314 causam
665 2285 788 2323 impro-

88 2326 178 2358 bari:
202 2326 289 2366 quod
309 2326 430 2356 dieitur
442 2325 611 2366 judicium
628 2327 667 2357 de
690 2335 788 2365 gene-

87 2378 138 2408 m,
153 2375 188 2400 et
201 2368 331 2408 quidem
345 2378 461 2406 grave.

135 2415 172 2443 18
195 2412 249 2441 cui
272 2421 312 2441 ne
334 2411 461 2441 Picena
485 2421 515 2451 q.
539 2415 618 2441 nota
631 2409 784 2450 fuerint]

89 2455 151 2487 Cui
170 2464 210 2484 ne
225 2454 382 2484 Picenum
399 2453 530 2492 quidem
552 2454 600 2484 ita
612 2453 784 2493 cognitum

87 2497 166 2534 fuit,
182 2506 258 2527 eum
273 2502 359 2526 esset
382 2496 461 2526 satis
486 2497 629 2526 vicinum
648 2496 731 2531 urbi,
746 2499 786 2525 ut

86 2539 300 2578 intelligeret,
315 2538 348 2569 id
372 2538 522 2579 inprimis
538 2538 693 2569 idoneum
717 2547 785 2568 esse

86 2581 130 2613 ad
151 2582 314 2612 Caesarem
330 2581 372 2611 ab
393 2581 472 2611 urbe
495 2581 685 2618 arcendum,
708 2585 742 2611 et
756 2579 789 2610 id

88 2629 265 2664 occuparet
279 2629 313 2654 et
335 2633 368 2653 se
385 2623 504 2653 Caesari
530 2623 717 2654 advenienti
732 2633 790 2663 op-

88 2672 236 2707 poneret.
268 2666 415 2697 Pertinet
432 2665 494 2695 hoc
509 2666 549 2696 ad
566 2666 689 2706 Polybii
707 2676 790 2705 prae-

87 2712 234 2748 ceptum,
249 2709 303 2747 qui
318 2709 352 2738 in
366 2709 452 2738 bono
466 2708 594 2738 ducein
611 2709 723 2749 primis
738 2718 787 2738 es-

87 2760 122 2783 se
138 2750 253 2780 debere
276 2750 349 2781 vult
370 2750 586 2791 Geographiae
613 2751 787 2781 seientiam

87 2792 204 2827 talem,
218 2802 291 2831 quae
313 2793 408 2829 situs,
426 2793 611 2832 regionum,
627 2798 787 2833 opportu-

87 2835 223 2870 nitateS,
239 2835 448 2865 incommoda
464 2837 522 2866 &a
537 2836 578 2866 ad
590 2836 714 2866 bellum
732 2845 787 2875 ge-

84 2876 228 2909 rendum
263 2876 395 2913 habeat,
428 2878 562 2917 ejusque
597 2879 788 2918 ignorantia

144 2932 254 2962 VOL·
277 2932 356 2963 111.
382 2933 424 2961 P.
449 2933 506 2961 11,

832 2122 920 2154 saepe
934 2111 1078 2153 graviter
1094 2119 1242 2151 peccasse
1256 2108 1354 2139 duces
1369 2107 1458 2138 belli.

880 2158 917 2190 19
938 2157 1047 2186 decem
1068 2162 1232 2184 annorum
1248 2151 1400 2192 peccata]
1434 2151 1529 2181 Pom-

832 2198 912 2238 peii,
927 2197 1002 2229 inde
1019 2197 1060 2228 ab
1075 2206 1115 2226 eo
1138 2200 1300 2235 tempore,
1317 2204 1380 2232 quo
1404 2203 1437 2223 se
1454 2203 1530 2223 cuin

834 2241 963 2271 Caesare
992 2238 1185 2280 conjunxit:
1218 2237 1272 2277 qui
1303 2237 1394 2267 fuere
1417 2236 1531 2267 decem

830 2284 922 2314 anni.

873 2327 914 2356 20
936 2333 1007 2365 quoe
1021 2322 1173 2363 conditio]
1200 2322 1260 2351 int.
1278 2331 1297 2351 a
1312 2320 1438 2351 Caesare
1454 2330 1529 2360 pro-

829 2368 939 2407 posita
975 2367 1131 2406 Pompeio
1174 2363 1404 2394 conservandae
1442 2363 1530 2403 pacis

831 2419 940 2440 causa.
955 2409 1073 2439 melius
1084 2408 1148 2438 fuit
1159 2416 1291 2437 omnem
1305 2405 1530 2435 conditionem

828 2453 987 2492 accipere,
1003 2451 1150 2491 quamvis
1164 2449 1292 2485 duram,
1304 2458 1402 2487 quam
1413 2449 1528 2478 urbem

828 2494 876 2524 ita
891 2494 1085 2533 relinquere.

872 2540 908 2566 21
934 2537 981 2567 ad
1001 2537 1114 2566 urbem
1136 2538 1282 2564 retentas
1303 2532 1363 2572 est]
1396 2532 1479 2563 Cum
1495 2532 1533 2563 in

832 2579 1034 2619 provinciam
1073 2587 1167 2608 suam
1195 2577 1242 2607 ire
1272 2580 1382 2616 posset
1413 2576 1531 2616 Hispa-

833 2622 937 2659 niam,
965 2631 1064 2661 quain
1088 2630 1146 2661 per
1168 2619 1294 2658 legatos
1323 2618 1533 2653 administra,-

833 2663 901 2694 bat.

872 2708 914 2738 22
947 2706 983 2736 in
1012 2705 1139 2736 duabus
1152 2720 1195 2727 —
1208 2702 1400 2742 legionibus]
1439 2702 1529 2742 Quas

831 2748 1005 2789 Pompeius
1021 2747 1160 2778 retinuit
1172 2746 1205 2776 in
1220 2746 1352 2786 Apulia,
1367 2755 1441 2775 cum
1459 2745 1530 2775 Cae-

830 2792 894 2822 sari
910 2797 1019 2821 essent
1034 2789 1188 2825 decretae,
1203 2789 1263 2820 sub
1278 2788 1383 2828 specie
1400 2785 1528 2816 Parthi-

831 2833 860 2863 ei
876 2833 974 2864 belli:
1004 2832 1093 2863 unde
1114 2832 1143 2862 ei
1159 2840 1280 2871 magna
1302 2828 1435 2864 invidia,
1450 2828 1530 2865 sive,

831 2881 871 2907 ut
885 2877 996 2907 Caesar
1011 2875 1092 2906 dicit
1106 2873 1145 2905 de
1160 2873 1199 2905 B.
1217 2875 1254 2905 C.
1271 2872 1300 2908 1,
1312 2875 1342 2903 4.
1360 2871 1507 2903 infamia.

793 2933 863 2960 ,Si
