1940 3231
811 50 816 77 l

705 153 912 194 LIBER
949 154 1021 192 XI.
1513 156 1593 198 737

577 258 812 305 CICERO
844 255 1074 303 ATTI'CO
1107 255 1151 296 S.
1602 260 1651 297 18

142 313 241 370 DE
263 327 375 371 illius
399 327 660 371 Alexandria
673 325 1017 375 discessu,nihil
1035 323 1177 365 adhue
1198 322 1394 374 rumoris,
1414 332 1586 366 contra·

137 400 221 441 que
243 388 407 442 opinio,
425 387 545 428 valde
568 398 658 426 esse
684 384 956 440 impeditum.
979 383 1125 437 itaque
1146 395 1225 421 nec
1249 380 1391 430 mitto,
1412 390 1459 420 ut
1481 396 1586 422 con-

136 444 375 496 stitueram,
409 444 679 492 Ciceronem,
709 452 752 483 et
785 450 825 481 te
858 455 979 496 rogo,
1012 450 1058 480 ut
1090 439 1132 474 96
1148 452 1214 479 me
1237 437 1339 478 hine
1361 438 1584 493 expedias.

134 501 320 555 quodvis
350 501 464 542 enim
497 499 758 556 supplicium
791 499 925 539 levius
957 508 1022 539 est
1049 497 1131 538 hac
1165 495 1479 552 permansione.
1504 495 1585 536 hac

135 558 190 598 de
213 573 256 599 re
277 569 321 600 et
343 559 393 599 ad
418 557 657 598 Antonium
680 557 846 613 scripsi,
869 565 912 596 et
934 556 985 596 ad
1013 555 1213 604 Balbum,
1232 562 1275 593 et
1297 553 1348 594 ad
1370 552 1583 609 Oppium.

135 615 226 657 sive
247 616 360 656 enim
386 615 543 655 bellum
576 615 618 655 in
650 614 776 655 [talia
805 613 998 655 futurum
1027 623 1106 663 est,
1130 612 1220 652 sive
1252 611 1460 652 classibus
1489 619 1582 650 ute-

135 681 228 725 tur3
260 672 331 713 hic
349 686 441 712 esse
460 687 542 723 me,
563 672 741 713 minime
758 671 988 713 convenit:
1011 683 1193 725 quorum
1216 669 1396 709 fortasse
1417 678 1626 709 utrum-1³·
1647 669 1715 701 182.

133 744 217 785 que
238 729 343 781 erit;
375 729 557 770 alterum
577 738 707 771 certe.
729 729 922 770 intellexi
941 729 1121 769 omnino
1140 741 1193 767 ex
1214 726 1348 783 Oppii
1370 723 1624 776 sei·inone,³·

133 801 263 842 quem
288 796 334 827 tu
358 787 463 829 mihi
488 787 829 844 scripsisti,quae
854 787 1034 827 istorum
1060 785 1129 826 via
1147 794 1282 825 esset:
1309 785 1396 835 sed,
1419 793 1465 824 ut
1487 799 1583 825 earn

133 844 299 895 flectas,
321 853 364 885 te
396 859 519 901 rogo,
554 845 661 886 nihil
688 846 866 886 omnino
883 844 977 899 jam
1000 853 1225 899 exspecto,
1250 842 1330 882 nisi
1363 842 1582 884 miserum.

132 901 205 942 sed
229 901 313 943 hoc
337 903 559 957 perditius,
580 903 621 944 in
644 918 730 958 quo
750 918 865 943 nunc
885 917 994 952 sum,
1015 901 1105 941 fieri
1129 901 1234 940 nihil
1257 909 1414 956 potest.
1435 913 1581 954 quare,

130 968 174 1000 et
196 974 296 1000 cum
319 960 514 1001 Antonio
550 961 738 1016 loquare,
775 960 917 1011 velim,
945 963 980 993 9]
1001 969 1043 1000 et
1066 973 1165 999 cum
1190 957 1308 1009 istis;
1339 969 1382 997 et
1406 972 1511 1007 rem,
1537 967 1583 998 ut

127 1017 306 1072 poteris,
328 1019 561 1074 expedias3
593 1029 636 1059 et
671 1018 776 1058 mibi
808 1017 1130 1073 quamprimum
1153 1015 1206 1056 de
1228 1015 1431 1057 omnibus
1454 1016 1581 1056 rebus

126 1075 351 1117 rescribas.
414 1076 534 1118 Vale.
561 1091 636 1117 xu
664 1075 763 1116 Kal.
788 1075 950 1122 Quint.

568 1165 804 1208 CICERO
836 1163 1066 1206 ATTICO
1100 1163 1144 1204 S.
1596 1161 1649 1204 19

125 1225 168 1279 ‚93
184 1221 329 1276 CUM
356 1234 439 1281 tuis
469 1235 570 1276 dare
602 1242 770 1291 possem
801 1234 980 1284 litteras,
1003 1247 1088 1273 non
1115 1230 1397 1288 praetermisi:
1429 1235 1470 1266 99
1484 1232 1582 1284 etsi,

127 1293 244 1346 quod
279 1293 526 1344 scriberem,
562 1308 645 1334 non
681 1293 910 1334 habebam.
947 1301 990 1332 tu
1017 1290 1068 1331 ad
1090 1305 1167 1330 nos
1191 1299 1233 1330 et
1257 1288 1389 1329 rarius
1413 1290 1582 1340 scribis,

126 1364 256 1404 quam
281 1349 462 1400 solebas,
485 1360 527 1391 et
552 1351 749 1392 brevius:
782 1350 926 1400 credo,
946 1350 1047 1404 quia
1072 1347 1180 1388 nibil
1205 1347 1352 1396 habes,
1372 1347 1487 1401 quod
1512 1362 1582 1391 me

127 1415 252 1462 putes
275 1407 460 1448 libenter
492 1408 648 1465 legere,
672 1416 742 1449 aut
773 1407 920 1449 audire
952 1421 1091 1462 posse.
1115 1414 1410 1446 verumtamen
1436 1405 1582 1457 velim,

126 1465 160 1505 si
201 1464 304 1520 quid
342 1465 438 1516 erit,
468 1466 783 1521 qualecumque
815 1465 911 1515 erit,
946 1464 1123 1505 scribas.
1154 1473 1218 1503 est
1253 1472 1395 1503 autem
1430 1477 1581 1513 unum,

123 1522 240 1577 quod
273 1522 380 1563 mihi
418 1524 472 1564 sit
494 1524 750 1580 optandum,
780 1523 812 1564 si
838 1522 940 1578 quid
965 1522 1035 1577 agi
1060 1521 1112 1561 de
1137 1535 1242 1576 pace
1265 1520 1427 1576 possit:
1461 1521 1581 1576 quod

125 1579 240 1621 nulla
263 1580 462 1635 equidem
500 1582 639 1622 liabeo
671 1581 712 1621 in
748 1595 838 1636 spe.
872 1580 959 1630 sed,
989 1578 1091 1634 quia
1121 1588 1165 1619 tu
1190 1577 1340 1618 leviter
1363 1577 1579 1620 interdum

126 1637 363 1694 significaS,
388 1639 511 1694 cogis
535 1653 603 1680 me
628 1653 811 1694 sperare,
835 1637 950 1693 quod
974 1635 1212 1692 optandum
1241 1636 1312 1676 vix
1337 1645 1415 1675 est.
1479 1636 1584 1677 Phi-

121 1694 299 1737 lotimus
335 1695 496 1737 dicitur
531 1696 722 1737 100Idib.
759 1696 882 1737 Sext.
917 1694 1024 1736 nibil
1049 1694 1188 1734 babeo
1212 1693 1265 1734 de
1288 1692 1359 1733 illo
1382 1693 1582 1749 ampliuS.

125 1764 188 1804 tu,
220 1752 363 1804 velim,
401 1755 452 1794 ad
487 1769 538 1795 ea
568 1755 675 1795 mihi
707 1754 932 1804 rescribas,
966 1767 1063 1807 quae
1099 1752 1151 1792 ad
1187 1761 1229 1792 te
1259 1760 1386 1792 antea
1415 1752 1582 1807 scripsi.

125 1811 232 1852 mihi
259 1820 424 1852 tantum
452 1813 660 1868 temporis
695 1812 798 1852 satis
832 1820 910 1861 est,
935 1811 1053 1859 dum,
1078 1818 1125 1849 ut
1154 1809 1196 1850 in
1221 1808 1416 1866 pessimis
1441 1810 1583 1862 rebus,

123 1869 288 1925 aliquid
323 1883 517 1922 caveam,
556 1870 630 1925 qui
669 1869 778 1910 nihil
816 1883 1023 1924 umquam
1061 1867 1173 1908 cavi.
1236 1867 1355 1908 Vale.
1390 1881 1444 1909 XI
1482 1866 1582 1909 Kal.

121 1927 244 1968 ΒΕΑ
563 1982 800 2026 CICERO
831 1981 1062 2024 ATTICO
1095 1982 1140 2022 S.
1587 2002 1644 2044 20

122 2040 409 2095 SEPTIMO
432 2053 602 2096 decimo
628 2054 726 2095 Kal.
751 2054 872 2118 Sept..
906 2061 1081 2093 venerat
1108 2051 1177 2092 die
1203 2064 1355 2091 xxtix
1380 2049 1579 2092 Seleucia

121 2110 267 2153 Pieria
313 2111 395 2152 lC.
429 2111 688 2162 Trebonius,
722 2112 756 2152 is
793 2127 866 2166 qul
903 2126 946 2151 se
983 2109 1233 2152 Antiochiae
1266 2108 1429 2148 diceret
1459 2109 1575 2163 apud

121 2168 340 2211 Caesarem
365 2168 522 2210 vidisse
546 2170 762 2216 Quintum
787 2169 921 2209 filium
947 2183 1045 2208 cum
1075 2167 1238 2208 Hirtio.
1259 2180 1331 2205 eos
1354 2165 1406 2206 de
1431 2166 1571 2212 Quin-
1584 2186 1618 2219 b.

117 2235 178 2278 to,
200 2241 298 2283 quae
324 2227 574 2278 voluissent,
610 2228 859 2282 impetrasse
891 2226 1007 2267 nullo
1031 2224 1207 2280 quidem
1237 2224 1431 2279 negotio.
1455 2224 1575 2278 quod

116 2299 200 2341 ego
231 2284 370 2341 magis
409 2286 658 2340 gauderem,
681 2286 714 2324 si
740 2285 821 2325 ista
845 2284 969 2325 nobis
1002 2284 1234 2339 impetrata
1255 2279 1493 2336 quidquam
1519 2282 1576 2323 ad

117 2357 240 2398 spem
262 2342 476 2398 explorati
505 2343 727 2384 haberent.
752 2343 822 2383 sed
847 2351 889 2382 et
917 2341 1000 2382 alia
1031 2339 1222 2381 timenda
1244 2347 1359 2388 sunt,
1383 2339 1437 2379 ab
1460 2339 1576 2381 aliis-

115 2415 214 2456 que,
240 2409 282 2441 et
313 2401 368 2440 ab
403 2401 484 2442 boc
518 2401 629 2456 ipso.
660 2415 756 2455 quae
790 2400 963 2450 dantur,
988 2407 1035 2439 ut
1066 2414 1091 2439 a
1122 2396 1316 2445 domino,
1354 2410 1498 2437 rursus
1530 2397 1576 2440 in

113 2457 308 2514 ejusdem
332 2469 432 2499 sunt
456 2468 685 2515 potestate.
708 2458 840 2499 etiam
864 2457 1071 2498 Sallustio
1097 2455 1282 2512 ignovit,
1306 2454 1487 2496 omuino
1509 2455 1576 2497 di-

158 2572 200 2606 96
216 2581 267 2602 me
281 2573 356 2603 hine
367 2572 533 2613 expedias]
553 2574 666 2609 Cures,
679 2578 719 2603 ut
733 2572 823 2609 hinc,
867 2572 966 2603 fuerit
984 2573 1035 2602 ⁶21.
1053 2570 1108 2600 sed
1123 2569 1195 2600 edd.
1210 2579 1259 2610 pr.
1270 2570 1343 2607 jam
1357 2568 1411 2599 hic
1428 2569 1565 2601 habent.

114 2615 305 2651 Brundisio,
328 2616 416 2647 abire
434 2618 570 2658 possim,
587 2617 642 2646 ubi
667 2625 766 2657 supra
791 2625 825 2646 se
912 2618 953 2649 99
990 2615 1062 2649 etsi,
1091 2613 1177 2652 quod
1201 2613 1388 2649 scriberem,
1418 2622 1451 2644 n.
1482 2612 1575 2654 hab]

115 2657 334 2697 dixitjaeere.
867 2657 993 2696 Vulgg.
1011 2656 1100 2695 quid,
1116 2661 1155 2685 ut
1171 2654 1263 2692 aiibi,
1282 2654 1380 2686 male.

159 2703 199 2734 97
223 2703 254 2729 et
270 2710 346 2732 eum
360 2701 452 2739 iscis;
488 2705 520 2731 et
534 2711 618 2738 rem,
629 2705 714 2741 ucp.
731 2700 821 2741 exp]
915 2702 974 2729 100
998 2699 1086 2730 Idib.
1106 2697 1214 2738 Sext]
1240 2707 1285 2729 sc.
1312 2708 1351 2727 ex
1368 2698 1446 2729 Asia
1461 2702 1577 2729 ventu.

117 2747 150 2772 et
171 2746 250 2772 ante
274 2752 346 2773 rem
371 2743 549 2775 delendum
573 2749 667 2785 puto.
692 2748 723 2775 et
749 2753 825 2774 cum
869 2752 939 2773 rus.

116 2785 199 2815 istis.
216 2794 284 2814 rem
302 2789 340 2815 ut
350 2795 386 2824 p.
402 2795 474 2826 exp.
917 2788 927 2815 l
959 2783 994 2815 C.
1022 2783 1213 2820 Trebonius,
1229 2783 1256 2813 is
1273 2783 1328 2823 qm*
1351 2793 1384 2813 se
1407 2783 1482 2823 &c.]
1509 2783 1576 2814 Ad-

156 2830 197 2862 98
226 2825 308 2857 Cum
333 2829 398 2858 tuis
422 2828 495 2868 δια]
526 2828 622 2860 Hane.
646 2828 821 2869 epistolam
864 2827 931 2858 didi
945 2828 983 2864 is,
997 2831 1034 2857 ut
1049 2826 1199 2867 placebat
1213 2825 1342 2856 Graevio
1356 2836 1394 2855 ex
1408 2824 1471 2855 Ms.
1491 2825 1577 2859 Ball.

115 2870 151 2900 in
174 2869 209 2900 h.
235 2869 259 2899 l.
286 2870 462 2909 repositam
480 2874 623 2912 prunum
639 2872 822 2903 aVietorio
865 2874 901 2900 at
924 2870 970 2900 sic
984 2869 1058 2900 edd.
1079 2878 1127 2907 pr.
1149 2869 1249 2899 Rom.
1271 2868 1363 2899 Jens.
1380 2868 1440 2899 διο.
1455 2877 1577 2912 nempe

114 2911 196 2944 dicit
221 2911 383 2949 Graevius,
406 2922 483 2943 cum
508 2919 587 2946 ante
616 2915 651 2946 in
679 2914 823 2955 vulgatis
867 2912 931 2944 duo
946 2916 1045 2946 erant
1059 2913 1098 2945 C.
1114 2910 1288 2945 Trebonii.

174 2968 285 2997 v01..
310 2970 389 2999 111.
415 2968 456 2998 Ρ.
482 2969 539 2998 11.
804 2961 830 2997 3
856 2969 884 2998 B
