1940 3231
802 111 1019 151 LIBER
1057 112 1110 151 X.
1606 121 1682 158 693

226 221 437 272 superest,
459 216 614 268 scribe,
635 231 800 273 quaes0,
821 231 953 273 quam
975 217 1314 270 accuratissime,
1332 220 1444 275 (jam
1466 222 1583 264 enim
1604 238 1681 265 ex..

223 281 363 316 trema
383 276 517 326 sunt,)
548 275 652 331 quid
674 275 858 331 placeat,
885 275 991 331 quid
1015 289 1215 318 censeas:
1248 277 1330 317 etsi
1346 280 1440 332 jam
1464 280 1580 321 nulla
1601 281 1681 322 du-

226 330 381 374 bitatio
418 343 497 374 est.
530 342 690 384 tamen,
722 333 755 372 si
788 333 909 388 quid,
942 332 1008 375 vel
1039 333 1186 390 potius
1214 334 1425 391 quidquid
1461 339 1604 378 veniet
1634 340 1678 380 in

221 400 429 444 mentem,
452 390 614 432 scribas
639 389 782 432 velim.
1325 408 1327 410 ’

496 570 582 626 Μ.
622 571 910 628 TULLII
952 574 1389 629 CICERONIS

410 676 1482 751 EIVISTCJLAIRUBAE

944 803 971 828 D

689 882 1200 944 ATTICUM‚

799 980 990 1023 LIBER
1024 982 1088 1024 X.

734 1151 1145 1190 ARGUMENTUM.

206 1216 475 1266 Argumentum
507 1217 602 1253 idem
623 1214 712 1265 fere
740 1220 791 1252 est
823 1216 907 1252 libri
938 1214 1044 1260 hujus
1063 1221 1098 1252 et
1117 1219 1341 1265 superioris:
1374 1220 1611 1262 Querimonia
1629 1227 1673 1263 de

253 1271 415 1319 perditis
438 1270 589 1306 Coesuris
608 1274 642 1305 et
663 1269 831 1317 Pompeii
852 1271 1037 1306 consiliis:
1070 1270 1238 1307 Curionis
1256 1284 1479 1320 congressus,
1500 1276 1672 1325 Proproe-

258 1325 350 1359 toris
369 1325 406 1359 in
424 1323 595 1359 Siciliam
619 1324 897 1372 proficiscentis,
919 1323 1092 1371 largeque
1109 1332 1144 1359 et
1164 1324 1366 1362 liberaliter
1385 1329 1429 1364 <Ie
1452 1341 1519 1364 sua
1552 1330 1669 1367 Coesa-

254 1377 380 1423 ‘risque
405 1379 439 1412 in
463 1376 668 1412 Ciceronem
694 1377 884 1412 voluntate
907 1377 1143 1424 pollicentis:
1176 1377 1307 1418 Quinti
1324 1380 1407 1429 filii
1433 1382 1561 1424 scelus,
1592 1383 1670 1419 Ro-

255 1441 356 1464 mam
383 1428 554 1479 profech,
575 1430 786 1477 Hircioque‚
817 1434 894 1465 tum
919 1431 1042 1478 patris
1061 1434 1137 1466 tum
1154 1434 1283 1478 patrui
1304 1435 1497 1471 excedendi
1517 1437 1671 1474 consilia

255 1483 481 1518 indicantis:
512 1483 758 1525 Deliberutio,
780 1495 841 1524 an,
869 1495 948 1531 quoe
972 1484 1009 1518 iu
1028 1483 1214 1531 Hispania
1241 1491 1431 1532 gerantur,
1458 1494 1670 1536 exspectan-

255 1537 343 1572 dum
360 1537 423 1578 sii,
444 1536 493 1571 ad
512 1537 609 1583 quod
635 1540 671 1571 et
687 1538 745 1572 sui
776 1540 811 1571 et
830 1537 936 1572 multi
956 1536 1023 1572 alii
1042 1536 1312 1575 hortabantur:
1349 1539 1501 1577 Coesaris
1521 1543 1668 1587 lineae,

252 1600 300 1624 ne
317 1599 387 1636 quo
404 1590 678 1637 progrediatur,
700 1590 903 1625 monentis:
936 1589 1050 1631 Caelii,
1080 1594 1121 1624 ut
1151 1590 1303 1638 aliquod
1334 1594 1508 1642 oppidum
1537 1596 1667 1643 eligat,

255 1653 411 1677 vacuum
445 1655 468 1678 a
497 1642 602 1685 bello,
623 1643 811 1690 rogantis:
842 1643 1012 1685 Antonii,
1034 1643 1074 1678 id
1092 1644 1223 1690 ipsum,
1244 1648 1278 1680 et
1297 1647 1514 1683 mandatum
1531 1649 1600 1684 sibi
1617 1651 1668 1686 si-

252 1695 479 1744 gnificantis,
498 1707 543 1731 ne
561 1707 666 1744 quem
681 1695 799 1731 Italia
813 1696 982 1732 excedere
996 1697 1193 1744 permittat
1205 1713 1217 1733 .·
1242 1697 1460 1745 Congressus
1479 1713 1559 1737 cum
1578 1701 1665 1738 Ser-

249 1748 310 1783 vio
331 1747 523 1797 Sulpicio:
554 1749 655 1796 Fuga
677 1749 828 1784 Catonis
857 1760 899 1784 ex
918 1748 1051 1785 Sicilia
1081 1750 1118 1784 in
1147 1748 1321 1799 Africam
1353 1755 1666 1795 transmittentis.-

239 1800 397 1850 firmum
432 1804 660 1850 propositum
692 1802 958 1851 proficiscendi,
989 1803 1150 1850 primum
1186 1804 1339 1848 occulte,
1364 1811 1496 1854 postea
1525 1808 1667 1855 palam.

249 1853 408 1902 Scriptae
425 1859 509 1891 sunt
528 1855 692 1903 epistolae
711 1867 753 1891 ex
771 1860 857 1891 ante
875 1856 970 1891 (liem
991 1867 1055 1892 111.
1076 1855 1173 1892 Non.
1193 1857 1351 1904 Aprilis,
1379 1860 1429 1895 ad
1453 1872 1564 1897 111111.
1584 1862 1667 1899 Κα-

250 1906 377 1943 lendas
396 1907 544 1951 Junias,
563 1909 646 1957 plus
665 1910 809 1945 minus:
841 1909 981 1951 iisdem,
1001 1908 1046 1945 L.
1069 1908 1237 1946 Cornelio
1256 1909 1430 1955 Lentulo,
1454 1912 1491 1950 C.
1506 1913 1664 1952 Claudio

251 1959 434 1997 Marcello
455 1961 552 1999 Coss.

635 2028 740 2071 CIC
750 2027 874 2071 ERO
905 2027 1139 2072 ATTICO
1172 2031 1217 2073 S.

193 2082 208 2102 r
241 2082 255 2098 π

209 2081 236 2148 l
258 2110 451 2153 ERTIO
475 2111 626 2153 Nonas
648 2126 749 2153 cum
772 2111 817 2152 in
841 2110 1063 2153 Laterium
1086 2109 1232 2152 fratris
1252 2110 1483 2163 venissem,
1505 2113 1657 2169 accepi

1679 2041 1695 2076 1

191 2169 373 2221 litteras,
401 2173 472 2211 let
495 2169 733 2226 paullulum
757 2169 991 2234 respiravi?
1020 2169 1138 2225 quod
1163 2178 1263 2226 post
1283 2168 1360 2210 has
1379 2169 1523 2211 ruinas
1544 2170 1656 2213 mihi
1680 2224 1684 2226 Y

191 2243 282 2270 non
318 2228 550 2271 acciderat.
584 2242 662 2285 per
693 2227 810 2268 enim
841 2242 990 2284 magnl
1024 2227 1212 2279 aestimo,
1235 2227 1316 2268 tibi
1340 2226 1657 2272 firmitudinem

190 2287 327 2328 animi
351 2286 503 2338 nostri,
525 2296 569 2328 et
590 2285 758 2328 factum
785 2295 981 2326 nostrum
1006 2285 1196 2341 probari.
1258 2285 1396 2327 Sexto
1425 2286 1543 2327 enim
1575 2301 1656 2330 no„-

190 2353 281 2387 stro
303 2345 422 2402 quod
445 2344 598 2387 scribis
620 2343 812 2402 probari,
834 2343 896 2385 ita
917 2343 1056 2394 laetor,
1080 2353 1129 2384 ut
1151 2357 1221 2385 me
1241 2343 1362 2400 quasi
1385 2344 1520 2400 patris
1542 2344 1654 2401 qius,

190 2403 262 2445 cui
282 2417 453 2460 semper
471 2403 546 2444 uni
570 2403 804 2460 plurimum
823 2401 1159 2458 tribui,judicio
1172 2401 1450 2458 comprobari
1475 2411 1623 2459 putem
1640 2421 1651 2447 z

187 2461 264 2517 qui
287 2461 412 2513 mihi,
435 2461 552 2517 quod
576 2474 693 2518 saepe
715 2459 832 2502 soleo
855 2459 1088 2512 recordari,
1112 2460 1228 2501 dixit
1249 2460 1370 2511 olim,
1394 2461 1414 2492 2
1429 2459 1572 2503 Nonis
1603 2461 1654 2509 il..

186 2518 241 2562 lis
264 2519 601 2572 Decembribus,
623 2534 725 2562 cum
745 2532 846 2575 ego,
869 2518 1018 2570 Sexte,
1040 2517 1248 2574 quidnam
1271 2519 1406 2575 ergo?

232 2636 248 2664 1
273 2638 306 2665 et
328 2636 526 2675 paullulum
551 2634 730 2676 respiravi]
769 2634 824 2665 Sic
847 2634 899 2666 ed.
943 2633 1033 2665 cavit
1054 2633 1125 2664 sine
1147 2632 1239 2665 libris
1260 2632 1430 2665 victorius
1454 2632 1506 2666 ed.
1528 2643 1593 2666 sec.
1616 2639 1653 2668 et

185 2676 287 2708 Rom.
306 2680 466 2718 paullum
486 2679 580 2710 Jens.
600 2684 636 2710 et
658 2688 747 2718 seqq.
780 2678 900 2709 Bosius
943 2676 1096 2708 voluerat
1116 2678 1166 2708 ita
1183 2676 1257 2708 fieri
1270 2677 1322 2715 ed,
1342 2680 1370 2708 1.
1385 2675 1442 2708 sed
1457 2686 1567 2717 operae
1582 2687 1652 2709 non

185 2729 227 2751 ex
242 2719 371 2759 aliquot
386 2721 467 2753 Mss.
493 2721 620 2753 addidit
635 2722 747 2752 lectis.-
769 2720 858 2760 quod
879 2731 899 2752 a
941 2723 1137 2761 paruerant.
1175 2720 1292 2751 Cicero
1313 2720 1348 2751 in
1371 2719 1424 2751 his
1437 2718 1545 2750 Nonis
1559 2730 1651 2753 come

185 2761 368 2803 glossatore
392 2774 462 2796 esse
482 2770 576 2806 pute.
612 2765 729 2798 Cicero
744 2763 897 2796 dixisset:
943 2762 1167 2794 memorandis
1190 2768 1226 2794 et
1239 2763 1404 2794 similibus
1426 2761 1530 2792 semel
1551 2763 1651 2795 modo

185 2806 303 2847 quibus
317 2806 527 2848 lectispaull.
541 2818 626 2849 resp.
940 2815 1129 2846 pronomen
1150 2806 1259 2847 ponit.
1290 2805 1381 2837 Loca
1403 2815 1423 2836 a
1437 2804 1587 2837 Victoria
1609 2806 1652 2845 ad,

226 2850 248 2882 2
271 2848 380 2882 Nonis
403 2851 470 2883 illis
491 2849 684 2893 Decembr]
706 2851 776 2882 illis
788 2849 898 2892 dupli·
940 2848 1144 2884 firmandum
1159 2848 1277 2888 allata,
1293 2848 1378 2881 nihil
1391 2854 1546 2892 prosunt.

849 2898 979 2950 YyS
