1940 3231
693 151 904 190 LIBER
936 151 988 189 X,
1463 159 1545 198 717

100 256 343 300 honorifico
360 273 462 315 erga
481 273 563 300 me.
587 265 730 297 tamen
749 269 863 305 eum,
883 262 931 294 ut
951 262 1071 310 puto,
1090 253 1261 295 videbo.
1284 256 1401 297 misit
1423 259 1540 300 enim

103 332 300 372 puerum,
323 331 366 357 se
388 318 440 357 ad
461 330 528 357 me
552 313 709 355 venire.
741 313 825 354 hoc
845 312 1018 367 quidem
1037 311 1202 362 melius,
1225 326 1354 367 quam
1373 315 1540 371 collega

99 384 246 415 noster
267 374 508 415 Antonius:
544 370 667 425 cujus
700 370 811 411 inter
841 370 1012 410 lictores
1043 369 1198 410 lectica
1229 370 1362 410 mima
1393 375 1583 425 porta-b·

103 442 188 472 tur.
247 430 327 483 Tu,
350 430 554 486 quoniam
589 437 799 482 quartana
829 441 963 478 cares,
985 436 1028 468 et
1063 426 1221 467 nedum
1254 427 1453 468 morbum
1476 443 1542 469 re-

103 489 294 539 movisti,
316 488 388 529 sed
419 487 548 526 etiam
580 485 872 541 gravedinem,
894 494 937 525 te
968 493 1171 540 vegetum
1194 484 1318 526 nobis
1341 485 1386 525 in
1419 485 1544 527 Grae-

102 546 171 587 cia
194 546 319 596 siste3
350 552 393 585 et
414 543 653 584 litterarum
676 542 837 598 aliquid
861 542 1039 583 interea.

540 631 778 674 ClCERO
811 631 1041 673 ATTICO
1074 632 1118 673 S.
1566 641 1612 682 17

105 692 286 746 PRID.
330 701 432 742 Idus
475 700 739 742 Hortensius
772 700 825 741 ad
869 715 937 741 me
980 700 1112 750 venit,
1144 701 1306 757 scripta
1346 703 1544 759 epistola.

107 765 145 806 14
160 759 308 802 vellem
332 769 474 800 cetera
494 759 602 814 ejus.
628 773 757 813 quam
781 759 824 798 in
846 772 914 798 me
937 757 1232 799 incredibilem
1256 762 1427 803 ἐκτένειανέ
1464 777 1551 817 qua

102 818 278 874 quidem
301 817 449 873 cogito
473 818 551 857 uti.
574 816 728 857 deinde
749 815 957 871 Serapion
978 830 1077 856 cum
1096 816 1280 871 epistola
1300 826 1395 859 tua:
1419 834 1550 874 quam

103 875 222 933 prius
246 889 377 930 quam
413 874 691 930 aperuissem,
713 873 805 914 dixi
837 873 891 923 ei,
915 881 957 914 te
989 873 1042 914 ad
1078 888 1146 913 me
1168 873 1221 915 de
1256 888 1307 914 eo
1331 877 1550 932 scripsisse

104 942 246 985 antea,
272 943 317 972 ut
350 931 527 973 feceras.
560 931 730 982 deinde,
752 930 936 987 epistola
972 929 1098 981 lecta,
1120 931 1460 974 cumulatissime
1479 949 1550 975 ce-

103 1001 218 1032 tera:
256 991 291 1020 ¹5
306 999 351 1029 et
374 989 548 1030 hercule
578 988 797 1030 hominem
824 988 985 1028 bonum
1011 998 1053 1029 et
1083 988 1276 1040 doctum,
1298 1000 1343 1030 et
1365 992 1551 1046 probum

105 1047 328 1090 existimo.
360 1047 465 1102 quin
488 1047 620 1087 etiam
643 1046 742 1087 navi
766 1045 859 1100 ejus
883 1059 965 1096 me,
987 1054 1031 1085 et
1052 1046 1147 1101 ipso
1172 1057 1432 1090 convectore
1451 1065 1552 1091 usu-

106 1120 201 1148 rum
227 1114 348 1161 puto,
410 1104 574 1145 Crebro
598 1102 771 1144 refricat
793 1101 1025 1158 lippitudo,
1049 1117 1136 1143 non
1164 1102 1235 1144 illa
1257 1105 1430 1159 quidem
1456 1122 1553 1162 per-

107 1163 274 1214 odiosa,
297 1162 370 1203 sed
394 1171 533 1203 tamen
557 1176 654 1216 quae
673 1160 882 1216 impediat
904 1159 1184 1216 scriptionem
1209 1176 1363 1203 meam.
1427 1165 1553 1206 Vale-

108 1221 303 1273 tudinem
329 1229 443 1259 tuam
463 1220 556 1274 jam
590 1218 889 1259 confirmatam
918 1231 1009 1258 esse
1030 1227 1073 1258 et
1094 1232 1120 1258 a
1142 1228 1285 1260 vetere
1320 1222 1487 1273 morbo,
1510 1233 1554 1264 et

110 1294 134 1319 a
156 1277 279 1318 novis
301 1276 630 1327 tentationibus,
650 1275 833 1332 gaudeo.
897 1274 1090 1316 Ocellam
1109 1275 1259 1318 vellem
1283 1277 1553 1322 haberemus.

109 1335 311 1377 videntur
333 1334 447 1375 enim
467 1348 559 1374 esse
582 1333 677 1374 haec
696 1332 838 1389 paullo
859 1331 1068 1373 faciliora.
1091 1347 1206 1375 nunc
1225 1334 1401 1389 quidem
1420 1339 1556 1393 aequi-

110 1392 305 1434 noctium
340 1406 417 1432 uos
452 1400 657 1441 moratur,
680 1391 795 1446 quod
831 1389 953 1430 valde
986 1391 1284 1446 perturbatum
1316 1403 1420 1435 erat.
1453 1396 1495 1437 id
1521 1397 1556 1437 si

109 1454 225 1502 ἁκρωὲς
254 1450 350 1499 erit,
372 1449 537 1489 utinam
561 1449 673 1489 idcm
707 1458 879 1488 maneat
902 1447 1187 1490 Hortensius!
1224 1450 1261 1480 16
1275 1450 1485 1505 siquidem
1509 1463 1558 1494 ut

112 1506 253 1548 adhuc
274 1516 390 1548 erat:
423 1506 639 1547 liberalius
663 1520 753 1546 esse
777 1505 881 1546 nihil
908 1514 1064 1561 potest.
1116 1505 1184 1546 De
1217 1506 1454 1562 diplomate
1482 1512 1556 1552 ad-

113 1564 295 1615 miraris,
329 1563 449 1619 quasi
481 1564 626 1604 nescio
659 1563 782 1618 cujus
814 1572 856 1603 te
890 1563 1047 1619 flagitii
1082 1563 1390 1608 insimularem.
1425 1582 1556 1625 negas

112 1622 229 1662 enim
263 1631 305 1662 te
341 1621 540 1678 reperire,
562 1621 635 1676 qui
670 1620 777 1661 mihi
801 1620 843 1661 id
882 1620 923 1661 in
949 1628 1138 1661 mentem
1163 1623 1342 1664 venerit.
1379 1638 1461 1680 ego
1484 1642 1559 1667 au-

113 1688 216 1731 tem,
249 1680 351 1734 quia
373 1679 617 1735 scripseras,
650 1688 691 1718 te
716 1677 929 1734 proficisci
955 1678 1174 1733 cogitare3
1211 1681 1389 1733 (etenim
1413 1684 1560 1733 audie-

113 1750 220 1787 ram,
248 1739 281 1770 17
299 1737 458 1778 nemini
499 1736 622 1777 aliter
660 1736 788 1777 licere
806 1737 836 1788 3)
878 1750 929 1777 eo
961 1744 1003 1776 te
1043 1735 1201 1777 habere
1234 1739 1479 1791 censebam,
1518 1751 1561 1782 et

114 1794 216 1849 quia
257 1794 396 1850 pueris
450 1794 642 1850 diploma
686 1808 910 1834 sumseras.
955 1793 1089 1834 habes
1127 1808 1300 1836 causam
1342 1797 1562 1852 opinionis

114 1866 249 1892 meae:
282 1862 326 1893 et
359 1865 501 1892 tamen
539 1851 664 1892 velim
696 1850 818 1902 scire,
841 1851 943 1906 quid
976 1850 1158 1907 cogites,
1181 1852 1222 1892 in
1253 1853 1503 1911 primisque,
1527 1858 1560 1897 si

115 1909 220 1964 quid
240 1909 370 1950 etiam
395 1924 508 1950 nunc
533 1909 634 1950 novi
658 1919 736 1949 est.
784 1923 910 1950 xvii.
936 1907 1034 1950 Kal.
1056 1908 1163 1951 Jun.

556 1998 791 2041 CICERO
824 1999 1053 2041 ATTICO
1086 1999 1130 2041 S.
1581 2018 1628 2054 13

118 2059 356 2111 TULLIA
381 2082 476 2109 mea
499 2069 667 2124 peperit
705 2083 825 2110 x1111
854 2068 951 2109 Kal.
974 2067 1080 2111 Jun.
1117 2084 1294 2125 puerum
1318 2075 1604 2127 ἑπταμηνιαῖονφ.
1626 2089 1694 2120 ιῑο,

118 2127 233 2182 quod
256 2129 434 2172 ηὐτόκηο-εν,
457 2127 715 2182 gaudebam.
739 2126 854 2181 quod
875 2126 1049 2182 quidem
1073 2136 1137 2168 est
1159 2139 1323 2181 natum,
1347 2129 1560 2183 perimbe-
1573 2142 1604 2163 a.

117 2184 263 2225 cillum
303 2192 382 2223 est.
446 2183 523 2224 Me
564 2183 743 2224 mirifice
775 2183 1106 2238 tranquillitates
1135 2185 1277 2227 adhuc
1318 2197 1562 2238 tenuerunt,

117 2250 249 2297 atquc
273 2240 435 2295 majore
459 2241 768 2296 impedimento
792 2242 980 2292 fuerunt,
1003 2256 1134 2296 quam
1155 2243 1382 2293 custodiae,
1405 2247 1563 2299 quibus

118 2314 326 2339 asscrvor.
363 2313 458 2338 nam
484 2299 554 2339 illa
576 2298 869 2340 Hortensiana
892 2299 1039 2339 omnia
1069 2298 1186 2341 fuere
1217 2301 1416 2342 infantia.
1459 2305 1570 2344 mita

121 2356 195 2399 fiet
230 2356 359 2397 homo
394 2357 695 2411 nequissimus.
739 2372 763 2397 a
799 2357 944 2398 Salvio
988 2356 1143 2399 liberto
1186 2359 1444 2415 depravatus
1487 2372 1567 2403 est.

168 2490 206 2518 14
230 2489 341 2518 vellem
358 2492 467 2517 cetera
483 2486 566 2526 ejus]
595 2497 642 2516 se.
656 2486 825 2527 qnoefoeit,
873 2487 1028 2525 Faemus,
1041 2493 1076 2519 et
1090 2489 1289 2529 Malaspina,
1301 2489 1412 2520 addito
1424 2494 1474 2528 ut,
1483 2492 1571 2531 quod

124 2537 235 2560 esseut
249 2530 299 2560 vel
315 2531 452 2561 fuissent
469 2531 590 2560 sinulia
606 2531 667 2567 bis,
683 2540 755 2569 quae
779 2531 827 2560 di·
869 2534 904 2560 et
920 2530 1068 2561 Graevius
1086 2532 1219 2572 recepit.
1257 2532 1354 2563 Forte
1369 2533 1433 2564 fuit
1448 2537 1485 2563 uc
1498 2536 1571 2574 qni-

128 2573 188 2603 xit.
871 2573 941 2602 dem
959 2573 1068 2603 adhuc
1083 2578 1169 2611 erat,
1184 2580 1216 2605 et
1232 2579 1271 2604 ut
1285 2575 1446 2615 absorpsit
1462 2576 1570 2607 finalis

173 2617 208 2644 15
231 2618 261 2643 et
277 2615 406 2644 hercule
421 2616 581 2645 hominem
597 2615 712 2644 bonum
729 2618 758 2643 et
773 2615 827 2644 do-
870 2614 903 2645 in
921 2615 1129 2653 Hoi-xensins,
1147 2617 1342 2656 additurque
1357 2624 1432 2658 post
1446 2619 1484 2648 η’.

124 2660 275 2692 cl1(»1,et
295 2658 435 2695 probum
457 2657 500 2696 e.]
527 2658 580 2687 sie
605 2657 765 2687 edidimus
789 2668 826 2686 ex
917 2660 953 2691 17
977 2659 1100 2688 nemini
1123 2659 1223 2689 aliter
1245 2660 1354 2699 licere]
1380 2670 1424 2690 sc.
1439 2660 1571 2700 profici-

128 2698 201 2728 edd.
219 2708 269 2737 pr.
295 2708 371 2729 nam
399 2699 494 2730 hodie
520 2699 667 2738 vulgata,
683 2703 714 2729 ct
738 2701 768 2728 Ιι.
793 2701 825 2731 72.
873 2700 917 2729 sci
933 2711 971 2730 ex
990 2700 1098 2736 ltalia,
1115 2701 1176 2731 nisi
1191 2702 1325 2734 haberet
1342 2702 1499 2742 diploma.

121 2741 234 2781 proba.
250 2750 328 2770 nam
342 2746 371 2771 ee
386 2742 514 2772 doctum
528 2746 557 2771 et
566 2744 705 2781 prob-um
717 2743 829 2771 erisn-
919 2745 954 2773 18
976 2743 1026 2773 ila
1036 2744 1104 2784 fiet
1128 2746 1219 2775 homo
1244 2744 1472 2784 nequissimus]
1505 2745 1573 2775 Cur

129 2794 194 2819 mo,
212 2792 277 2812 nou
292 2783 411 2823 placet.
437 2785 568 2815 mallem
591 2790 703 2815 tamen
719 2790 753 2814 et
777 2785 827 2814 bo·
860 2785 940 2825 fiet,
957 2786 1023 2815 noir
1039 2786 1234 2827 potiusfit?
1259 2787 1360 2816 forte:
1387 2787 1497 2826 itafit.
1519 2788 1574 2817 Ιιο-

128 2835 211 2855 ηιιυι
224 2825 346 2861 abesse,
358 2831 391 2856 et
403 2827 466 2865 legi
481 2828 639 2857 hominem
656 2832 686 2857 et
699 2828 827 2857 doctum
873 2838 924 2858 mo
941 2837 973 2857 η.
992 2829 1049 2860 ἃς.
1073 2839 1146 2868 quae
1161 2829 1384 2871 interpunctio
1402 2835 1452 2860 est
1467 2829 1500 2859 in
1522 2829 1572 2860 ed.

128 2872 161 2897 et
173 2877 208 2907 p.
225 2877 252 2897 e.
268 2873 307 2897 ut
323 2867 445 2907 placuit
461 2869 601 2900 Graevio.
873 2871 970 2902 Rom.

174 2912 210 2940 10·
245 2911 402 2950 siquidem
435 2915 470 2942 ut
500 2911 608 2942 adhuc·
644 2911 731 2951 erat]
775 2912 827 2943 Sic
