1940 3231
746 104 952 144 LIBER
991 107 1022 144 1.
1527 115 1606 155 467

166 219 304 264 tuum,
326 226 427 254 sane
450 209 669 252 hominem
691 224 877 265 nequam
904 217 1034 265 atque
1053 216 1269 265 egentem,
1292 225 1407 268 saepe
1430 213 1523 269 jam
1545 215 1599 258 de
1611 215 1641 247 b.

165 267 217 309 P.
242 270 397 311 Clodio
428 268 481 309 ad
512 268 680 324 plebem
712 267 978 309 traducendo
1002 280 1129 323 agere
1159 269 1362 324 coepisse.
1393 270 1494 313 huic
1517 273 1601 315 fre·

162 337 343 381 quenter
364 325 658 367 interceditur.
699 324 883 378 40[Haec
898 333 1012 375 sunt,
1031 332 1079 366 ut
1097 324 1269 381 opinor,
1287 326 1330 366 in
1346 328 1600 384 republica]

164 381 260 439 Ego
293 394 451 433 autem,
473 391 522 423 ut
555 381 681 423 semel
719 396 928 423 nonarum
965 381 1134 423 illarum
1158 381 1603 440 Decembrium,jun-

160 451 272 481 ctam
297 439 460 481 invidia
480 454 530 481 ac
551 439 784 480 multorum
805 439 1060 490 inimicitiis,
1074 439 1278 482 eximiam
1302 443 1515 496 quandam
1540 455 1602 485 at-

158 512 243 553 que
265 496 549 538 immortalem
565 496 744 552 gloriam
764 506 1021 538 consecutus
1045 511 1155 548 sum,
1177 511 1263 539 non
1286 499 1431 540 destiti
1453 501 1600 542 eadem

159 555 290 596 animi
311 554 611 610 magnitudine
637 553 681 594 in
713 553 934 610 republica
958 554 1128 606 versari,
1151 564 1194 595 et
1220 555 1334 596 illam
1359 557 1601 599 institutam

160 626 216 653 ac*
250 621 494 667 susceptam
525 611 785 668 dignitatem
817 611 952 653 tueri:
996 611 1069 652 sed
1101 621 1383 669 posteaquam
1417 615 1602 670 primum

157 668 299 710 Clodii
344 668 616 710 absolutione
660 669 878 709 levitatem
916 668 1299 725 infirmitatemque
1332 671 1600 726 judiciorum

153 726 371 782 perspexi,
389 726 545 767 deinde
569 725 670 777 vidi,
688 735 858 767 nostros
880 725 1131 782 publicanos
1151 725 1277 769 facile
1299 743 1323 769 a
1345 740 1495 770 senatu
1515 730 1601 771 dis-

144 783 291 840 jungi,
315 798 577 839 quamquam
604 799 630 824 a
658 798 727 824 me
759 783 853 839 ipso
884 798 969 824 non
1002 783 1318 837 divellerentur,
1342 796 1434 827 tum
1457 798 1602 829 autem

154 841 302 882 beatos
326 841 521 882 homines
544 841 644 894 (hos
668 841 920 896 piscinarios
943 841 1057 892 dico,
1079 841 1242 883 amicos
1275 846 1390 894 tuos)
1411 859 1498 885 non
1521 846 1601 886 ob-

153 913 275 941 scure
305 898 429 939 nobis
463 898 679 940 invidere:
713 899 877 954 putavi,
909 898 1016 939 mihi
1049 899 1232 954 majores
1263 902 1468 956 quasdam
1493 917 1597 959 opes

149 966 193 996 et
227 956 417 997 firmiora
448 956 648 1011 praesidia
678 970 769 996 esse
791 956 1037 1011 quaerenda.
1099 955 1252 1012 Itaque
1273 958 1458 1014 primum
1482 974 1596 1012 eum,

148 1013 222 1068 qui
248 1013 429 1054 nimium
460 1013 534 1054 diu
565 1013 618 1054 (le
648 1013 774 1054 rebus
807 1013 963 1053 nostris
996 1021 1202 1064 tacuerat,
1236 1014 1491 1072 Pompeium
1523 1018 1597 1059 ad·

146 1071 253 1112 duxi
278 1071 320 1111 in
344 1085 438 1112 earn
461 1070 742 1121 voluntatem,
765 1079 813 1110 ut
835 1070 878 1110 in
911 1079 1061 1111 senatu
1093 1085 1179 1112 non
1202 1073 1347 1124 semel,
1370 1074 1443 1115 sed
1466 1090 1595 1131 saepe,

147 1128 380 1183 multisque
408 1129 563 1179 verbis,
593 1127 722 1183 hujus
755 1127 860 1168 mihi
898 1127 1078 1169 salutem
1108 1128 1277 1184 imperii
1316 1141 1446 1186 atque
1478 1134 1594 1174 orbis

147 1195 353 1226 terrarum
389 1184 662 1241 adjudicarit.
693 1185 809 1239 quod
841 1200 927 1226 non
961 1194 1046 1226 tam
1081 1185 1278 1228 interfuit
1308 1202 1417 1240 mea,
1436 1193 1595 1245 (neque

146 1244 261 1284 enim
287 1243 367 1284 illae
392 1257 456 1283 res
479 1251 554 1283 aut
575 1242 635 1283 ita
658 1252 762 1282 sunt
792 1242 1003 1291 obscurae,
1027 1252 1075 1283 ut
1097 1244 1412 1298 testimonium,
1434 1256 1508 1287 aut
1534 1247 1595 1289 ita

146 1300 306 1350 dubiae,
331 1309 378 1341 ut
398 1299 690 1341 laudationem
713 1300 992 1351 desiderent)
1015 1315 1143 1355 quam
1166 1302 1418 1358 reipublicae
1439 1320 1448 1345 :
1476 1306 1593 1359 quod

144 1368 265 1398 erant
286 1357 462 1412 quidam
486 1357 691 1413 improbi,
714 1358 787 1413 qui
812 1359 1137 1400 contentionem
1158 1358 1250 1400 fore
1271 1360 1457 1416 aliquam
1483 1362 1589 1403 mihi

143 1430 240 1456 cum
273 1414 497 1470 PompeiO,
516 1429 570 1456 ex
603 1429 744 1456 rerum
776 1414 944 1456 illarum
975 1416 1241 1458 dissensione
1265 1419 1588 1460 arbitrarentur.

139 1475 178 1504 41
201 1472 313 1513 Cum
347 1472 431 1514 hoc
462 1486 544 1528 ego
576 1487 645 1514 me
675 1482 798 1514 tanta
827 1472 1121 1514 familiaritate
1143 1474 1371 1530 conjunxi,
1394 1485 1442 1517 ut
1475 1486 1590 1518 uter-

141 1544 225 1585 que
244 1529 441 1571 nostrum
464 1530 508 1571 in
532 1545 607 1571 sua
629 1531 795 1572 ratione
813 1531 1037 1582 munitior,
1059 1542 1103 1572 et
1119 1532 1163 1572 in
1185 1533 1408 1588 republica
1427 1535 1591 1576 firmior

141 1587 222 1629 hac
244 1587 555 1643 conjunctione
586 1602 677 1628 esse
708 1588 861 1645 possit.
923 1588 1038 1630 Odia
1067 1599 1212 1630 autem
1244 1590 1316 1631 illa
1344 1591 1588 1634 libidinosae

140 1656 184 1686 et
206 1645 402 1687 delicatae
427 1644 689 1701 juventutis,
709 1661 806 1701 quae
838 1657 959 1687 erant
994 1647 1038 1687 in
1068 1661 1138 1688 me
1169 1646 1365 1700 incitata,
1387 1649 1449 1690 sic
1470 1650 1588 1691 miti—

139 1713 245 1758 gata
267 1712 366 1744 sunt
396 1703 603 1744 comitate
631 1704 816 1759 quadam
852 1719 961 1756 mea,
995 1718 1064 1745 me
1100 1719 1234 1746 unum
1271 1715 1320 1746 ut
1352 1721 1501 1747 omnes
1525 1707 1586 1748 illi

136 1761 297 1802 colant.
327 1759 436 1802 nihil
455 1760 550 1815 jam
583 1761 769 1817 denique
801 1777 826 1801 a
856 1777 924 1803 me
948 1776 1147 1817 asperum
1170 1763 1213 1802 in
1237 1778 1498 1819 quemquam
1520 1764 1584 1816 fit,

135 1831 216 1859 nec
240 1828 382 1859 tamen
406 1818 638 1874 quicquam
672 1818 879 1875 populare
910 1835 959 1860 ac
982 1820 1264 1872 dissolutum3
1297 1821 1369 1862 sed
1393 1822 1452 1862 ita
1477 1832 1585 1863 tem-

135 1885 284 1931 perata
317 1885 410 1917 tota
440 1877 552 1916 ratio
585 1886 665 1928 est,
698 1886 745 1917 ut
775 1877 1023 1932 reipublicae
1053 1879 1341 1919 constantiam
1366 1890 1626 1934 praester11,p.
1645 1890 1695 1931 19-

135 1933 314 1989 privatis
339 1934 463 1974 rebus
487 1934 609 1985 meis,
633 1942 810 1990 propter
841 1935 1137 1975 infirmitatem
1170 1936 1399 1987 bonorum,
1423 1937 1582 1992 iniqui·
1595 1941 1624 1960 a·

135 1999 268 2030 tatem
304 1990 621 2042 malivolorum,
649 1992 797 2032 odium
831 1991 876 2032 in
909 2006 978 2033 me
1010 1992 1322 2048 improborum,
1351 1993 1581 2036 adhibeam

132 2047 351 2102 quandam
383 2048 630 2090 cautionem
662 2058 706 2090 et
739 2048 1038 2105 diligentiam;
1069 2060 1199 2105 atque
1229 2051 1291 2091 ita
1312 2065 1467 2102 amem,
1488 2055 1530 2083 42⁷
1548 2054 1581 2093 si

133 2104 184 2145 iis
209 2105 332 2146 novis
354 2105 558 2146 amicitiis
581 2106 790 2162 implicati
823 2122 984 2158 sumus,
1002 2118 1048 2148 ut
1069 2109 1221 2149 crebro
1242 2107 1350 2149 mihi
1376 2109 1491 2150 vafer
1513 2109 1582 2151 ille

134 2161 304 2204 Siculus
329 2163 564 2204 insusurret
588 2162 875 2220 Epicharmus
898 2164 1158 2206 cantilenam
1181 2165 1296 2206 illam
1320 2180 1436 2207 suam
1457 2183 1467 2208 ε

337 2233 450 2276 Nive,
470 2232 531 2267 xx)
547 2230 688 2280 ρώματ’
705 2234 846 2271 dms-gn.
865 2231 976 2285 big-930⁶
993 2237 1106 2270 τοιῗιτοι
1123 2236 1186 2270 «rav
1205 2235 1333 2285 φςενίὄν.

129 2292 196 2334 Ac
218 2302 376 2335 nostrae
399 2294 575 2349 quidem
600 2294 778 2336 rationis
802 2311 852 2337 ac
869 2297 971 2338 vitae
994 2297 1116 2351 quasi
1138 2297 1354 2352 quandam
1378 2296 1578 2351 formam,

129 2360 178 2392 ut
198 2351 369 2408 opinor,
392 2352 525 2393 vides.
555 2354 596 2383 43
612 2352 681 2394 De
704 2362 779 2394 tuo
802 2364 947 2396 autem
969 2355 1148 2410 negotio
1170 2369 1286 2410 saepe
1307 2355 1360 2396 ad
1384 2369 1451 2396 me
1474 2356 1578 2397 scri-

168 2468 210 2496 40
233 2465 317 2496 Haec
344 2470 434 2503 sunt,
462 2476 496 2498 u.
527 2478 554 2498 o.
583 2468 620 2498 in
643 2467 826 2507 republica]
872 2468 968 2499 afuit.
991 2467 1087 2507 idque
1111 2468 1228 2499 mellus
1253 2473 1316 2506 est,
1333 2479 1432 2508 quarn
1457 2470 1577 2501 sicum

127 2506 210 2538 Haec
227 2509 381 2548 repetitio
396 2509 489 2540 valde
511 2510 624 2550 friget,
643 2511 828 2550 praesertim
872 2510 1002 2541 Graevio
1041 2511 1190 2550 legamus
1224 2513 1283 2542 etsi
1318 2513 1369 2549 iis,
1407 2517 1466 2542 aut
1499 2523 1575 2543 cum

123 2555 158 2580 et
184 2558 321 2591 propter
348 2556 387 2582 ut
412 2553 535 2591 opinor.
594 2552 752 2590 Dixisset,
778 2554 829 2583 in·
871 2553 1020 2583 Victor-io
1046 2555 1178 2583 tametsi
1206 2554 1256 2584 iis.
1285 2555 1415 2584 tametsi
1451 2555 1574 2586 habent

121 2595 432 2632 quanz,igit1cr&c.
477 2594 581 2625 Uncis
597 2595 726 2625 inclusi.
870 2595 943 2626 edd.
966 2595 1064 2626 Rom.
1096 2595 1190 2627 Jens.
1229 2596 1285 2626 sed
1313 2596 1384 2626 haec
1419 2595 1489 2637 ejus
1515 2607 1574 2637 pro

162 2638 201 2666 41
233 2637 315 2667 Cum
332 2638 390 2666 hoc
404 2636 476 2676 ego]
504 2638 589 2668 Puto
611 2647 690 2676 ergo
712 2637 825 2676 legen·
867 2639 920 2674 iis,
937 2638 1024 2677 quod
1049 2637 1090 2668 ad
1114 2639 1308 2678 Pompeium
1332 2639 1524 2679 pertineret,
1547 2640 1574 2670 si

120 2675 211 2708 dum.
236 2688 311 2708 mox
325 2680 361 2709 in
374 2689 436 2709 sua
460 2681 587 2710 ratione
601 2681 761 2720 exquisite
777 2680 826 2710 di.
868 2690 980 2710 verum
997 2686 1094 2711 esset.
1119 2690 1185 2711 non
1205 2686 1317 2711 autem
1341 2685 1391 2711 est
1414 2681 1453 2711 de
1475 2681 1572 2710 unius

120 2719 170 2750 xit
186 2730 245 2760 pro
255 2722 438 2760 privatim:
463 2722 511 2752 ita
534 2723 728 2753 concinnior
751 2732 825 2754 ora·
869 2723 1016 2763 Pompeii
1033 2722 1182 2754 amicitia
1198 2732 1320 2760 serm0,
1335 2728 1370 2753 et
1386 2724 1517 2753 tametsi
1532 2733 1572 2754 ex

118 2761 188 2790 tio:
213 2763 248 2793 in
260 2773 321 2793 sua
337 2765 545 2795 ratione—in
562 2766 739 2804 republica.
868 2774 990 2803 amem,
1005 2766 1034 2795 si
1049 2770 1165 2795 natum
1181 2770 1243 2796 est.

158 2805 201 2833 42
223 2805 250 2834 si
265 2806 305 2835 iis
318 2807 407 2836 novis
422 2807 517 2837 amic.
535 2808 697 2847 implicati
713 2806 757 2846 s.]
789 2807 828 2837 iis
911 2809 952 2838 43
984 2807 1040 2839 De
1067 2812 1123 2838 tuo
1152 2805 1294 2846 negotio]
1338 2807 1389 2838 De
1419 2807 1571 2847 pecunia,

118 2843 293 2877 delendum
317 2853 385 2878 est:
411 2849 498 2887 qnod
527 2854 562 2881 et
585 2849 649 2881 Ms.
673 2849 824 2882 Tornaes.
871 2859 971 2888 quam
985 2851 1014 2882 ei
1030 2850 1169 2882 debebat
1187 2850 1306 2890 Sicyon
1323 2850 1464 2890 publice.

785 2891 913 2933 HhQ
