1940 3231
657 135 870 174 LIBER
905 136 1013 174 VIII.
1482 135 1561 174 657

118 239 420 291 distrahemur,
441 240 599 282 infirmi
623 241 794 281 erimus.
818 239 924 280 mihi
948 239 1032 281 hoc
1054 239 1339 281 constitutum
1361 247 1439 280 est.
1472 236 1557 280 His

117 298 270 340 litteris
304 298 490 354 scriptis,
525 298 624 338 Sica
657 311 681 337 a
711 306 754 337 te
786 296 894 338 mihi
922 296 1085 338 litteras
1106 295 1253 337 attulit
1274 304 1317 336 et
1342 296 1557 337 mandata.

119 355 248 402 Quod
274 370 341 396 me
365 356 548 405 hortare,
570 363 616 394 ut
647 354 757 394 istuc
781 355 975 395 veniam:
1009 354 1052 395 id
1074 368 1142 394 me
1172 353 1312 394 facere
1335 367 1420 393 non
1442 352 1556 393 arbi-

112 421 202 454 tror
222 428 373 470 posse3
405 412 519 467 quod
545 425 627 451 non
653 425 917 467 magnopere
940 410 1006 452 his
1030 410 1277 467 legionibus
1300 409 1491 451 confido.

213 491 314 533 CN.
339 490 604 532 MAGNUS
640 490 981 591 PRPORCOOCSbSS.
1006 490 1065 534 D.
1100 490 1149 532 L.
1174 486 1455 532 DOMITIO

117 601 415 657 LITTERAE
447 615 551 656 mihi
579 631 604 656 a
635 624 677 656 te
702 617 882 658 redditae
913 625 1013 658 sunt
1044 633 1083 658 a.
1106 615 1147 658 d.
1175 628 1271 657 xm
1299 613 1395 656 Kal.
1419 612 1554 654 Mart.

108 672 154 713 in
176 673 332 728 quibus
356 672 522 723 scribis,
544 672 761 715 Caesarem
784 675 896 731 apud
922 674 1166 716 Corfinium
1186 682 1326 715 castra
1347 672 1555 728 posuisse.

109 729 227 784 quod
255 730 404 785 putavi
427 742 470 770 et
493 731 750 786 praemonui,
774 731 837 783 fit,
860 741 908 773 ut
931 746 1010 773 nec
1032 731 1076 773 in
1100 730 1332 787 praesentia
1352 730 1554 771 commit-

109 796 199 827 tere
221 796 365 827 tecum
393 788 594 843 proelium
620 787 748 840 velit3
779 801 836 840 et,
863 790 1066 830 omnibus
1089 788 1227 845 copiis
1249 786 1491 838 conductis,
1515 796 1556 826 tc

105 842 315 907 implicet,
341 859 394 885 ne
416 845 468 886 ad
500 860 568 886 me
592 845 671 886 iter
700 847 951 902 expeditum
982 847 1060 887 tibi
1087 847 1166 887 sit:
1199 856 1329 900 atque
1357 845 1458 885 istas
1482 859 1555 884 co-

104 914 199 957 p1as
218 901 486 958 conjungere
507 904 770 958 optimorum
801 905 962 945 civium
987 904 1123 960 possis
1154 917 1253 944 cum
1283 903 1349 943 his
1372 901 1555 957 legioni-

107 960 202 1009 bus,
224 958 277 1000 de
299 974 477 1014 quarum
506 961 727 1001 voluntate
751 960 1024 1003 dubitamus:
1048 976 1134 1016 quo
1157 961 1287 1001 etiarn
1313 961 1449 1016 magis
1470 959 1553 1000 tuis

103 1014 258 1056 litteris
295 1031 391 1057 sum
423 1027 682 1058 commotus.
714 1032 851 1074 neque
888 1018 1002 1058 enim
1040 1032 1188 1059 eorum
1220 1018 1422 1067 militum,
1445 1031 1554 1071 quos

102 1087 275 1114 mecum
309 1074 462 1124 habeo,
502 1075 712 1116 voluntati
749 1076 852 1116 satis
875 1076 1063 1125 confido,
1101 1085 1147 1116 ut
1169 1075 1220 1114 de
1243 1075 1443 1115 omnibus
1469 1074 1553 1114 l'or-

106 1131 221 1172 tunis
256 1131 506 1188 reipublicae
541 1133 770 1174 dimicem:
803 1147 942 1187 neque
972 1133 1118 1183 etiam,
1141 1133 1291 1187 quiex
1316 1132 1553 1173 delectibus

102 1189 339 1245 conscripti
364 1200 461 1230 sunt
485 1205 510 1230 a
530 1190 795 1241 consulibus,
819 1200 1129 1231 convenerunt.
1193 1190 1338 1235 Quare
1371 1189 1424 1229 (la
1451 1203 1553 1244 ope-

102 1261 211 1297 ram,
231 1247 264 1286 si
288 1246 373 1287 ulla
391 1247 557 1287 ratione
581 1247 711 1288 etiam
736 1262 851 1289 nunc
874 1247 1044 1288 efficere
1066 1256 1203 1303 potes,
1222 1257 1269 1287 ut
1290 1255 1330 1287 te
1345 1247 1554 1302 explices,

100 1304 188 1345 huc
209 1304 530 1360 quamprimum
556 1304 716 1356 venias,
748 1317 980 1360 antequam
1005 1319 1153 1345 omnes
1176 1308 1217 1338 79
1230 1305 1370 1360 copiae
1403 1304 1551 1344 adver-

99 1362 311 1404 sariorum
346 1362 622 1403 conveniant.
664 1377 802 1418 neque
841 1362 954 1403 enim
992 1362 1188 1403 celeriter
1222 1376 1276 1402 ex
1312 1362 1594 1402 &eleazfissusa

95 1421 185 1463 huc
217 1418 415 1460 homines
448 1419 681 1461 convenire
714 1429 922 1475 possunt:
955 1430 1012 1470 et,
1039 1419 1071 1460 si
1097 1419 1392 1468 convenirent,
1416 1433 1551 1472 quan-

96 1487 192 1520 tum
230 1475 280 1516 iis
310 1478 671 1518 committendum
706 1477 777 1528 sit,
813 1477 929 1533 quod
961 1478 1072 1518 inter
1106 1492 1148 1517 se
1177 1491 1230 1517 ne
1262 1476 1351 1515 noti
1375 1477 1550 1530 quidem

95 1545 211 1587 sunt,
234 1544 386 1576 contra
411 1545 629 1576 veteranas
653 1535 860 1590 legiones,
883 1549 969 1575 nou
996 1544 1035 1575 te
1056 1534 1264 1590 praeterit.

533 1612 769 1655 CICERO
801 1612 1031 1654 ATTICO
1064 1612 1108 1654 S.
1563 1614 1613 1650 13

96 1673 544 1726 LIPPITUDKNIS
579 1697 685 1723 mea}
720 1682 892 1738 signum
923 1681 1000 1722 tibi
1034 1681 1089 1722 sit
1114 1680 1277 1722 librarii
1307 1695 1473 1730 manus,
1504 1690 1548 1720 et

89 1743 241 1784 eadem
264 1755 393 1782 causa
415 1741 665 1781 brevitatis:
697 1742 775 1781 etsi
799 1754 912 1780 nunc
935 1739 1126 1794 quidem,
1157 1739 1274 1793 quod
1299 1738 1546 1789 scriberem,

93 1800 202 1842 nihil
223 1808 328 1840 crat.
354 1799 494 1838 omnis
524 1798 796 1853 exspectatio
821 1807 967 1838 nostra
988 1806 1080 1837 erat
1103 1797 1143 1836 in
1171 1796 1334 1836 nuntiis
1364 1795 1547 1835 Brundi—

94 1859 213 1900 sinis.
275 1856 320 1897 Si
346 1867 495 1896 nactus
518 1855 589 1896 hic
609 1865 720 1896 esset
744 1854 927 1896 Cnaeum
952 1864 1163 1902 nostrum,
1194 1867 1290 1908 spes
1315 1852 1449 1893 dubia
1472 1867 1547 1907 pa-

94 1916 182 1956 cis:
216 1915 278 1956 sin
313 1913 383 1954 ille
414 1923 513 1954 ante
547 1913 814 1961 tramisisset,
847 1911 1022 1953 exitiosi
1057 1911 1154 1951 belli
1187 1921 1342 1950 metus.
1376 1910 1447 1950 sed
1484 1911 1545 1950 vi-

92 1973 238 2022 desne,
262 1972 306 2012 in
336 1986 464 2026 quem
499 1971 719 2012 hominem
755 1969 955 2011 inciderit
987 1968 1259 2024 respublica?
1291 1981 1419 2022 quam
1444 1981 1546 2007 acu-

93 2040 201 2080 tum,
224 2044 354 2084 quam
380 2028 648 2084 vigilantem,
671 2043 800 2084 quam
827 2028 1054 2083 paratum?
1077 2026 1124 2066 Si
1144 2024 1389 2066 mehercule
1408 2024 1545 2064 nemi-

86 2102 187 2128 nem
211 2086 435 2136 occiderit,
459 2100 539 2127 nec
561 2086 765 2141 cuiquam
789 2085 1027 2140 quidquam
1050 2083 1274 2133 ademerit,
1294 2082 1348 2122 ab
1367 2081 1447 2131 his,
1468 2082 1545 2136 qui

87 2160 186 2186 eum
212 2145 401 2185 maxime
422 2144 669 2193 timuerant,
691 2144 883 2184 maxime
902 2141 1121 2198 diligetur.
1156 2140 1350 2180 Multum
1371 2154 1542 2180 mecum

83 2202 368 2258 municipales
404 2202 599 2241 homines
642 2201 891 2256 loquuntur,
935 2198 1121 2240 multum
1164 2196 1387 2238 rusticani.
1430 2196 1542 2238 nihil

82 2275 257 2317 prorsus
292 2259 407 2300 aliud
440 2267 607 2308 curant,
632 2259 712 2299 nisi
737 2272 878 2314 agrOS‚
915 2257 996 2297 nisi
1021 2254 1203 2306 villulas,
1227 2253 1307 2296 nisi
1338 2253 1538 2295 nutnulos

83 2333 198 2358 suos.
233 2327 277 2358 et
309 2316 420 2367 vide,
442 2331 570 2372 quam
595 2330 803 2357 conversa
824 2329 888 2356 res
916 2324 996 2355 est.
1019 2313 1154 2365 illum,
1178 2327 1264 2368 quo
1283 2320 1411 2352 antea
1433 2325 1539 2352 con-

81 2375 290 2425 fidebant,
314 2383 541 2426 metuunt3
576 2373 690 2417 hunc
713 2382 875 2424 amant,
895 2386 1023 2428 quem
1048 2371 1276 2412 timebant.
1328 2368 1374 2410 Id
1401 2383 1536 2424 quan-

81 2433 137 2474 tis
161 2433 317 2473 nostris
343 2432 530 2487 peccatis
557 2431 757 2487 vitiisque
785 2430 992 2481 evenerit,
1015 2443 1103 2470 non
1129 2441 1301 2484 possum
1329 2427 1421 2467 sine
1444 2441 1538 2467 mo-

81 2490 206 2531 lestia
227 2489 435 2545 cogitare.
466 2504 564 2544 quae
596 2498 741 2529 autem
771 2487 1021 2545 impendere
1043 2495 1258 2542 putarem,
1280 2483 1536 2540 scripseram

78 2548 134 2589 ad
158 2557 224 2600 te3
255 2557 298 2588 et
315 2547 410 2602 jam
435 2557 528 2587 tuas
552 2546 716 2587 litteras
739 2544 1071 2601 exspectabam.

519 2619 756 2661 CICERO
787 2617 1017 2659 ATTmo
1050 2617 1096 2659 s.
1550 2604 1599 2640 14

80 2675 231 2730 NON
262 2688 432 2736 dubito,
453 2688 557 2744 quin
592 2688 672 2730 tibi
705 2687 868 2729 odiosae
901 2686 988 2728 sint
1018 2683 1214 2741 epistolae
1245 2683 1529 2739 quotidianae‚

76 2759 178 2787 cum
211 2746 451 2802 praesertim
484 2760 622 2802 neque
653 2760 768 2788 nova
798 2744 850 2785 de
880 2759 927 2785 re
957 2743 1103 2799 aliqua
1132 2742 1360 2784 certiorem
1396 2749 1437 2780 te
1470 2740 1533 2781 fa-

125 2861 167 2892 79
203 2859 299 2897 copice
342 2859 595 2901 adversarium]
655 2860 780 2891 Durior
823 2858 873 2888 ed.
897 2857 994 2889 Rom.
1018 2857 1118 2889 habet
1141 2855 1424 2889 adversm-iorum,
1446 2854 1533 2891 quod

74 2901 145 2932 haec
174 2901 359 2931 contractio
387 2908 436 2932 est
466 2902 501 2932 in
529 2903 590 2934 tali
618 2903 778 2934 oratioue.
825 2901 944 2941 recepi.

137 2957 249 2988 ΥΟΕ.
276 2957 354 2984 111.
382 2958 423 2985 P.
448 2957 503 2985 11.
788 2957 815 2989 1?
842 2957 868 2982 U
