1940 3231
645 154 682 193 L
691 156 709 193 1
720 154 754 192 B
765 154 802 191 E
812 152 851 190 R
884 153 991 191 VIII.
1460 164 1537 200 653

89 269 150 297 re.
181 270 282 299 nam
304 258 443 315 pridie
478 258 669 314 quidem,
703 272 879 313 quoquo
912 256 1042 297 modo
1080 266 1321 313 potueram,
1354 263 1579 319 scripse-b.

89 328 181 354 ram
216 316 307 372 ipse
343 331 413 357 eas
449 316 626 366 litteras,
649 329 832 370 quarum
873 314 1228 356 vaticinationem
1262 315 1413 359 falsam
1445 335 1537 363 esse

90 372 236 427 cupio.
270 373 399 429 hujus
422 383 566 415 autem
588 372 785 428 epistolae
810 387 895 413 non
921 372 1060 413 solum
1082 387 1131 413 ea
1153 388 1284 414 causa
1304 384 1382 425 est,
1415 386 1461 417 ut
1485 393 1538 420 ne

90 430 186 483 quis
221 446 245 470 a
267 445 335 472 me
364 431 455 472 dies
489 430 817 481 intermittatur,
840 429 943 486 quin
967 429 1063 470 dem
1101 431 1153 471 ad
1180 441 1219 472 te
1241 430 1430 484 litteras3
1464 435 1538 477 sed

91 487 223 528 etiam
247 487 341 529 haec
367 487 542 543 justior,
565 497 611 527 ut
643 502 667 528 a
691 497 733 528 te
762 488 1051 544 impetrarem,
1076 497 1124 528 ut
1157 503 1346 530 sumeres
1373 490 1538 546 aliquid

91 545 326 600 temporis3
358 560 443 600 quo
466 545 568 600 quia
590 545 670 586 tibi
696 546 935 601 perexiguo
966 560 1075 601 opus
1097 555 1176 596 est,
1198 546 1405 602 explicari
1430 548 1538 589 mihi

91 609 217 642 tuum
238 604 464 643 consilium
502 602 625 658 plane
656 603 770 654 volo,
791 613 838 644 ut
862 603 1034 659 penitus
1060 603 1314 659 intelligam.
1377 604 1540 648 Omnia

95 669 195 700 sunt
224 659 391 715 integra
424 661 565 701 nobis.
599 660 707 701 nihil
745 661 1079 716 praetermissum
1113 671 1192 712 est,
1215 662 1330 717 quod
1355 677 1439 704 non
1463 663 1541 705 ha-

93 715 194 756 beat
217 717 452 771 sapientem
486 719 828 769 excusationem,
861 733 948 758 non
978 718 1107 759 modo
1133 720 1415 774 probabilem.
1439 736 1541 763 nam

93 784 209 814 certe
243 787 380 828 neque
416 783 503 815 tuin
541 776 730 831 peccavi,
758 790 857 817 cum
879 776 1189 831 65imparata=n
1207 777 1300 831 jam
1327 777 1542 834 Capuam,

92 844 179 870 non
205 830 342 871 solum
367 832 552 888 ignaviae
576 833 781 884 delectus,
797 833 867 874 sed
883 833 1013 874 etiam
1039 834 1227 890 perfidiae
1250 836 1541 890 suspicionem

93 887 280 943 fugiens,
304 891 499 946 accipere
522 891 662 942 nolui3
694 905 832 946 neque
866 905 965 931 cum
997 899 1094 946 post
1117 891 1387 933 conditiones
1422 894 1541 949 pacis

92 958 171 1001 per
203 946 251 987 L.
277 945 493 989 Caesarem
525 957 568 989 et
597 948 802 989 Fabatum
828 947 990 999 allatas,
1014 948 1124 998 cavi,
1147 964 1200 989 ne.
1222 950 1413 991 animum
1447 951 1541 1007 ejus

93 1001 372 1053 offenderem,
394 1006 462 1047 cui
489 1005 723 1062 Pompeius
749 1006 843 1060 jain
871 1015 1058 1046 armatus
1082 1017 1246 1047 armato
1271 1008 1544 1050 consumtum

94 1059 453 1118 triumphumque
475 1063 672 1105 deferret.
738 1063 831 1104 Nec
853 1077 953 1104 vero
976 1063 1071 1104 liaec
1094 1073 1288 1104 extrema
1313 1065 1541 1121 quisquam

96 1120 368 1176 potest-jure
403 1121 726 1178 reprehendere,
762 1120 877 1176 quod
923 1135 1041 1161 mare
1076 1135 1162 1161 non
1197 1123 1454 1163 transierim.
1498 1123 1542 1164 id

96 1175 229 1228 enlm,
262 1178 341 1218 etsi
376 1191 466 1219 erat
498 1178 835 1229 deliberationis,
864 1188 1008 1218 tamen
1032 1178 1152 1219 obire
1184 1193 1270 1218 non
1307 1180 1444 1235 potui.
1469 1195 1544 1221 ne-

96 1247 182 1288 que
215 1234 328 1275 enirn
352 1237 558 1291 suspicari
584 1236 739 1287 debui,
772 1236 1012 1291 praesertim
1045 1250 1145 1277 cum
1173 1250 1229 1276 ex
1252 1236 1387 1293 ipsius
1412 1237 1545 1278 Pom-

99 1291 185 1346 peii
209 1290 376 1344 litteris,
401 1293 513 1334 idem
536 1294 652 1348 quod
675 1293 801 1335 video
827 1304 867 1334 te
883 1293 1168 1345 existimasse,
1186 1308 1273 1335 non
1293 1294 1544 1346 dubitarim,

98 1348 203 1403 quin
230 1348 263 1389 is
288 1349 487 1392 Domitio
523 1351 812 1392 subventurus
845 1359 970 1392 esset.
1004 1360 1048 1391 et
1073 1350 1213 1407 plane,
1236 1352 1339 1406 quid
1363 1362 1546 1404 rectum,

99 1413 144 1446 et
164 1406 268 1461 quid
292 1406 537 1449 faciendum
561 1409 668 1450 mihi
693 1418 820 1459 esset,
850 1409 1012 1450 diutius
1035 1409 1230 1464 cogitare
1253 1410 1399 1451 malui.
1451 1410 1547 1451 Pri-

97 1476 219 1504 mum
242 1464 390 1520 igitur,
413 1466 508 1507 haec
530 1467 675 1522 qualia
708 1467 788 1507 tibi
818 1480 910 1506 esse
934 1466 1173 1517 videantur,
1196 1467 1276 1507 etsi
1300 1467 1549 1524 significata.

101 1529 204 1561 sunt
236 1536 260 1562 a
285 1531 339 1573 te,
364 1532 505 1564 tamen
530 1523 772 1565 accuratius
794 1523 902 1564 mihi
927 1523 1180 1579 perscribas,
1204 1524 1358 1567 velim:
1390 1525 1547 1567 deiude

102 1576 265 1633 aliquid
299 1580 430 1621 etiam
467 1581 512 1622 in
546 1591 768 1637 posterum
799 1581 1054 1637 prospicias,
1087 1581 1128 1611 66
1143 1581 1383 1637 fingasque,
1417 1598 1548 1638 quem

100 1649 172 1676 me
203 1649 296 1677 esse
327 1637 492 1688 deceat,
514 1648 558 1679 et
591 1639 664 1681 ubi
695 1653 764 1680 me
796 1638 1027 1694 plurimum
1064 1639 1264 1694 prodesse
1295 1640 1548 1696 reipublicae

103 1693 289 1747 sentias-3
319 1709 468 1750 eequae
508 1697 690 1752 pacifica
723 1711 905 1753 persona
936 1696 1223 1749 desideretur3
1255 1712 1307 1738 an
1340 1698 1384 1738 in
1418 1698 1549 1739 bella-

104 1758 199 1791 tore
221 1751 307 1793 sint
328 1754 489 1795 omnia.
551 1753 697 1810 Atque
726 1769 825 1810 ego,
847 1754 920 1809 qui
943 1754 1091 1795 omnia
1113 1754 1260 1795 officio
1284 1755 1454 1806 metior,
1484 1770 1550 1797 re-

105 1809 262 1850 cordor
295 1819 435 1852 tamen
472 1820 547 1852 tua
575 1812 780 1863 consilia3
811 1812 968 1867 quibus
994 1812 1027 1852 si
1051 1812 1302 1868 paruissem,
1327 1813 1551 1854 tristitiam

104 1864 274 1908 illorum
299 1877 543 1925 temporum
575 1884 663 1910 non
696 1869 938 1910 subiissem.
972 1869 1165 1920 memini,
1199 1870 1303 1925 quid
1326 1871 1432 1911 mihi
1456 1880 1549 1912 tum

103 1925 285 1966 suaseris
309 1940 383 1981 per
405 1926 730 1983 Theophanem,
755 1941 829 1982 per
852 1926 1115 1968 Culeonem:
1139 1927 1270 1982 idque
1293 1942 1407 1984 saepe
1426 1928 1547 1985 inge·
1559 1948 1592 1980 p.
1613 1940 1684 1973 129.

104 1981 292 2023 miscens
315 1998 409 2024 sum
432 1985 695 2027 recordatus.
714 1999 845 2040 quare
869 1999 983 2025 nunc
1005 1984 1156 2026 saltem
1178 1985 1229 2025 ad
1249 1985 1342 2026 illos
1361 1985 1549 2027 calculos
1561 1993 1592 2014 a.

105 2050 387 2092 revertamur,
419 2056 527 2096 quos
560 2052 653 2084 tum
687 2043 954 2098 abjecimus3
984 2051 1034 2083 ut
1066 2057 1152 2082 non
1177 2042 1316 2083 solum
1350 2043 1553 2099 gloriosis

107 2097 299 2138 consiliis
335 2109 519 2151 utamur,
552 2100 623 2141 sed
660 2100 792 2141 etiam
814 2101 853 2135 67
869 2099 1012 2156 paullo
1046 2099 1305 2141 salubribus.
1342 2101 1414 2142 sed
1445 2100 1554 2143 nihil

107 2154 360 2209 praescribo.
393 2166 592 2198 accurate
625 2158 750 2199 velim
788 2158 1026 2214 perscribas
1058 2167 1175 2199 tuam
1211 2159 1264 2199 ad
1292 2172 1361 2199 me
1383 2167 1556 2199 senten-

109 2211 230 2252 tiam.
294 2213 403 2255 Volo
438 2217 569 2256 etiam
605 2216 821 2271 exquiraS,
854 2230 984 2270 quam
1017 2215 1349 2271 diligentissime
1378 2216 1556 2272 poteris,

109 2268 310 2323 (habebis
354 2280 514 2324 autem,
546 2286 621 2329 per
654 2287 762 2328 quos
794 2273 968 2328 possis‚)
1009 2273 1113 2328 quid
1154 2273 1361 2315 Lentulus
1396 2282 1557 2326 noster,

110 2328 217 2382 quid
240 2327 463 2371 Domitius
486 2339 602 2386 agat,
635 2330 740 2387 quid
763 2339 936 2372 acturus
960 2330 1030 2383 sit,
1051 2331 1418 2387 quemadmodum
1441 2346 1558 2374 nunc

150 2453 191 2484 65
213 2454 420 2494 imparatam
429 2453 509 2496 jam
530 2454 694 2496 Capuam]
719 2456 812 2486 Grae-

110 2495 182 2526 vius
196 2494 277 2536 jam
305 2497 405 2527 deleri
435 2498 578 2530 volebat.
606 2499 813 2539 imparatam

111 2544 200 2569 reete
216 2539 266 2569 ed.
281 2540 373 2571 sens,
389 2543 424 2570 et
437 2549 524 2580 seqq.
543 2541 646 2587 Jkom.
661 2546 700 2571 ut
711 2541 813 2571 Codd.

111 2580 258 2619 quidam,
273 2582 359 2614 male
374 2584 587 2623 imperatam.
607 2586 657 2613 est
672 2583 761 2614 enim
773 2583 815 2614 ab

113 2632 148 2652 re
162 2623 318 2654 alienum.
332 2626 471 2664 ignavia
481 2627 622 2657 delectus
634 2627 815 2666 opponitur

113 2664 292 2704 diligent-ite
316 2667 378 2699 del.
400 2678 474 2708 quae
497 2678 597 2710 supra
614 2678 816 2699 commemo-

114 2713 189 2738 rata
202 2714 265 2739 est.

157 2750 200 2780 66
208 2751 402 2792 fingasque,
417 2762 513 2793 quem
536 2763 588 2784 me
608 2762 673 2784 esse
687 2753 812 2794 deceat]

114 2790 228 2823 Ducta
251 2798 301 2824 est
326 2795 433 2827 forma
454 2805 498 2827 ex
520 2806 571 2833 en,
588 2796 675 2836 quod
677 2796 816 2837 fingere

112 2835 275 2866 hominem
304 2836 431 2875 dicunt,
463 2839 518 2878 qui
541 2848 617 2869 eum
642 2839 815 2879 praeceptis

113 2877 248 2915 docent,
260 2879 364 2918 qualis
379 2890 446 2911 esse
459 2881 588 2918 debeat,
603 2886 638 2911 et
647 2880 815 2920 ‘quomodo

113 2928 289 2964 personam
315 2930 347 2956 v.
371 2933 401 2956 c.
420 2923 561 2957 oratoris
576 2923 739 2958 sustinere
757 2923 814 2957 de-

854 2455 943 2487 beat.
968 2466 1059 2494 mox,
1086 2456 1319 2495 ubi-sentias,
1348 2457 1491 2488 refertur
1519 2456 1561 2488 ad

854 2499 990 2536 scribas,
1015 2499 1102 2538 quod
1124 2500 1159 2530 in
1173 2500 1295 2541 fingas
1319 2499 1404 2531 latet
1428 2499 1500 2531 κατ’
1517 2499 1560 2531 ἵν·

855 2554 939 2572 ’Mdv-

899 2585 939 2618 67
956 2584 1074 2623 paullo
1086 2584 1286 2625 salubribus]
1312 2586 1366 2616 Sic
1380 2585 1455 2618 edd.
1469 2590 1503 2618 et
1518 2587 1559 2618 li·

857 2626 907 2656 bri
922 2635 1048 2657 omnes.
1067 2628 1185 2667 paullo
1210 2637 1270 2667 pro
1287 2630 1457 2667 paullum.
1472 2634 1511 2660 ut
1525 2634 1561 2660 et

857 2668 935 2699 alibi
951 2669 1107 2706 occurrit,
1126 2670 1187 2700 etsi
1211 2670 1315 2701 rarius
1331 2681 1406 2701 cum
1427 2671 1563 2712 adjecti-

858 2712 906 2741 vis
931 2711 1090 2752 positivis.
1110 2712 1357 2752 salubrioribus,
1377 2714 1464 2753 quod
1488 2714 1563 2753 qui-

858 2753 935 2784 dam
965 2754 1169 2793 maluerunt,
1198 2755 1296 2795 plane
1324 2756 1470 2786 alienum
1497 2761 1562 2787 est.

856 2795 938 2827 Vult
965 2797 1118 2827 Atticum
1141 2798 1244 2828 etiam
1275 2797 1480 2828 salubritatis
1502 2797 1563 2831 ha-

857 2838 933 2869 bere
960 2839 1138 2877 rationem,
1166 2849 1234 2870 non
1260 2842 1395 2870 tantum
1427 2839 1561 2879 gloriae:

857 2881 913 2912 sed
927 2888 1042 2913 tamen
1056 2881 1129 2923 plus
1139 2881 1238 2921 hujus
1251 2891 1350 2919 quam
1366 2881 1473 2915 illius:
1490 2883 1563 2916 ideo

857 2924 940 2957 dixit
950 2925 1067 2965 paullo
1080 2924 1277 2957 salubribus.
