<?xml version="1.0" encoding="UTF-8"?>
<!DOCTYPE html PUBLIC "-//W3C//DTD XHTML 1.0 Transitional//EN"
    "http://www.w3.org/TR/xhtml1/DTD/xhtml1-transitional.dtd">
<html xmlns="http://www.w3.org/1999/xhtml" xml:lang="en" lang="en">
 <head>
  <title>
</title>
<meta http-equiv="Content-Type" content="text/html;charset=utf-8" />
  <meta name='ocr-system' content='tesseract 3.04.00' />
  <meta name='ocr-capabilities' content='ocr_page ocr_carea ocr_par ocr_line ocrx_word'/>
</head>
<body>
  <div class='ocr_page' id='page_1' title='image "./p2operaomnia03ciceuoft_0291.png"; bbox 0 0 1940 3231; ppageno 0'>
   <div class='ocr_carea' id='block_1_1' title="bbox 660 131 1537 178">
    <p class='ocr_par' dir='ltr' id='par_1_1' title="bbox 660 131 1537 178">
     <span class='ocr_line' id='line_1_1' title="bbox 660 131 1537 178; baseline 0.002 -7"><span class='ocrx_word' id='word_1_1' title='bbox 660 131 872 171; x_wconf 89' lang='lat' dir='ltr'><strong>LIBER</strong></span> <span class='ocrx_word' id='word_1_2' title='bbox 908 132 961 170; x_wconf 89' lang='lat' dir='ltr'>X.</span> <span class='ocrx_word' id='word_1_3' title='bbox 1459 138 1537 178; x_wconf 80' lang='lat'>715</span> 
     </span>
    </p>
   </div>
   <div class='ocr_carea' id='block_1_2' title="bbox 92 232 1594 2015">
    <p class='ocr_par' dir='ltr' id='par_1_2' title="bbox 92 232 1594 2015">
     <span class='ocr_line' id='line_1_2' title="bbox 92 232 1539 291; baseline -0.001 -10"><span class='ocrx_word' id='word_1_4' title='bbox 92 237 233 281; x_wconf 77' lang='lat' dir='ltr'>adhuc</span> <span class='ocrx_word' id='word_1_5' title='bbox 254 253 341 281; x_wconf 89' lang='lat' dir='ltr'>non</span> <span class='ocrx_word' id='word_1_6' title='bbox 363 237 681 280; x_wconf 82' lang='lat' dir='ltr'>satisfaciebat:</span> <span class='ocrx_word' id='word_1_7' title='bbox 713 236 843 277; x_wconf 87' lang='lat' dir='ltr'>debet</span> <span class='ocrx_word' id='word_1_8' title='bbox 864 243 1010 275; x_wconf 85' lang='lat' dir='ltr'>autem</span> <span class='ocrx_word' id='word_1_9' title='bbox 1031 232 1139 275; x_wconf 84' lang='lat' dir='ltr'>mihi</span> <span class='ocrx_word' id='word_1_10' title='bbox 1171 233 1333 276; x_wconf 93' lang='lat' dir='ltr'>multos</span> <span class='ocrx_word' id='word_1_11' title='bbox 1356 251 1508 279; x_wconf 90' lang='lat' dir='ltr'>numos</span> <span class='ocrx_word' id='word_1_12' title='bbox 1526 255 1539 291; x_wconf 88' lang='lat'>;</span> 
     </span>
     <span class='ocr_line' id='line_1_3' title="bbox 93 292 1540 352; baseline -0.003 -15"><span class='ocrx_word' id='word_1_13' title='bbox 93 310 173 338; x_wconf 91' lang='lat' dir='ltr'>nec</span> <span class='ocrx_word' id='word_1_14' title='bbox 208 298 390 339; x_wconf 82' lang='lat' dir='ltr'>habetur</span> <span class='ocrx_word' id='word_1_15' title='bbox 410 295 613 352; x_wconf 86' lang='lat' dir='ltr'><strong>locuples.</strong></span> <span class='ocrx_word' id='word_1_16' title='bbox 637 297 784 334; x_wconf 86' lang='lat' dir='ltr'>2nunc</span> <span class='ocrx_word' id='word_1_17' title='bbox 817 292 879 333; x_wconf 84' lang='lat' dir='ltr'>ait</span> <span class='ocrx_word' id='word_1_18' title='bbox 902 306 946 332; x_wconf 90' lang='lat' dir='ltr'>se</span> <span class='ocrx_word' id='word_1_19' title='bbox 978 292 1195 342; x_wconf 87' lang='lat' dir='ltr'>daturum,</span> <span class='ocrx_word' id='word_1_20' title='bbox 1217 292 1288 332; x_wconf 91' lang='lat' dir='ltr'>cui</span> <span class='ocrx_word' id='word_1_21' title='bbox 1325 307 1540 348; x_wconf 76' lang='lat' dir='ltr'>expensos</span> 
     </span>
     <span class='ocr_line' id='line_1_4' title="bbox 94 349 1539 405; baseline -0.002 -10"><span class='ocrx_word' id='word_1_22' title='bbox 94 354 269 396; x_wconf 82' lang='lat' dir='ltr'>tulerit:</span> <span class='ocrx_word' id='word_1_23' title='bbox 303 368 466 394; x_wconf 86' lang='lat' dir='ltr'>moram</span> <span class='ocrx_word' id='word_1_24' title='bbox 492 353 535 393; x_wconf 90' lang='lat' dir='ltr'>in</span> <span class='ocrx_word' id='word_1_25' title='bbox 558 350 813 402; x_wconf 79' lang='lat' dir='ltr'>tabellarii53</span> <span class='ocrx_word' id='word_1_26' title='bbox 845 349 879 390; x_wconf 88' lang='lat' dir='ltr'>si</span> <span class='ocrx_word' id='word_1_27' title='bbox 903 349 1017 405; x_wconf 82' lang='lat' dir='ltr'>apud</span> <span class='ocrx_word' id='word_1_28' title='bbox 1042 359 1083 389; x_wconf 86' lang='lat' dir='ltr'>te</span> <span class='ocrx_word' id='word_1_29' title='bbox 1105 357 1231 400; x_wconf 91' lang='lat' dir='ltr'>esset,</span> <span class='ocrx_word' id='word_1_30' title='bbox 1254 363 1339 403; x_wconf 84' lang='lat' dir='ltr'>qua</span> <span class='ocrx_word' id='word_1_31' title='bbox 1372 352 1539 393; x_wconf 77' lang='lat' dir='ltr'>satisfe-</span> 
     </span>
     <span class='ocr_line' id='line_1_5' title="bbox 94 405 1537 464; baseline -0.001 -12"><span class='ocrx_word' id='word_1_32' title='bbox 94 411 239 462; x_wconf 80' lang='lat' dir='ltr'>cisses,</span> <span class='ocrx_word' id='word_1_33' title='bbox 261 411 398 452; x_wconf 85' lang='lat' dir='ltr'>dares.</span> <span class='ocrx_word' id='word_1_34' title='bbox 430 417 638 464; x_wconf 85' lang='lat' dir='ltr'>quantum</span> <span class='ocrx_word' id='word_1_35' title='bbox 660 408 729 459; x_wconf 90' lang='lat' dir='ltr'>sit,</span> <span class='ocrx_word' id='word_1_36' title='bbox 744 407 849 448; x_wconf 90' lang='lat' dir='ltr'>Eros</span> <span class='ocrx_word' id='word_1_37' title='bbox 872 405 1097 448; x_wconf 81' lang='lat' dir='ltr'>Philotimi</span> <span class='ocrx_word' id='word_1_38' title='bbox 1118 405 1198 446; x_wconf 92' lang='lat' dir='ltr'>tibi</span> <span class='ocrx_word' id='word_1_39' title='bbox 1222 406 1352 447; x_wconf 89' lang='lat' dir='ltr'>dicet.</span> <span class='ocrx_word' id='word_1_40' title='bbox 1387 408 1459 448; x_wconf 90' lang='lat' dir='ltr'>sed</span> <span class='ocrx_word' id='word_1_41' title='bbox 1483 410 1537 450; x_wconf 87' lang='lat' dir='ltr'>ad</span> 
     </span>
     <span class='ocr_line' id='line_1_6' title="bbox 99 463 1543 524; baseline -0.003 -14"><span class='ocrx_word' id='word_1_42' title='bbox 99 468 267 524; x_wconf 83' lang='lat' dir='ltr'>majora</span> <span class='ocrx_word' id='word_1_43' title='bbox 289 469 525 510; x_wconf 79' lang='lat' dir='ltr'>redeamus.</span> <span class='ocrx_word' id='word_1_44' title='bbox 586 465 716 512; x_wconf 80' lang='lat' dir='ltr'>Quod</span> <span class='ocrx_word' id='word_1_45' title='bbox 751 475 890 521; x_wconf 83' lang='lat' dir='ltr'>optas,</span> <span class='ocrx_word' id='word_1_46' title='bbox 913 467 932 494; x_wconf 83' lang='lat'><strong>3</strong></span> <span class='ocrx_word' id='word_1_47' title='bbox 951 463 1199 506; x_wconf 74' lang='lat' dir='ltr'>Coelianum</span> <span class='ocrx_word' id='word_1_48' title='bbox 1228 463 1330 505; x_wconf 87' lang='lat' dir='ltr'>illud</span> <span class='ocrx_word' id='word_1_49' title='bbox 1355 474 1543 506; x_wconf 81' lang='lat' dir='ltr'>mature-</span> 
     </span>
     <span class='ocr_line' id='line_1_7' title="bbox 98 522 1541 580; baseline -0.002 -13"><span class='ocrx_word' id='word_1_50' title='bbox 98 526 196 567; x_wconf 85' lang='lat' dir='ltr'><strong>scit.</strong></span> <span class='ocrx_word' id='word_1_51' title='bbox 237 525 380 580; x_wconf 78' lang='lat' dir='ltr'>itaque</span> <span class='ocrx_word' id='word_1_52' title='bbox 415 531 633 577; x_wconf 87' lang='lat' dir='ltr'>torqueor,</span> <span class='ocrx_word' id='word_1_53' title='bbox 673 533 816 564; x_wconf 85' lang='lat' dir='ltr'>utrum</span> <span class='ocrx_word' id='word_1_54' title='bbox 854 530 1029 563; x_wconf 88' lang='lat' dir='ltr'>ventum</span> <span class='ocrx_word' id='word_1_55' title='bbox 1069 529 1335 577; x_wconf 82' lang='lat' dir='ltr'><strong>exspectem.</strong></span> <span class='ocrx_word' id='word_1_56' title='bbox 1383 522 1541 564; x_wconf 84' lang='lat' dir='ltr'>vexillo</span> 
     </span>
     <span class='ocr_line' id='line_1_8' title="bbox 97 578 1541 639; baseline -0.001 -16"><span class='ocrx_word' id='word_1_57' title='bbox 97 597 208 639; x_wconf 89' lang='lat' dir='ltr'>opus</span> <span class='ocrx_word' id='word_1_58' title='bbox 239 593 327 623; x_wconf 87' lang='lat' dir='ltr'>est:</span> <span class='ocrx_word' id='word_1_59' title='bbox 359 580 669 622; x_wconf 82' lang='lat' dir='ltr'>convolabunt.</span> <span class='ocrx_word' id='word_1_60' title='bbox 730 579 861 627; x_wconf 84' lang='lat' dir='ltr'>Quod</span> <span class='ocrx_word' id='word_1_61' title='bbox 893 579 1058 630; x_wconf 83' lang='lat' dir='ltr'>suades,</span> <span class='ocrx_word' id='word_1_62' title='bbox 1082 588 1130 620; x_wconf 90' lang='lat' dir='ltr'>ut</span> <span class='ocrx_word' id='word_1_63' title='bbox 1162 578 1332 634; x_wconf 79' lang='lat' dir='ltr'>palam3</span> <span class='ocrx_word' id='word_1_64' title='bbox 1369 594 1541 635; x_wconf 86' lang='lat' dir='ltr'>prorsus</span> 
     </span>
     <span class='ocr_line' id='line_1_9' title="bbox 96 636 1542 694; baseline -0.001 -14"><span class='ocrx_word' id='word_1_65' title='bbox 96 639 333 681; x_wconf 83' lang='lat' dir='ltr'>assentior:</span> <span class='ocrx_word' id='word_1_66' title='bbox 365 638 510 693; x_wconf 83' lang='lat' dir='ltr'>itaque</span> <span class='ocrx_word' id='word_1_67' title='bbox 543 652 613 678; x_wconf 90' lang='lat' dir='ltr'>me</span> <span class='ocrx_word' id='word_1_68' title='bbox 648 636 943 694; x_wconf 87' lang='lat' dir='ltr'>profecturum</span> <span class='ocrx_word' id='word_1_69' title='bbox 979 648 1101 692; x_wconf 91' lang='lat' dir='ltr'>puto.</span> <span class='ocrx_word' id='word_1_70' title='bbox 1135 644 1229 677; x_wconf 83' lang='lat' dir='ltr'>tuas</span> <span class='ocrx_word' id='word_1_71' title='bbox 1255 647 1399 693; x_wconf 84' lang='lat' dir='ltr'>tamen</span> <span class='ocrx_word' id='word_1_72' title='bbox 1432 637 1542 679; x_wconf 89' lang='lat' dir='ltr'>inte-</span> 
     </span>
     <span class='ocr_line' id='line_1_10' title="bbox 101 693 1543 750; baseline -0.001 -12"><span class='ocrx_word' id='word_1_73' title='bbox 101 697 182 738; x_wconf 85' lang='lat' dir='ltr'>rim</span> <span class='ocrx_word' id='word_1_74' title='bbox 205 696 366 736; x_wconf 83' lang='lat' dir='ltr'>litteras</span> <span class='ocrx_word' id='word_1_75' title='bbox 398 705 622 750; x_wconf 78' lang='lat' dir='ltr'>exspecto.</span> <span class='ocrx_word' id='word_1_76' title='bbox 682 694 819 736; x_wconf 87' lang='lat' dir='ltr'>Servii</span> <span class='ocrx_word' id='word_1_77' title='bbox 843 694 1024 735; x_wconf 89' lang='lat' dir='ltr'>consilio</span> <span class='ocrx_word' id='word_1_78' title='bbox 1047 693 1154 734; x_wconf 86' lang='lat' dir='ltr'>nihil</span> <span class='ocrx_word' id='word_1_79' title='bbox 1175 694 1419 749; x_wconf 78' lang='lat' dir='ltr'>expeditur.</span> <span class='ocrx_word' id='word_1_80' title='bbox 1450 710 1543 736; x_wconf 90' lang='lat' dir='ltr'>om-</span> 
     </span>
     <span class='ocr_line' id='line_1_11' title="bbox 99 751 1545 809; baseline -0.001 -14"><span class='ocrx_word' id='word_1_81' title='bbox 99 767 174 795; x_wconf 87' lang='lat' dir='ltr'>nes</span> <span class='ocrx_word' id='word_1_82' title='bbox 198 753 420 809; x_wconf 76' lang='lat' dir='ltr'>captiones</span> <span class='ocrx_word' id='word_1_83' title='bbox 454 752 499 792; x_wconf 91' lang='lat' dir='ltr'>in</span> <span class='ocrx_word' id='word_1_84' title='bbox 522 752 640 794; x_wconf 87' lang='lat' dir='ltr'>omni</span> <span class='ocrx_word' id='word_1_85' title='bbox 663 752 878 793; x_wconf 85' lang='lat' dir='ltr'>sententia</span> <span class='ocrx_word' id='word_1_86' title='bbox 909 760 1157 793; x_wconf 82' lang='lat' dir='ltr'>occurrunt.</span> <span class='ocrx_word' id='word_1_87' title='bbox 1188 766 1319 792; x_wconf 87' lang='lat' dir='ltr'>unum</span> <span class='ocrx_word' id='word_1_88' title='bbox 1347 751 1398 793; x_wconf 88' lang='lat' dir='ltr'>C.</span> <span class='ocrx_word' id='word_1_89' title='bbox 1423 751 1545 794; x_wconf 85' lang='lat' dir='ltr'>Mar-</span> 
     </span>
     <span class='ocr_line' id='line_1_12' title="bbox 100 808 1544 866; baseline 0 -15"><span class='ocrx_word' id='word_1_90' title='bbox 100 809 208 852; x_wconf 91' lang='lat' dir='ltr'>cello</span> <span class='ocrx_word' id='word_1_91' title='bbox 231 811 420 866; x_wconf 82' lang='lat' dir='ltr'>cognovi</span> <span class='ocrx_word' id='word_1_92' title='bbox 445 809 733 862; x_wconf 80' lang='lat' dir='ltr'>timidiorem3</span> <span class='ocrx_word' id='word_1_93' title='bbox 756 812 776 840; x_wconf 81' lang='grc'>4</span> <span class='ocrx_word' id='word_1_94' title='bbox 792 823 919 864; x_wconf 91' lang='lat' dir='ltr'>quem</span> <span class='ocrx_word' id='word_1_95' title='bbox 942 809 1160 850; x_wconf 85' lang='lat' dir='ltr'>consulem</span> <span class='ocrx_word' id='word_1_96' title='bbox 1185 808 1317 850; x_wconf 83' lang='lat' dir='ltr'>fuisse</span> <span class='ocrx_word' id='word_1_97' title='bbox 1341 810 1544 865; x_wconf 88' lang='lat' dir='ltr'>poenitet.</span> 
     </span>
     <span class='ocr_line' id='line_1_13' title="bbox 98 866 1544 923; baseline 0.001 -16"><span class='ocrx_word' id='word_1_98' title='bbox 98 869 268 912; x_wconf 70' lang='grc' dir='ltr'>ἂπολλῐς</span> <span class='ocrx_word' id='word_1_99' title='bbox 287 869 468 918; x_wconf 50' lang='lat' dir='ltr'>azymam!</span> <span class='ocrx_word' id='word_1_100' title='bbox 512 868 587 923; x_wconf 90' lang='lat' dir='ltr'>qui</span> <span class='ocrx_word' id='word_1_101' title='bbox 619 868 750 909; x_wconf 81' lang='lat' dir='ltr'>etiam</span> <span class='ocrx_word' id='word_1_102' title='bbox 781 866 1022 908; x_wconf 84' lang='lat' dir='ltr'>Antonium</span> <span class='ocrx_word' id='word_1_103' title='bbox 1058 866 1334 908; x_wconf 81' lang='lat' dir='ltr'>confirmasse</span> <span class='ocrx_word' id='word_1_104' title='bbox 1369 867 1544 919; x_wconf 88' lang='lat' dir='ltr'>dicitur,</span> 
     </span>
     <span class='ocr_line' id='line_1_14' title="bbox 99 923 1544 980; baseline 0.001 -16"><span class='ocrx_word' id='word_1_105' title='bbox 99 932 149 964; x_wconf 93' lang='lat' dir='ltr'>ut</span> <span class='ocrx_word' id='word_1_106' title='bbox 172 938 242 965; x_wconf 89' lang='lat' dir='ltr'>me</span> <span class='ocrx_word' id='word_1_107' title='bbox 273 923 527 980; x_wconf 80' lang='lat' dir='ltr'>impediret3</span> <span class='ocrx_word' id='word_1_108' title='bbox 562 928 683 980; x_wconf 90' lang='lat' dir='ltr'>5quo</span> <span class='ocrx_word' id='word_1_109' title='bbox 721 926 828 980; x_wconf 90' lang='lat' dir='ltr'>ipse,</span> <span class='ocrx_word' id='word_1_110' title='bbox 851 924 994 976; x_wconf 86' lang='lat' dir='ltr'>credo,</span> <span class='ocrx_word' id='word_1_111' title='bbox 1027 923 1265 965; x_wconf 79' lang='lat' dir='ltr'>honestius,</span> <span class='ocrx_word' id='word_1_112' title='bbox 1325 924 1544 966; x_wconf 88' lang='lat' dir='ltr'>Antonius</span> 
     </span>
     <span class='ocr_line' id='line_1_15' title="bbox 100 980 1546 1039; baseline 0.001 -17"><span class='ocrx_word' id='word_1_113' title='bbox 100 990 245 1022; x_wconf 86' lang='lat' dir='ltr'>autem</span> <span class='ocrx_word' id='word_1_114' title='bbox 278 996 325 1022; x_wconf 83' lang='lat' dir='ltr'>vl</span> <span class='ocrx_word' id='word_1_115' title='bbox 354 980 418 1024; x_wconf 89' lang='lat' dir='ltr'>Id.</span> <span class='ocrx_word' id='word_1_116' title='bbox 443 981 638 1038; x_wconf 78' lang='lat' dir='ltr'>Capuam</span> <span class='ocrx_word' id='word_1_117' title='bbox 672 981 892 1038; x_wconf 88' lang='lat' dir='ltr'>profectus</span> <span class='ocrx_word' id='word_1_118' title='bbox 929 992 1017 1023; x_wconf 86' lang='lat' dir='ltr'>est:</span> <span class='ocrx_word' id='word_1_119' title='bbox 1055 981 1107 1022; x_wconf 84' lang='lat' dir='ltr'>ad</span> <span class='ocrx_word' id='word_1_120' title='bbox 1131 995 1199 1022; x_wconf 90' lang='lat' dir='ltr'>me</span> <span class='ocrx_word' id='word_1_121' title='bbox 1231 982 1361 1033; x_wconf 82' lang='lat' dir='ltr'>misit,</span> <span class='ocrx_word' id='word_1_122' title='bbox 1385 997 1443 1034; x_wconf 89' lang='lat' dir='ltr'>se,</span> <span class='ocrx_word' id='word_1_123' title='bbox 1465 998 1546 1039; x_wconf 91' lang='lat' dir='ltr'>pu-</span> 
     </span>
     <span class='ocr_line' id='line_1_16' title="bbox 100 1037 1547 1094; baseline 0.001 -14"><span class='ocrx_word' id='word_1_124' title='bbox 100 1038 206 1080; x_wconf 87' lang='lat' dir='ltr'>dore</span> <span class='ocrx_word' id='word_1_125' title='bbox 228 1038 495 1090; x_wconf 82' lang='lat' dir='ltr'>deterritum,</span> <span class='ocrx_word' id='word_1_126' title='bbox 520 1039 573 1080; x_wconf 83' lang='lat' dir='ltr'>ad</span> <span class='ocrx_word' id='word_1_127' title='bbox 594 1054 663 1081; x_wconf 92' lang='lat' dir='ltr'>me</span> <span class='ocrx_word' id='word_1_128' title='bbox 693 1054 781 1080; x_wconf 87' lang='lat' dir='ltr'>non</span> <span class='ocrx_word' id='word_1_129' title='bbox 805 1039 984 1089; x_wconf 79' lang='lat' dir='ltr'>venisse,</span> <span class='ocrx_word' id='word_1_130' title='bbox 1014 1037 1131 1094; x_wconf 83' lang='lat' dir='ltr'>quod</span> <span class='ocrx_word' id='word_1_131' title='bbox 1161 1052 1230 1079; x_wconf 88' lang='lat' dir='ltr'>me</span> <span class='ocrx_word' id='word_1_132' title='bbox 1252 1038 1333 1080; x_wconf 92' lang='lat' dir='ltr'>sibi</span> <span class='ocrx_word' id='word_1_133' title='bbox 1368 1055 1547 1082; x_wconf 89' lang='lat' dir='ltr'>succen-</span> 
     </span>
     <span class='ocr_line' id='line_1_17' title="bbox 103 1096 1549 1153; baseline 0.001 -16"><span class='ocrx_word' id='word_1_134' title='bbox 103 1110 194 1137; x_wconf 85' lang='lat' dir='ltr'>sere</span> <span class='ocrx_word' id='word_1_135' title='bbox 214 1105 398 1152; x_wconf 86' lang='lat' dir='ltr'>putaret.</span> <span class='ocrx_word' id='word_1_136' title='bbox 418 1098 553 1139; x_wconf 88' lang='lat' dir='ltr'>ibitur</span> <span class='ocrx_word' id='word_1_137' title='bbox 571 1097 719 1153; x_wconf 84' lang='lat' dir='ltr'>igitur,</span> <span class='ocrx_word' id='word_1_138' title='bbox 735 1106 778 1137; x_wconf 89' lang='lat' dir='ltr'>et</span> <span class='ocrx_word' id='word_1_139' title='bbox 797 1096 858 1137; x_wconf 88' lang='lat' dir='ltr'>ita</span> <span class='ocrx_word' id='word_1_140' title='bbox 874 1096 1064 1151; x_wconf 81' lang='lat' dir='ltr'>quidem,</span> <span class='ocrx_word' id='word_1_141' title='bbox 1078 1104 1126 1136; x_wconf 86' lang='lat' dir='ltr'>ut</span> <span class='ocrx_word' id='word_1_142' title='bbox 1144 1110 1316 1148; x_wconf 86' lang='lat' dir='ltr'>censes;</span> <span class='ocrx_word' id='word_1_143' title='bbox 1339 1097 1419 1138; x_wconf 87' lang='lat' dir='ltr'>nisi</span> <span class='ocrx_word' id='word_1_144' title='bbox 1444 1098 1549 1139; x_wconf 76' lang='lat' dir='ltr'>6cu·-</span> 
     </span>
     <span class='ocr_line' id='line_1_18' title="bbox 97 1152 1551 1210; baseline 0.002 -16"><span class='ocrx_word' id='word_1_145' title='bbox 97 1153 173 1208; x_wconf 82' lang='lat' dir='ltr'>jus</span> <span class='ocrx_word' id='word_1_146' title='bbox 194 1154 404 1210; x_wconf 83' lang='lat' dir='ltr'>gravioris</span> <span class='ocrx_word' id='word_1_147' title='bbox 428 1168 621 1210; x_wconf 85' lang='lat' dir='ltr'>personae</span> <span class='ocrx_word' id='word_1_148' title='bbox 640 1152 926 1210; x_wconf 74' lang='lat' dir='ltr'>suscipiendae</span> <span class='ocrx_word' id='word_1_149' title='bbox 947 1167 1044 1209; x_wconf 87' lang='lat' dir='ltr'>spes</span> <span class='ocrx_word' id='word_1_150' title='bbox 1064 1153 1146 1194; x_wconf 86' lang='lat' dir='ltr'>erit</span> <span class='ocrx_word' id='word_1_151' title='bbox 1163 1161 1263 1194; x_wconf 84' lang='lat' dir='ltr'>ante</span> <span class='ocrx_word' id='word_1_152' title='bbox 1285 1154 1445 1195; x_wconf 87' lang='lat' dir='ltr'>oblata.</span> <span class='ocrx_word' id='word_1_153' title='bbox 1476 1155 1551 1197; x_wconf 90' lang='lat' dir='ltr'>sed</span> 
     </span>
     <span class='ocr_line' id='line_1_19' title="bbox 106 1210 1550 1267; baseline 0.002 -16"><span class='ocrx_word' id='word_1_154' title='bbox 106 1211 180 1252; x_wconf 79' lang='lat' dir='ltr'>vix</span> <span class='ocrx_word' id='word_1_155' title='bbox 203 1211 285 1252; x_wconf 85' lang='lat' dir='ltr'>erit</span> <span class='ocrx_word' id='word_1_156' title='bbox 304 1219 391 1252; x_wconf 85' lang='lat' dir='ltr'>tam</span> <span class='ocrx_word' id='word_1_157' title='bbox 413 1212 517 1252; x_wconf 89' lang='lat' dir='ltr'>cito.</span> <span class='ocrx_word' id='word_1_158' title='bbox 576 1211 771 1252; x_wconf 88' lang='lat' dir='ltr'>Allienus</span> <span class='ocrx_word' id='word_1_159' title='bbox 793 1221 936 1252; x_wconf 83' lang='lat' dir='ltr'>autem</span> <span class='ocrx_word' id='word_1_160' title='bbox 960 1220 1120 1267; x_wconf 80' lang='lat' dir='ltr'>praetor</span> <span class='ocrx_word' id='word_1_161' title='bbox 1144 1210 1326 1267; x_wconf 82' lang='lat' dir='ltr'>putabat</span> <span class='ocrx_word' id='word_1_162' title='bbox 1347 1211 1550 1267; x_wconf 82' lang='lat' dir='ltr'>aliquem,</span> 
     </span>
     <span class='ocr_line' id='line_1_20' title="bbox 104 1268 1549 1325; baseline 0.003 -17"><span class='ocrx_word' id='word_1_163' title='bbox 104 1268 140 1308; x_wconf 89' lang='lat' dir='ltr'>si</span> <span class='ocrx_word' id='word_1_164' title='bbox 162 1283 244 1325; x_wconf 83' lang='lat' dir='ltr'>ego</span> <span class='ocrx_word' id='word_1_165' title='bbox 267 1283 369 1319; x_wconf 85' lang='lat' dir='ltr'>non,</span> <span class='ocrx_word' id='word_1_166' title='bbox 393 1283 446 1310; x_wconf 80' lang='lat' dir='ltr'>ex</span> <span class='ocrx_word' id='word_1_167' title='bbox 479 1268 656 1325; x_wconf 84' lang='lat' dir='ltr'>collegis</span> <span class='ocrx_word' id='word_1_168' title='bbox 678 1268 780 1310; x_wconf 88' lang='lat' dir='ltr'>suis.</span> <span class='ocrx_word' id='word_1_169' title='bbox 811 1268 953 1324; x_wconf 89' lang='lat' dir='ltr'>quivis</span> <span class='ocrx_word' id='word_1_170' title='bbox 984 1268 1099 1319; x_wconf 87' lang='lat' dir='ltr'>licet,</span> <span class='ocrx_word' id='word_1_171' title='bbox 1121 1268 1357 1310; x_wconf 89' lang='lat' dir='ltr'>dummodo</span> <span class='ocrx_word' id='word_1_172' title='bbox 1378 1269 1549 1325; x_wconf 85' lang='lat' dir='ltr'>aliquis.</span> 
     </span>
     <span class='ocr_line' id='line_1_21' title="bbox 107 1325 1594 1384; baseline 0.003 -18"><span class='ocrx_word' id='word_1_173' title='bbox 107 1325 178 1367; x_wconf 88' lang='lat' dir='ltr'>De</span> <span class='ocrx_word' id='word_1_174' title='bbox 211 1340 369 1378; x_wconf 87' lang='lat' dir='ltr'>sorore,</span> <span class='ocrx_word' id='word_1_175' title='bbox 396 1325 539 1368; x_wconf 84' lang='lat' dir='ltr'>laudo.</span> <span class='ocrx_word' id='word_1_176' title='bbox 602 1326 670 1368; x_wconf 93' lang='lat' dir='ltr'>De</span> <span class='ocrx_word' id='word_1_177' title='bbox 705 1326 873 1373; x_wconf 82' lang='lat' dir='ltr'>Quinto</span> <span class='ocrx_word' id='word_1_178' title='bbox 908 1339 1057 1382; x_wconf 87' lang='lat' dir='ltr'>puero,</span> <span class='ocrx_word' id='word_1_179' title='bbox 1088 1326 1215 1367; x_wconf 83' lang='lat' dir='ltr'>datur</span> <span class='ocrx_word' id='word_1_180' title='bbox 1247 1340 1393 1382; x_wconf 85' lang='lat' dir='ltr'>opera.</span> <span class='ocrx_word' id='word_1_181' title='bbox 1425 1343 1548 1384; x_wconf 85' lang='lat' dir='ltr'>spero</span> <span class='ocrx_word' id='word_1_182' title='bbox 1561 1340 1594 1371; x_wconf 82' lang='lat' dir='ltr'>b.</span> 
     </span>
     <span class='ocr_line' id='line_1_22' title="bbox 108 1383 1552 1435; baseline 0.003 -11"><span class='ocrx_word' id='word_1_183' title='bbox 108 1397 200 1424; x_wconf 87' lang='lat' dir='ltr'>esse</span> <span class='ocrx_word' id='word_1_184' title='bbox 221 1383 412 1425; x_wconf 82' lang='lat' dir='ltr'>meliora.</span> <span class='ocrx_word' id='word_1_185' title='bbox 473 1383 544 1425; x_wconf 91' lang='lat' dir='ltr'>De</span> <span class='ocrx_word' id='word_1_186' title='bbox 575 1384 744 1431; x_wconf 83' lang='lat' dir='ltr'>Quinto</span> <span class='ocrx_word' id='word_1_187' title='bbox 777 1383 923 1435; x_wconf 73' lang='lat' dir='ltr'>fratre,</span> <span class='ocrx_word' id='word_1_188' title='bbox 946 1383 1054 1425; x_wconf 86' lang='lat' dir='ltr'>scito</span> <span class='ocrx_word' id='word_1_189' title='bbox 1086 1398 1184 1424; x_wconf 91' lang='lat' dir='ltr'>eum</span> <span class='ocrx_word' id='word_1_190' title='bbox 1206 1398 1294 1424; x_wconf 90' lang='lat' dir='ltr'>non</span> <span class='ocrx_word' id='word_1_191' title='bbox 1321 1385 1552 1428; x_wconf 86' lang='lat' dir='ltr'>mediocri-</span> 
     </span>
     <span class='ocr_line' id='line_1_23' title="bbox 111 1439 1554 1499; baseline 0.003 -18"><span class='ocrx_word' id='word_1_192' title='bbox 111 1449 177 1481; x_wconf 87' lang='lat' dir='ltr'>ter</span> <span class='ocrx_word' id='word_1_193' title='bbox 199 1439 422 1482; x_wconf 75' lang='lat' dir='ltr'>7laborare</span> <span class='ocrx_word' id='word_1_194' title='bbox 437 1441 490 1483; x_wconf 92' lang='lat' dir='ltr'>de</span> <span class='ocrx_word' id='word_1_195' title='bbox 505 1456 655 1483; x_wconf 79' lang='lat' dir='ltr'>usura:</span> <span class='ocrx_word' id='word_1_196' title='bbox 680 1441 752 1482; x_wconf 87' lang='lat' dir='ltr'>sed</span> <span class='ocrx_word' id='word_1_197' title='bbox 771 1441 914 1482; x_wconf 83' lang='lat' dir='ltr'>adhuc</span> <span class='ocrx_word' id='word_1_198' title='bbox 937 1440 1044 1482; x_wconf 90' lang='lat' dir='ltr'>nihil</span> <span class='ocrx_word' id='word_1_199' title='bbox 1063 1457 1087 1482; x_wconf 82' lang='lat' dir='ltr'>a</span> <span class='ocrx_word' id='word_1_200' title='bbox 1102 1441 1151 1482; x_wconf 90' lang='lat' dir='ltr'>L.</span> <span class='ocrx_word' id='word_1_201' title='bbox 1170 1440 1359 1497; x_wconf 82' lang='lat' dir='ltr'>Egnatio</span> <span class='ocrx_word' id='word_1_202' title='bbox 1378 1457 1554 1499; x_wconf 79' lang='lat' dir='ltr'>expres-</span> 
     </span>
     <span class='ocr_line' id='line_1_24' title="bbox 111 1497 1555 1558; baseline 0.003 -19"><span class='ocrx_word' id='word_1_203' title='bbox 111 1499 181 1539; x_wconf 89' lang='lat' dir='ltr'>sit.</span> <span class='ocrx_word' id='word_1_204' title='bbox 226 1501 244 1529; x_wconf 74' lang='lat'><strong>3</strong></span> <span class='ocrx_word' id='word_1_205' title='bbox 261 1497 402 1539; x_wconf 79' lang='lat' dir='ltr'>Axius</span> <span class='ocrx_word' id='word_1_206' title='bbox 433 1499 486 1541; x_wconf 89' lang='lat' dir='ltr'>de</span> <span class='ocrx_word' id='word_1_207' title='bbox 509 1513 582 1540; x_wconf 74' lang='grc' dir='ltr'>ΧΠ</span> <span class='ocrx_word' id='word_1_208' title='bbox 606 1499 795 1540; x_wconf 87' lang='lat' dir='ltr'>millibus</span> <span class='ocrx_word' id='word_1_209' title='bbox 818 1499 997 1554; x_wconf 88' lang='lat' dir='ltr'>pudens.</span> <span class='ocrx_word' id='word_1_210' title='bbox 1036 1513 1151 1554; x_wconf 83' lang='lat' dir='ltr'>saepe</span> <span class='ocrx_word' id='word_1_211' title='bbox 1173 1500 1288 1540; x_wconf 89' lang='lat' dir='ltr'>enim</span> <span class='ocrx_word' id='word_1_212' title='bbox 1311 1500 1555 1558; x_wconf 83' lang='lat' dir='ltr'>adscripsit,</span> 
     </span>
     <span class='ocr_line' id='line_1_25' title="bbox 112 1554 1556 1615; baseline 0.003 -19"><span class='ocrx_word' id='word_1_213' title='bbox 112 1564 162 1597; x_wconf 90' lang='lat' dir='ltr'>ut</span> <span class='ocrx_word' id='word_1_214' title='bbox 194 1554 354 1607; x_wconf 81' lang='lat' dir='ltr'>Gallio,</span> <span class='ocrx_word' id='word_1_215' title='bbox 385 1565 594 1611; x_wconf 84' lang='lat' dir='ltr'>quantum</span> <span class='ocrx_word' id='word_1_216' title='bbox 619 1557 655 1597; x_wconf 88' lang='lat' dir='ltr'>is</span> <span class='ocrx_word' id='word_1_217' title='bbox 684 1555 827 1607; x_wconf 82' lang='lat' dir='ltr'>vellet,</span> <span class='ocrx_word' id='word_1_218' title='bbox 850 1556 1011 1597; x_wconf 83' lang='lat' dir='ltr'>darem.</span> <span class='ocrx_word' id='word_1_219' title='bbox 1042 1557 1158 1611; x_wconf 85' lang='lat' dir='ltr'>quod</span> <span class='ocrx_word' id='word_1_220' title='bbox 1186 1557 1221 1597; x_wconf 90' lang='lat' dir='ltr'>si</span> <span class='ocrx_word' id='word_1_221' title='bbox 1249 1571 1333 1599; x_wconf 90' lang='lat' dir='ltr'>non</span> <span class='ocrx_word' id='word_1_222' title='bbox 1362 1559 1556 1615; x_wconf 88' lang='lat' dir='ltr'>scripsis-</span> 
     </span>
     <span class='ocr_line' id='line_1_26' title="bbox 113 1613 1555 1671; baseline 0.003 -17"><span class='ocrx_word' id='word_1_223' title='bbox 113 1621 193 1664; x_wconf 86' lang='lat' dir='ltr'>set,</span> <span class='ocrx_word' id='word_1_224' title='bbox 236 1628 462 1668; x_wconf 87' lang='lat' dir='ltr'>possemne</span> <span class='ocrx_word' id='word_1_225' title='bbox 503 1614 653 1656; x_wconf 76' lang='lat' dir='ltr'>aliter?</span> <span class='ocrx_word' id='word_1_226' title='bbox 704 1624 747 1655; x_wconf 86' lang='lat' dir='ltr'>et</span> <span class='ocrx_word' id='word_1_227' title='bbox 788 1613 963 1669; x_wconf 89' lang='lat' dir='ltr'>quidem</span> <span class='ocrx_word' id='word_1_228' title='bbox 1005 1628 1121 1670; x_wconf 83' lang='lat' dir='ltr'>saepe</span> <span class='ocrx_word' id='word_1_229' title='bbox 1165 1629 1259 1655; x_wconf 90' lang='lat' dir='ltr'>sum</span> <span class='ocrx_word' id='word_1_230' title='bbox 1309 1616 1555 1671; x_wconf 87' lang='lat' dir='ltr'>pollicitus:</span> 
     </span>
     <span class='ocr_line' id='line_1_27' title="bbox 113 1670 1556 1731; baseline 0.003 -20"><span class='ocrx_word' id='word_1_231' title='bbox 113 1670 187 1712; x_wconf 89' lang='lat' dir='ltr'>sed</span> <span class='ocrx_word' id='word_1_232' title='bbox 211 1679 378 1712; x_wconf 81' lang='lat' dir='ltr'>tantum</span> <span class='ocrx_word' id='word_1_233' title='bbox 411 1670 548 1713; x_wconf 85' lang='lat' dir='ltr'>voluit</span> <span class='ocrx_word' id='word_1_234' title='bbox 578 1672 682 1713; x_wconf 84' lang='lat' dir='ltr'>cito.</span> <span class='ocrx_word' id='word_1_235' title='bbox 712 1685 782 1713; x_wconf 89' lang='lat' dir='ltr'>me</span> <span class='ocrx_word' id='word_1_236' title='bbox 812 1684 915 1712; x_wconf 88' lang='lat' dir='ltr'>vero</span> <span class='ocrx_word' id='word_1_237' title='bbox 937 1670 1228 1726; x_wconf 73' lang='lat' dir='ltr'>9adjuva1ent</span> <span class='ocrx_word' id='word_1_238' title='bbox 1250 1672 1316 1713; x_wconf 89' lang='lat' dir='ltr'>his</span> <span class='ocrx_word' id='word_1_239' title='bbox 1349 1674 1392 1714; x_wconf 90' lang='lat' dir='ltr'>in</span> <span class='ocrx_word' id='word_1_240' title='bbox 1420 1689 1556 1731; x_wconf 80' lang='lat' dir='ltr'>angu-</span> 
     </span>
     <span class='ocr_line' id='line_1_28' title="bbox 117 1727 1556 1785; baseline 0.003 -15"><span class='ocrx_word' id='word_1_241' title='bbox 117 1728 227 1770; x_wconf 82' lang='lat' dir='ltr'>stiis.</span> <span class='ocrx_word' id='word_1_242' title='bbox 258 1730 331 1770; x_wconf 89' lang='lat' dir='ltr'>sed</span> <span class='ocrx_word' id='word_1_243' title='bbox 353 1728 411 1771; x_wconf 90' lang='lat' dir='ltr'>dii</span> <span class='ocrx_word' id='word_1_244' title='bbox 446 1730 577 1771; x_wconf 86' lang='lat' dir='ltr'>istos!</span> <span class='ocrx_word' id='word_1_245' title='bbox 610 1743 758 1771; x_wconf 85' lang='lat' dir='ltr'>verum</span> <span class='ocrx_word' id='word_1_246' title='bbox 780 1728 898 1770; x_wconf 84' lang='lat' dir='ltr'>alias.</span> <span class='ocrx_word' id='word_1_247' title='bbox 958 1727 1020 1769; x_wconf 82' lang='lat' dir='ltr'>Te</span> <span class='ocrx_word' id='word_1_248' title='bbox 1053 1744 1077 1769; x_wconf 84' lang='lat' dir='ltr'>a</span> <span class='ocrx_word' id='word_1_249' title='bbox 1097 1739 1307 1785; x_wconf 83' lang='lat' dir='ltr'>quartana</span> <span class='ocrx_word' id='word_1_250' title='bbox 1327 1730 1556 1776; x_wconf 82' lang='lat' dir='ltr'>liberatum</span> 
     </span>
     <span class='ocr_line' id='line_1_29' title="bbox 118 1785 1559 1843; baseline 0.004 -17"><span class='ocrx_word' id='word_1_251' title='bbox 118 1786 301 1842; x_wconf 82' lang='lat' dir='ltr'>gaudeo,</span> <span class='ocrx_word' id='word_1_252' title='bbox 324 1786 515 1843; x_wconf 87' lang='lat' dir='ltr'>itemque</span> <span class='ocrx_word' id='word_1_253' title='bbox 540 1786 712 1829; x_wconf 85' lang='lat' dir='ltr'>Piliam.</span> <span class='ocrx_word' id='word_1_254' title='bbox 774 1786 885 1842; x_wconf 85' lang='lat' dir='ltr'>Ego,</span> <span class='ocrx_word' id='word_1_255' title='bbox 907 1785 1010 1827; x_wconf 88' lang='lat' dir='ltr'>dum</span> <span class='ocrx_word' id='word_1_256' title='bbox 1033 1801 1163 1842; x_wconf 87' lang='lat' dir='ltr'>panes</span> <span class='ocrx_word' id='word_1_257' title='bbox 1186 1798 1229 1829; x_wconf 87' lang='lat' dir='ltr'>et</span> <span class='ocrx_word' id='word_1_258' title='bbox 1250 1797 1393 1830; x_wconf 85' lang='lat' dir='ltr'>cetera</span> <span class='ocrx_word' id='word_1_259' title='bbox 1413 1789 1458 1830; x_wconf 90' lang='lat' dir='ltr'>in</span> <span class='ocrx_word' id='word_1_260' title='bbox 1483 1805 1559 1832; x_wconf 80' lang='lat' dir='ltr'>na-</span> 
     </span>
     <span class='ocr_line' id='line_1_30' title="bbox 118 1844 1559 1900; baseline 0.003 -15"><span class='ocrx_word' id='word_1_261' title='bbox 118 1858 215 1885; x_wconf 90' lang='lat' dir='ltr'>vem</span> <span class='ocrx_word' id='word_1_262' title='bbox 254 1853 473 1900; x_wconf 82' lang='lat' dir='ltr'>parantur,</span> <span class='ocrx_word' id='word_1_263' title='bbox 511 1858 694 1887; x_wconf 82' lang='lat' dir='ltr'>excurro</span> <span class='ocrx_word' id='word_1_264' title='bbox 734 1844 777 1886; x_wconf 87' lang='lat' dir='ltr'>in</span> <span class='ocrx_word' id='word_1_265' title='bbox 810 1844 1141 1900; x_wconf 82' lang='lat' dir='ltr'>Pompeianum.</span> <span class='ocrx_word' id='word_1_266' title='bbox 1203 1846 1397 1888; x_wconf 89' lang='lat' dir='ltr'>Vecteno</span> <span class='ocrx_word' id='word_1_267' title='bbox 1432 1848 1559 1890; x_wconf 81' lang='lat' dir='ltr'>velim</span> 
     </span>
     <span class='ocr_line' id='line_1_31' title="bbox 120 1901 1563 1958; baseline 0.004 -16"><span class='ocrx_word' id='word_1_268' title='bbox 120 1901 305 1958; x_wconf 78' lang='lat' dir='ltr'>gratias3</span> <span class='ocrx_word' id='word_1_269' title='bbox 340 1905 378 1933; x_wconf 90' lang='lat'>¹0</span> <span class='ocrx_word' id='word_1_270' title='bbox 397 1902 512 1958; x_wconf 90' lang='lat' dir='ltr'>quod</span> <span class='ocrx_word' id='word_1_271' title='bbox 540 1902 757 1944; x_wconf 89' lang='lat' dir='ltr'>studiosus</span> <span class='ocrx_word' id='word_1_272' title='bbox 779 1902 848 1943; x_wconf 87' lang='lat' dir='ltr'>sit.</span> <span class='ocrx_word' id='word_1_273' title='bbox 890 1902 935 1943; x_wconf 81' lang='lat' dir='ltr'>Si</span> <span class='ocrx_word' id='word_1_274' title='bbox 958 1916 1219 1958; x_wconf 85' lang='lat' dir='ltr'>quemquam</span> <span class='ocrx_word' id='word_1_275' title='bbox 1241 1914 1394 1946; x_wconf 79' lang='lat' dir='ltr'>nactus</span> <span class='ocrx_word' id='word_1_276' title='bbox 1415 1904 1563 1958; x_wconf 83' lang='lat' dir='ltr'>fueris,</span> 
     </span>
     <span class='ocr_line' id='line_1_32' title="bbox 120 1958 1303 2015; baseline 0.003 -15"><span class='ocrx_word' id='word_1_277' title='bbox 120 1959 194 2015; x_wconf 86' lang='lat' dir='ltr'>qui</span> <span class='ocrx_word' id='word_1_278' title='bbox 218 1958 429 2015; x_wconf 83' lang='lat' dir='ltr'>perferat3</span> <span class='ocrx_word' id='word_1_279' title='bbox 459 1959 623 2002; x_wconf 83' lang='lat' dir='ltr'>litteras</span> <span class='ocrx_word' id='word_1_280' title='bbox 644 1960 719 2002; x_wconf 88' lang='lat' dir='ltr'>des</span> <span class='ocrx_word' id='word_1_281' title='bbox 740 1968 853 2012; x_wconf 80' lang='lat' dir='ltr'>ante,</span> <span class='ocrx_word' id='word_1_282' title='bbox 876 1974 1006 2015; x_wconf 87' lang='lat' dir='ltr'>quam</span> <span class='ocrx_word' id='word_1_283' title='bbox 1027 1959 1303 2003; x_wconf 88' lang='lat' dir='ltr'>discedimus.</span> 
     </span>
    </p>
   </div>
   <div class='ocr_carea' id='block_1_3' title="bbox 123 2074 1568 2290">
    <p class='ocr_par' dir='ltr' id='par_1_3' title="bbox 123 2074 1568 2290">
     <span class='ocr_line' id='line_1_33' title="bbox 167 2074 1466 2114; baseline 0.004 -11"><span class='ocrx_word' id='word_1_284' title='bbox 167 2075 186 2106; x_wconf 76' lang='lat'><strong>2</strong></span> <span class='ocrx_word' id='word_1_285' title='bbox 224 2082 312 2104; x_wconf 77' lang='lat' dir='ltr'>nunc</span> <span class='ocrx_word' id='word_1_286' title='bbox 341 2074 390 2105; x_wconf 78' lang='lat' dir='ltr'>ait</span> <span class='ocrx_word' id='word_1_287' title='bbox 417 2083 451 2104; x_wconf 84' lang='lat' dir='ltr'>se</span> <span class='ocrx_word' id='word_1_288' title='bbox 477 2074 637 2105; x_wconf 80' lang='lat' dir='ltr'>daturum</span> <span class='ocrx_word' id='word_1_289' title='bbox 651 2092 695 2098; x_wconf 92' lang='lat'><strong>—</strong></span> <span class='ocrx_word' id='word_1_290' title='bbox 709 2074 818 2114; x_wconf 78' lang='lat' dir='ltr'>dares]</span> <span class='ocrx_word' id='word_1_291' title='bbox 866 2084 941 2105; x_wconf 82' lang='lat' dir='ltr'>cum</span> <span class='ocrx_word' id='word_1_292' title='bbox 960 2085 998 2105; x_wconf 82' lang='lat' dir='ltr'>ea</span> <span class='ocrx_word' id='word_1_293' title='bbox 1013 2075 1188 2114; x_wconf 79' lang='lat' dir='ltr'>gravitate,</span> <span class='ocrx_word' id='word_1_294' title='bbox 1208 2079 1244 2106; x_wconf 91' lang='lat' dir='ltr'>ut</span> <span class='ocrx_word' id='word_1_295' title='bbox 1262 2076 1282 2106; x_wconf 87' lang='lat' dir='ltr'>ii</span> <span class='ocrx_word' id='word_1_296' title='bbox 1299 2076 1466 2108; x_wconf 85' lang='lat' dir='ltr'>cederent.</span> 
     </span>
     <span class='ocr_line' id='line_1_34' title="bbox 125 2116 1564 2158; baseline 0.004 -12"><span class='ocrx_word' id='word_1_297' title='bbox 125 2116 208 2147; x_wconf 64' lang='lat' dir='ltr'>Haec</span> <span class='ocrx_word' id='word_1_298' title='bbox 221 2122 299 2147; x_wconf 87' lang='lat' dir='ltr'>sunt</span> <span class='ocrx_word' id='word_1_299' title='bbox 315 2128 332 2146; x_wconf 86' lang='lat' dir='ltr'>e</span> <span class='ocrx_word' id='word_1_300' title='bbox 344 2118 547 2147; x_wconf 83' lang='lat' dir='ltr'>correctione</span> <span class='ocrx_word' id='word_1_301' title='bbox 561 2117 647 2147; x_wconf 82' lang='lat' dir='ltr'>Bosii</span> <span class='ocrx_word' id='word_1_302' title='bbox 661 2129 667 2147; x_wconf 90' lang='lat'>:</span> <span class='ocrx_word' id='word_1_303' title='bbox 693 2117 748 2148; x_wconf 78' lang='lat' dir='ltr'>alii</span> <span class='ocrx_word' id='word_1_304' title='bbox 763 2117 821 2147; x_wconf 84' lang='lat' dir='ltr'>ali·</span> <span class='ocrx_word' id='word_1_305' title='bbox 907 2120 923 2151; x_wconf 83' lang='grc'><strong>7</strong></span> <span class='ocrx_word' id='word_1_306' title='bbox 949 2118 1099 2147; x_wconf 78' lang='lat' dir='ltr'>laborare</span> <span class='ocrx_word' id='word_1_307' title='bbox 1113 2118 1152 2147; x_wconf 80' lang='lat' dir='ltr'>de</span> <span class='ocrx_word' id='word_1_308' title='bbox 1169 2119 1283 2158; x_wconf 79' lang='lat' dir='ltr'>usura]</span> <span class='ocrx_word' id='word_1_309' title='bbox 1310 2120 1388 2150; x_wconf 90' lang='lat' dir='ltr'>Non</span> <span class='ocrx_word' id='word_1_310' title='bbox 1411 2119 1564 2153; x_wconf 83' lang='lat' dir='ltr'>credibile</span> 
     </span>
     <span class='ocr_line' id='line_1_35' title="bbox 123 2158 1564 2202; baseline 0.003 -13"><span class='ocrx_word' id='word_1_311' title='bbox 123 2164 187 2190; x_wconf 88' lang='lat' dir='ltr'>ter.</span> <span class='ocrx_word' id='word_1_312' title='bbox 233 2158 340 2189; x_wconf 86' lang='lat' dir='ltr'>Locus</span> <span class='ocrx_word' id='word_1_313' title='bbox 354 2164 404 2190; x_wconf 83' lang='lat' dir='ltr'>est</span> <span class='ocrx_word' id='word_1_314' title='bbox 421 2159 470 2190; x_wconf 85' lang='lat' dir='ltr'>ita</span> <span class='ocrx_word' id='word_1_315' title='bbox 491 2160 638 2196; x_wconf 73' lang='lat' dir='ltr'>vitiosus,</span> <span class='ocrx_word' id='word_1_316' title='bbox 654 2164 693 2190; x_wconf 86' lang='lat' dir='ltr'>ut</span> <span class='ocrx_word' id='word_1_317' title='bbox 714 2160 821 2190; x_wconf 84' lang='lat' dir='ltr'>sanari</span> <span class='ocrx_word' id='word_1_318' title='bbox 865 2163 915 2189; x_wconf 83' lang='lat' dir='ltr'>est</span> <span class='ocrx_word' id='word_1_319' title='bbox 930 2160 963 2189; x_wconf 89' lang='lat' dir='ltr'>in</span> <span class='ocrx_word' id='word_1_320' title='bbox 980 2169 1079 2190; x_wconf 82' lang='lat' dir='ltr'>usura</span> <span class='ocrx_word' id='word_1_321' title='bbox 1092 2166 1268 2200; x_wconf 83' lang='lat' dir='ltr'>tantopere</span> <span class='ocrx_word' id='word_1_322' title='bbox 1283 2161 1424 2193; x_wconf 81' lang='lat' dir='ltr'>laborari</span> <span class='ocrx_word' id='word_1_323' title='bbox 1439 2166 1564 2202; x_wconf 84' lang='lat' dir='ltr'>potuis—</span> 
     </span>
     <span class='ocr_line' id='line_1_36' title="bbox 126 2201 1567 2244; baseline 0.005 -13"><span class='ocrx_word' id='word_1_324' title='bbox 126 2211 194 2232; x_wconf 89' lang='lat' dir='ltr'>non</span> <span class='ocrx_word' id='word_1_325' title='bbox 219 2202 335 2241; x_wconf 82' lang='lat' dir='ltr'>possit,</span> <span class='ocrx_word' id='word_1_326' title='bbox 352 2204 411 2232; x_wconf 78' lang='lat' dir='ltr'>aut</span> <span class='ocrx_word' id='word_1_327' title='bbox 432 2201 599 2242; x_wconf 78' lang='lat' dir='ltr'>explicari.</span> <span class='ocrx_word' id='word_1_328' title='bbox 621 2203 730 2242; x_wconf 79' lang='lat' dir='ltr'>itaque</span> <span class='ocrx_word' id='word_1_329' title='bbox 754 2213 821 2233; x_wconf 84' lang='lat' dir='ltr'>non</span> <span class='ocrx_word' id='word_1_330' title='bbox 865 2212 910 2232; x_wconf 75' lang='lat' dir='ltr'>se.</span> <span class='ocrx_word' id='word_1_331' title='bbox 927 2202 1032 2234; x_wconf 83' lang='lat' dir='ltr'>Credo</span> <span class='ocrx_word' id='word_1_332' title='bbox 1046 2202 1229 2233; x_wconf 69' lang='lat' dir='ltr'>Coi-sadum</span> <span class='ocrx_word' id='word_1_333' title='bbox 1245 2209 1332 2235; x_wconf 86' lang='lat' dir='ltr'>recte</span> <span class='ocrx_word' id='word_1_334' title='bbox 1342 2206 1517 2244; x_wconf 82' lang='lat' dir='ltr'>conjecisse</span> <span class='ocrx_word' id='word_1_335' title='bbox 1529 2208 1567 2238; x_wconf 80' lang='lat' dir='ltr'>de</span> 
     </span>
     <span class='ocr_line' id='line_1_37' title="bbox 125 2244 1568 2290; baseline 0.004 -16"><span class='ocrx_word' id='word_1_336' title='bbox 125 2244 252 2275; x_wconf 75' lang='lat' dir='ltr'>frustra·</span> <span class='ocrx_word' id='word_1_337' title='bbox 266 2245 300 2274; x_wconf 86' lang='lat' dir='ltr'>in</span> <span class='ocrx_word' id='word_1_338' title='bbox 323 2254 361 2274; x_wconf 87' lang='lat' dir='ltr'>eo</span> <span class='ocrx_word' id='word_1_339' title='bbox 378 2253 437 2274; x_wconf 87' lang='lat' dir='ltr'>nos</span> <span class='ocrx_word' id='word_1_340' title='bbox 456 2251 490 2274; x_wconf 81' lang='lat' dir='ltr'>et</span> <span class='ocrx_word' id='word_1_341' title='bbox 504 2244 642 2275; x_wconf 85' lang='lat' dir='ltr'>lectores</span> <span class='ocrx_word' id='word_1_342' title='bbox 658 2245 826 2285; x_wconf 73' lang='lat' dir='ltr'>torqucbi-</span> <span class='ocrx_word' id='word_1_343' title='bbox 870 2254 1019 2282; x_wconf 76' lang='lat' dir='ltr'>versura,</span> <span class='ocrx_word' id='word_1_344' title='bbox 1034 2246 1057 2276; x_wconf 93' lang='lat' dir='ltr'>i.</span> <span class='ocrx_word' id='word_1_345' title='bbox 1079 2255 1111 2275; x_wconf 90' lang='lat' dir='ltr'>e.</span> <span class='ocrx_word' id='word_1_346' title='bbox 1135 2245 1174 2275; x_wconf 92' lang='lat' dir='ltr'>de</span> <span class='ocrx_word' id='word_1_347' title='bbox 1199 2246 1354 2277; x_wconf 79' lang='lat' dir='ltr'>solvendo</span> <span class='ocrx_word' id='word_1_348' title='bbox 1375 2247 1485 2278; x_wconf 84' lang='lat' dir='ltr'>debito</span> <span class='ocrx_word' id='word_1_349' title='bbox 1510 2260 1568 2290; x_wconf 83' lang='lat' dir='ltr'>per</span> 
     </span>
    </p>
   </div>
   <div class='ocr_carea' id='block_1_4' title="bbox 129 2287 1567 2326">
    <p class='ocr_par' dir='ltr' id='par_1_4' title="bbox 129 2287 1567 2326">
     <span class='ocr_line' id='line_1_38' title="bbox 129 2287 1567 2326; baseline 0.003 -9"><span class='ocrx_word' id='word_1_350' title='bbox 129 2296 212 2317; x_wconf 82' lang='lat' dir='ltr'>muS.</span> <span class='ocrx_word' id='word_1_351' title='bbox 871 2297 1049 2318; x_wconf 87' lang='lat' dir='ltr'>versuram.</span> <span class='ocrx_word' id='word_1_352' title='bbox 1094 2287 1256 2326; x_wconf 80' lang='lat' dir='ltr'>Egnatius</span> <span class='ocrx_word' id='word_1_353' title='bbox 1278 2289 1458 2320; x_wconf 83' lang='lat' dir='ltr'>foenerator</span> <span class='ocrx_word' id='word_1_354' title='bbox 1483 2301 1567 2322; x_wconf 88' lang='lat' dir='ltr'>non-</span> 
     </span>
    </p>
   </div>
   <div class='ocr_carea' id='block_1_5' title="bbox 129 2329 840 2965">
    <p class='ocr_par' dir='ltr' id='par_1_5' title="bbox 129 2329 831 2582">
     <span class='ocr_line' id='line_1_39' title="bbox 173 2329 829 2370; baseline 0 -10"><span class='ocrx_word' id='word_1_355' title='bbox 173 2332 190 2360; x_wconf 82' lang='lat'>3</span> <span class='ocrx_word' id='word_1_356' title='bbox 212 2329 400 2360; x_wconf 76' lang='lat' dir='ltr'>Coelianum</span> <span class='ocrx_word' id='word_1_357' title='bbox 428 2329 515 2359; x_wconf 73' lang='lat' dir='ltr'>illud</span> <span class='ocrx_word' id='word_1_358' title='bbox 536 2329 740 2370; x_wconf 76' lang='lat' dir='ltr'>maturescit]</span> <span class='ocrx_word' id='word_1_359' title='bbox 772 2329 829 2360; x_wconf 87' lang='lat' dir='ltr'>Vi-</span> 
     </span>
     <span class='ocr_line' id='line_1_40' title="bbox 129 2372 830 2411; baseline 0 -9"><span class='ocrx_word' id='word_1_360' title='bbox 129 2372 227 2403; x_wconf 84' lang='lat' dir='ltr'>detur</span> <span class='ocrx_word' id='word_1_361' title='bbox 237 2375 310 2410; x_wconf 76' lang='lat' dir='ltr'>jam</span> <span class='ocrx_word' id='word_1_362' title='bbox 324 2372 432 2402; x_wconf 82' lang='lat' dir='ltr'>venire</span> <span class='ocrx_word' id='word_1_363' title='bbox 448 2377 515 2402; x_wconf 88' lang='lat' dir='ltr'>tem</span> <span class='ocrx_word' id='word_1_364' title='bbox 522 2382 591 2410; x_wconf 71' lang='lat' dir='ltr'>pus,</span> <span class='ocrx_word' id='word_1_365' title='bbox 606 2382 669 2411; x_wconf 86' lang='lat' dir='ltr'>quo</span> <span class='ocrx_word' id='word_1_366' title='bbox 683 2382 830 2403; x_wconf 87' lang='lat' dir='ltr'>commo-</span> 
     </span>
     <span class='ocr_line' id='line_1_41' title="bbox 131 2413 829 2453; baseline 0.003 -9"><span class='ocrx_word' id='word_1_367' title='bbox 131 2414 170 2444; x_wconf 88' lang='lat' dir='ltr'>de</span> <span class='ocrx_word' id='word_1_368' title='bbox 185 2419 219 2445; x_wconf 83' lang='lat' dir='ltr'>et</span> <span class='ocrx_word' id='word_1_369' title='bbox 234 2425 309 2444; x_wconf 82' lang='lat' dir='ltr'>cum</span> <span class='ocrx_word' id='word_1_370' title='bbox 321 2424 470 2445; x_wconf 79' lang='lat' dir='ltr'>successu</span> <span class='ocrx_word' id='word_1_371' title='bbox 487 2413 580 2451; x_wconf 84' lang='lat' dir='ltr'>illud,</span> <span class='ocrx_word' id='word_1_372' title='bbox 598 2415 684 2453; x_wconf 83' lang='lat' dir='ltr'>quod</span> <span class='ocrx_word' id='word_1_373' title='bbox 700 2415 738 2445; x_wconf 85' lang='lat' dir='ltr'>de</span> <span class='ocrx_word' id='word_1_374' title='bbox 755 2416 829 2446; x_wconf 89' lang='lat' dir='ltr'>Coe-</span> 
     </span>
     <span class='ocr_line' id='line_1_42' title="bbox 131 2457 830 2497; baseline 0 -10"><span class='ocrx_word' id='word_1_375' title='bbox 131 2457 177 2487; x_wconf 84' lang='lat' dir='ltr'>lio</span> <span class='ocrx_word' id='word_1_376' title='bbox 201 2457 266 2487; x_wconf 82' lang='lat' dir='ltr'>dixi</span> <span class='ocrx_word' id='word_1_377' title='bbox 289 2468 339 2497; x_wconf 80' lang='lat' dir='ltr'>ep.</span> <span class='ocrx_word' id='word_1_378' title='bbox 368 2460 416 2487; x_wconf 83' lang='lat'>12.</span> <span class='ocrx_word' id='word_1_379' title='bbox 442 2457 512 2486; x_wconf 82' lang='lat' dir='ltr'>fieri</span> <span class='ocrx_word' id='word_1_380' title='bbox 542 2458 662 2497; x_wconf 80' lang='lat' dir='ltr'>possit:</span> <span class='ocrx_word' id='word_1_381' title='bbox 697 2463 830 2488; x_wconf 83' lang='lat' dir='ltr'>tantum</span> 
     </span>
     <span class='ocr_line' id='line_1_43' title="bbox 132 2500 831 2540; baseline 0.003 -11"><span class='ocrx_word' id='word_1_382' title='bbox 132 2510 214 2540; x_wconf 85' lang='lat' dir='ltr'>opus</span> <span class='ocrx_word' id='word_1_383' title='bbox 227 2504 276 2530; x_wconf 87' lang='lat' dir='ltr'>est</span> <span class='ocrx_word' id='word_1_384' title='bbox 293 2500 386 2536; x_wconf 82' lang='lat' dir='ltr'>duce,</span> <span class='ocrx_word' id='word_1_385' title='bbox 402 2500 455 2538; x_wconf 82' lang='lat' dir='ltr'>qui</span> <span class='ocrx_word' id='word_1_386' title='bbox 472 2500 604 2539; x_wconf 67' lang='lat' dir='ltr'>signum</span> <span class='ocrx_word' id='word_1_387' title='bbox 618 2500 691 2531; x_wconf 83' lang='lat' dir='ltr'>det:</span> <span class='ocrx_word' id='word_1_388' title='bbox 715 2501 831 2531; x_wconf 71' lang='lat' dir='ltr'>vexillo</span> 
     </span>
     <span class='ocr_line' id='line_1_44' title="bbox 135 2542 523 2582; baseline -0.005 -9"><span class='ocrx_word' id='word_1_389' title='bbox 135 2552 213 2582; x_wconf 81' lang='lat' dir='ltr'>opus</span> <span class='ocrx_word' id='word_1_390' title='bbox 227 2547 284 2578; x_wconf 75' lang='lat' dir='ltr'>est,</span> <span class='ocrx_word' id='word_1_391' title='bbox 299 2542 523 2581; x_wconf 57' lang='lat' dir='ltr'>convolabunt.</span> 
     </span>
    </p>

    <p class='ocr_par' dir='ltr' id='par_1_6' title="bbox 138 2583 834 2746">
     <span class='ocr_line' id='line_1_45' title="bbox 178 2583 833 2625; baseline 0.002 -10"><span class='ocrx_word' id='word_1_392' title='bbox 178 2587 198 2615; x_wconf 80' lang='lat'>4</span> <span class='ocrx_word' id='word_1_393' title='bbox 220 2595 249 2624; x_wconf 83' lang='lat' dir='ltr'>q.</span> <span class='ocrx_word' id='word_1_394' title='bbox 266 2586 426 2615; x_wconf 73' lang='lat' dir='ltr'>consulem</span> <span class='ocrx_word' id='word_1_395' title='bbox 440 2583 552 2623; x_wconf 71' lang='lat' dir='ltr'>jicisse</span> <span class='ocrx_word' id='word_1_396' title='bbox 570 2584 718 2624; x_wconf 62' lang='lat' dir='ltr'>poen‘z&#39;tet]</span> <span class='ocrx_word' id='word_1_397' title='bbox 747 2585 833 2625; x_wconf 68' lang='lat' dir='ltr'>Quia</span> 
     </span>
     <span class='ocr_line' id='line_1_46' title="bbox 138 2627 834 2658; baseline 0.003 -2"><span class='ocrx_word' id='word_1_398' title='bbox 138 2627 260 2657; x_wconf 79' lang='lat' dir='ltr'>Caesari</span> <span class='ocrx_word' id='word_1_399' title='bbox 282 2627 508 2657; x_wconf 77' lang='lat' dir='ltr'>vehementius</span> <span class='ocrx_word' id='word_1_400' title='bbox 535 2627 714 2657; x_wconf 82' lang='lat' dir='ltr'>resistendo</span> <span class='ocrx_word' id='word_1_401' title='bbox 736 2637 834 2658; x_wconf 68' lang='lat' dir='ltr'>causa</span> 
     </span>
     <span class='ocr_line' id='line_1_47' title="bbox 140 2669 833 2710; baseline 0.003 -12"><span class='ocrx_word' id='word_1_402' title='bbox 140 2669 217 2698; x_wconf 83' lang='lat' dir='ltr'>belli</span> <span class='ocrx_word' id='word_1_403' title='bbox 236 2669 357 2706; x_wconf 79' lang='lat' dir='ltr'>fuerat,</span> <span class='ocrx_word' id='word_1_404' title='bbox 379 2670 552 2710; x_wconf 73' lang='lat' dir='ltr'>ipsumque</span> <span class='ocrx_word' id='word_1_405' title='bbox 566 2669 689 2699; x_wconf 79' lang='lat' dir='ltr'>iratum</span> <span class='ocrx_word' id='word_1_406' title='bbox 713 2670 773 2700; x_wconf 83' lang='lat' dir='ltr'>sibi</span> <span class='ocrx_word' id='word_1_407' title='bbox 787 2670 833 2701; x_wconf 78' lang='lat' dir='ltr'>fe-</span> 
     </span>
     <span class='ocr_line' id='line_1_48' title="bbox 145 2711 813 2746; baseline 0.001 -5"><span class='ocrx_word' id='word_1_408' title='bbox 145 2716 249 2746; x_wconf 81' lang='lat' dir='ltr'>cerat,</span> <span class='ocrx_word' id='word_1_409' title='bbox 265 2717 303 2742; x_wconf 90' lang='lat' dir='ltr'>ut</span> <span class='ocrx_word' id='word_1_410' title='bbox 318 2712 357 2741; x_wconf 84' lang='lat' dir='ltr'>ab</span> <span class='ocrx_word' id='word_1_411' title='bbox 373 2722 412 2742; x_wconf 89' lang='lat' dir='ltr'>eo</span> <span class='ocrx_word' id='word_1_412' title='bbox 428 2713 539 2742; x_wconf 76' lang='lat' dir='ltr'>onmia</span> <span class='ocrx_word' id='word_1_413' title='bbox 553 2712 671 2742; x_wconf 64' lang='lat' dir='ltr'>timere</span> <span class='ocrx_word' id='word_1_414' title='bbox 684 2711 813 2743; x_wconf 81' lang='lat' dir='ltr'>debeat.</span> 
     </span>
    </p>

    <p class='ocr_par' dir='ltr' id='par_1_7' title="bbox 140 2754 837 2836">
     <span class='ocr_line' id='line_1_49' title="bbox 184 2754 837 2793; baseline 0.003 -9"><span class='ocrx_word' id='word_1_415' title='bbox 184 2756 201 2784; x_wconf 92' lang='lat'>5</span> <span class='ocrx_word' id='word_1_416' title='bbox 223 2764 285 2793; x_wconf 75' lang='lat' dir='ltr'>quo</span> <span class='ocrx_word' id='word_1_417' title='bbox 308 2754 374 2792; x_wconf 78' lang='lat' dir='ltr'>ipse</span> <span class='ocrx_word' id='word_1_418' title='bbox 401 2765 428 2785; x_wconf 86' lang='lat' dir='ltr'>c.</span> <span class='ocrx_word' id='word_1_419' title='bbox 458 2754 632 2793; x_wconf 73' lang='lat' dir='ltr'>honestius]</span> <span class='ocrx_word' id='word_1_420' title='bbox 672 2754 711 2784; x_wconf 87' lang='lat' dir='ltr'>ln</span> <span class='ocrx_word' id='word_1_421' title='bbox 738 2754 837 2786; x_wconf 80' lang='lat' dir='ltr'>Italia</span> 
     </span>
     <span class='ocr_line' id='line_1_50' title="bbox 140 2797 744 2836; baseline 0 -10"><span class='ocrx_word' id='word_1_422' title='bbox 140 2805 273 2826; x_wconf 73' lang='lat' dir='ltr'>manere</span> <span class='ocrx_word' id='word_1_423' title='bbox 288 2797 400 2836; x_wconf 86' lang='lat' dir='ltr'>possit,</span> <span class='ocrx_word' id='word_1_424' title='bbox 415 2798 440 2827; x_wconf 83' lang='lat' dir='ltr'>si</span> <span class='ocrx_word' id='word_1_425' title='bbox 456 2807 516 2836; x_wconf 82' lang='lat' dir='ltr'>ego</span> <span class='ocrx_word' id='word_1_426' title='bbox 533 2807 601 2827; x_wconf 86' lang='lat' dir='ltr'>non</span> <span class='ocrx_word' id='word_1_427' title='bbox 617 2797 744 2827; x_wconf 77' lang='lat' dir='ltr'>abeam.</span> 
     </span>
    </p>

    <p class='ocr_par' dir='ltr' id='par_1_8' title="bbox 142 2837 840 2965">
     <span class='ocr_line' id='line_1_51' title="bbox 183 2837 838 2879; baseline 0 -10"><span class='ocrx_word' id='word_1_428' title='bbox 183 2838 203 2869; x_wconf 92' lang='lat'>6</span> <span class='ocrx_word' id='word_1_429' title='bbox 225 2837 319 2878; x_wconf 64' lang='lat' dir='ltr'>cujus</span> <span class='ocrx_word' id='word_1_430' title='bbox 339 2840 502 2873; x_wconf 53' lang='lat' dir='ltr'>,suavioris</span> <span class='ocrx_word' id='word_1_431' title='bbox 513 2839 669 2879; x_wconf 77' lang='lat' dir='ltr'>personoe]</span> <span class='ocrx_word' id='word_1_432' title='bbox 697 2839 838 2879; x_wconf 78' lang='lat' dir='ltr'>opinor,</span> 
     </span>
     <span class='ocr_line' id='line_1_52' title="bbox 142 2880 839 2921; baseline 0 -10"><span class='ocrx_word' id='word_1_433' title='bbox 142 2890 216 2920; x_wconf 85' lang='lat' dir='ltr'>quae</span> <span class='ocrx_word' id='word_1_434' title='bbox 229 2880 317 2921; x_wconf 69' lang='lat' dir='ltr'>pacis</span> <span class='ocrx_word' id='word_1_435' title='bbox 330 2881 487 2912; x_wconf 69' lang='lat' dir='ltr'>faeiendae</span> <span class='ocrx_word' id='word_1_436' title='bbox 501 2886 617 2912; x_wconf 82' lang='lat' dir='ltr'>auctor</span> <span class='ocrx_word' id='word_1_437' title='bbox 631 2887 716 2911; x_wconf 83' lang='lat' dir='ltr'>esset</span> <span class='ocrx_word' id='word_1_438' title='bbox 731 2883 839 2913; x_wconf 79' lang='lat' dir='ltr'>Caesa-</span> 
     </span>
     <span class='ocr_line' id='line_1_53' title="bbox 143 2923 840 2965; baseline 0.001 -11"><span class='ocrx_word' id='word_1_439' title='bbox 143 2924 170 2954; x_wconf 86' lang='lat' dir='ltr'>ri</span> <span class='ocrx_word' id='word_1_440' title='bbox 185 2926 219 2954; x_wconf 89' lang='lat' dir='ltr'>et</span> <span class='ocrx_word' id='word_1_441' title='bbox 233 2923 401 2964; x_wconf 74' lang='lat' dir='ltr'>Pompeio,</span> <span class='ocrx_word' id='word_1_442' title='bbox 418 2923 508 2956; x_wconf 84' lang='lat' dir='ltr'>velut</span> <span class='ocrx_word' id='word_1_443' title='bbox 525 2924 606 2965; x_wconf 84' lang='lat' dir='ltr'>reip.</span> <span class='ocrx_word' id='word_1_444' title='bbox 622 2924 770 2963; x_wconf 81' lang='lat' dir='ltr'>nomine,</span> <span class='ocrx_word' id='word_1_445' title='bbox 784 2923 840 2956; x_wconf 85' lang='lat' dir='ltr'>sed</span> 
     </span>
    </p>
   </div>
   <div class='ocr_carea' id='block_1_6' title="bbox 871 2329 1577 2964">
    <p class='ocr_par' dir='ltr' id='par_1_9' title="bbox 871 2329 1568 2403">
     <span class='ocr_line' id='line_1_54' title="bbox 871 2329 1568 2373; baseline 0.009 -14"><span class='ocrx_word' id='word_1_446' title='bbox 871 2329 950 2360; x_wconf 76' lang='lat' dir='ltr'>duni</span> <span class='ocrx_word' id='word_1_447' title='bbox 974 2329 1090 2360; x_wconf 82' lang='lat' dir='ltr'>adduci</span> <span class='ocrx_word' id='word_1_448' title='bbox 1112 2331 1234 2370; x_wconf 89' lang='lat' dir='ltr'>potuit,</span> <span class='ocrx_word' id='word_1_449' title='bbox 1257 2335 1296 2362; x_wconf 87' lang='lat' dir='ltr'>ut</span> <span class='ocrx_word' id='word_1_450' title='bbox 1317 2334 1491 2373; x_wconf 83' lang='lat' dir='ltr'>pecuniam</span> <span class='ocrx_word' id='word_1_451' title='bbox 1506 2335 1568 2365; x_wconf 79' lang='lat' dir='ltr'>tibi</span> 
     </span>
     <span class='ocr_line' id='line_1_55' title="bbox 872 2372 1023 2403; baseline -0.007 0"><span class='ocrx_word' id='word_1_452' title='bbox 872 2372 1023 2403; x_wconf 75' lang='lat' dir='ltr'>solveret.</span> 
     </span>
    </p>

    <p class='ocr_par' dir='ltr' id='par_1_10' title="bbox 874 2415 1573 2754">
     <span class='ocr_line' id='line_1_56' title="bbox 917 2415 1570 2457; baseline 0.009 -13"><span class='ocrx_word' id='word_1_453' title='bbox 917 2417 934 2445; x_wconf 83' lang='grc'>8</span> <span class='ocrx_word' id='word_1_454' title='bbox 957 2415 1063 2445; x_wconf 62' lang='lat' dir='ltr'>Aaeius</span> <span class='ocrx_word' id='word_1_455' title='bbox 1084 2415 1225 2456; x_wconf 80' lang='lat' dir='ltr'>pudens]</span> <span class='ocrx_word' id='word_1_456' title='bbox 1252 2415 1391 2447; x_wconf 82' lang='lat' dir='ltr'>Ironice.</span> <span class='ocrx_word' id='word_1_457' title='bbox 1420 2419 1475 2457; x_wconf 85' lang='lat' dir='ltr'>qui</span> <span class='ocrx_word' id='word_1_458' title='bbox 1501 2429 1570 2451; x_wconf 86' lang='lat' dir='ltr'>non</span> 
     </span>
     <span class='ocr_line' id='line_1_57' title="bbox 876 2457 1570 2501; baseline 0.009 -14"><span class='ocrx_word' id='word_1_459' title='bbox 876 2457 973 2488; x_wconf 77' lang='lat' dir='ltr'>modo</span> <span class='ocrx_word' id='word_1_460' title='bbox 990 2467 1055 2488; x_wconf 85' lang='lat' dir='ltr'>uon</span> <span class='ocrx_word' id='word_1_461' title='bbox 1071 2459 1140 2495; x_wconf 81' lang='lat' dir='ltr'>(lat,</span> <span class='ocrx_word' id='word_1_462' title='bbox 1156 2458 1242 2498; x_wconf 88' lang='lat' dir='ltr'>quod</span> <span class='ocrx_word' id='word_1_463' title='bbox 1259 2459 1367 2496; x_wconf 87' lang='lat' dir='ltr'>debet,</span> <span class='ocrx_word' id='word_1_464' title='bbox 1384 2469 1502 2501; x_wconf 87' lang='lat' dir='ltr'>nempe</span> <span class='ocrx_word' id='word_1_465' title='bbox 1518 2470 1570 2493; x_wconf 80' lang='lat' dir='ltr'>xil</span> 
     </span>
     <span class='ocr_line' id='line_1_58' title="bbox 875 2499 1572 2545; baseline 0.009 -15"><span class='ocrx_word' id='word_1_466' title='bbox 875 2499 944 2531; x_wconf 89' lang='lat' dir='ltr'>HS.</span> <span class='ocrx_word' id='word_1_467' title='bbox 971 2500 1026 2530; x_wconf 86' lang='lat' dir='ltr'>scd</span> <span class='ocrx_word' id='word_1_468' title='bbox 1049 2501 1150 2531; x_wconf 87' lang='lat' dir='ltr'>etiam</span> <span class='ocrx_word' id='word_1_469' title='bbox 1175 2501 1249 2542; x_wconf 85' lang='lat' dir='ltr'>plus</span> <span class='ocrx_word' id='word_1_470' title='bbox 1273 2503 1370 2541; x_wconf 81' lang='lat' dir='ltr'>petit.</span> <span class='ocrx_word' id='word_1_471' title='bbox 1386 2504 1572 2545; x_wconf 71' lang='lat' dir='ltr'>adscripsit,</span> 
     </span>
     <span class='ocr_line' id='line_1_59' title="bbox 874 2543 1571 2584; baseline 0.009 -12"><span class='ocrx_word' id='word_1_472' title='bbox 874 2543 902 2572; x_wconf 85' lang='lat' dir='ltr'>si</span> <span class='ocrx_word' id='word_1_473' title='bbox 936 2553 1049 2573; x_wconf 84' lang='lat' dir='ltr'>verum</span> <span class='ocrx_word' id='word_1_474' title='bbox 1086 2548 1149 2581; x_wconf 89' lang='lat' dir='ltr'>est,</span> <span class='ocrx_word' id='word_1_475' title='bbox 1183 2543 1456 2584; x_wconf 83' lang='lat' dir='ltr'>intelligendum:</span> <span class='ocrx_word' id='word_1_476' title='bbox 1495 2558 1571 2578; x_wconf 87' lang='lat' dir='ltr'>cum</span> 
     </span>
     <span class='ocr_line' id='line_1_60' title="bbox 875 2585 1572 2627; baseline 0.009 -13"><span class='ocrx_word' id='word_1_477' title='bbox 875 2585 987 2615; x_wconf 84' lang='lat' dir='ltr'>scribit</span> <span class='ocrx_word' id='word_1_478' title='bbox 1011 2595 1043 2615; x_wconf 88' lang='lat' dir='ltr'>se</span> <span class='ocrx_word' id='word_1_479' title='bbox 1064 2586 1188 2616; x_wconf 88' lang='lat' dir='ltr'>solvere</span> <span class='ocrx_word' id='word_1_480' title='bbox 1212 2596 1278 2616; x_wconf 87' lang='lat' dir='ltr'>non</span> <span class='ocrx_word' id='word_1_481' title='bbox 1303 2597 1395 2627; x_wconf 83' lang='lat' dir='ltr'>posse</span> <span class='ocrx_word' id='word_1_482' title='bbox 1410 2588 1472 2619; x_wconf 88' lang='lat' dir='ltr'>hoc</span> <span class='ocrx_word' id='word_1_483' title='bbox 1486 2595 1572 2619; x_wconf 82' lang='lat' dir='ltr'>tem-</span> 
     </span>
     <span class='ocr_line' id='line_1_61' title="bbox 876 2628 1573 2670; baseline 0.007 -14"><span class='ocrx_word' id='word_1_484' title='bbox 876 2636 968 2667; x_wconf 86' lang='lat' dir='ltr'>pore,</span> <span class='ocrx_word' id='word_1_485' title='bbox 990 2628 1103 2659; x_wconf 85' lang='lat' dir='ltr'>scribit</span> <span class='ocrx_word' id='word_1_486' title='bbox 1126 2629 1260 2669; x_wconf 84' lang='lat' dir='ltr'>insuper</span> <span class='ocrx_word' id='word_1_487' title='bbox 1282 2628 1321 2660; x_wconf 92' lang='lat' dir='ltr'>de</span> <span class='ocrx_word' id='word_1_488' title='bbox 1344 2631 1484 2670; x_wconf 81' lang='lat' dir='ltr'>pecunia</span> <span class='ocrx_word' id='word_1_489' title='bbox 1503 2631 1573 2661; x_wconf 87' lang='lat' dir='ltr'>filio</span> 
     </span>
     <span class='ocr_line' id='line_1_62' title="bbox 877 2669 1572 2714; baseline 0.007 -15"><span class='ocrx_word' id='word_1_490' title='bbox 877 2669 994 2700; x_wconf 86' lang='lat' dir='ltr'>danda.</span> <span class='ocrx_word' id='word_1_491' title='bbox 1022 2671 1102 2701; x_wconf 76' lang='lat' dir='ltr'>alias</span> <span class='ocrx_word' id='word_1_492' title='bbox 1126 2671 1270 2711; x_wconf 86' lang='lat' dir='ltr'>placeret</span> <span class='ocrx_word' id='word_1_493' title='bbox 1295 2672 1440 2703; x_wconf 78' lang='lat' dir='ltr'>Manutii</span> <span class='ocrx_word' id='word_1_494' title='bbox 1464 2674 1572 2714; x_wconf 80' lang='lat' dir='ltr'>conje-</span> 
     </span>
     <span class='ocr_line' id='line_1_63' title="bbox 877 2712 1324 2754; baseline 0.009 -13"><span class='ocrx_word' id='word_1_495' title='bbox 877 2718 984 2749; x_wconf 87' lang='lat' dir='ltr'>ctura,</span> <span class='ocrx_word' id='word_1_496' title='bbox 997 2712 1173 2753; x_wconf 79' lang='lat' dir='ltr'>legendum</span> <span class='ocrx_word' id='word_1_497' title='bbox 1185 2715 1324 2754; x_wconf 77' lang='lat' dir='ltr'>scripsit.</span> 
     </span>
    </p>

    <p class='ocr_par' dir='ltr' id='par_1_11' title="bbox 879 2754 1574 2839">
     <span class='ocr_line' id='line_1_64' title="bbox 921 2754 1574 2797; baseline 0 -9"><span class='ocrx_word' id='word_1_498' title='bbox 921 2758 940 2788; x_wconf 83' lang='lat'>9</span> <span class='ocrx_word' id='word_1_499' title='bbox 963 2754 1176 2796; x_wconf 62' lang='lat' dir='ltr'>adjuvarent]</span> <span class='ocrx_word' id='word_1_500' title='bbox 1203 2766 1246 2787; x_wconf 85' lang='lat' dir='ltr'>sc.</span> <span class='ocrx_word' id='word_1_501' title='bbox 1271 2757 1393 2797; x_wconf 80' lang='lat' dir='ltr'>potiuS‚</span> <span class='ocrx_word' id='word_1_502' title='bbox 1410 2767 1508 2796; x_wconf 87' lang='lat' dir='ltr'>quam</span> <span class='ocrx_word' id='word_1_503' title='bbox 1524 2762 1574 2788; x_wconf 84' lang='lat' dir='ltr'>et-</span> 
     </span>
     <span class='ocr_line' id='line_1_65' title="bbox 879 2798 1412 2839; baseline 0.004 -13"><span class='ocrx_word' id='word_1_504' title='bbox 879 2798 944 2827; x_wconf 82' lang='lat' dir='ltr'>iam</span> <span class='ocrx_word' id='word_1_505' title='bbox 962 2808 982 2828; x_wconf 81' lang='lat' dir='ltr'>a</span> <span class='ocrx_word' id='word_1_506' title='bbox 996 2808 1048 2828; x_wconf 91' lang='lat' dir='ltr'>me</span> <span class='ocrx_word' id='word_1_507' title='bbox 1062 2800 1234 2839; x_wconf 78' lang='lat' dir='ltr'>pecuniam</span> <span class='ocrx_word' id='word_1_508' title='bbox 1252 2805 1412 2839; x_wconf 83' lang='lat' dir='ltr'>peterent.</span> 
     </span>
    </p>

    <p class='ocr_par' dir='ltr' id='par_1_12' title="bbox 881 2840 1577 2964">
     <span class='ocr_line' id='line_1_66' title="bbox 927 2840 1575 2890; baseline 0.003 -20"><span class='ocrx_word' id='word_1_509' title='bbox 927 2842 962 2869; x_wconf 87' lang='lat'>10</span> <span class='ocrx_word' id='word_1_510' title='bbox 984 2842 1068 2890; x_wconf 56' lang='lat' dir='ltr'>qgwd</span> <span class='ocrx_word' id='word_1_511' title='bbox 1095 2842 1256 2871; x_wconf 74' lang='lat' dir='ltr'>studiosus</span> <span class='ocrx_word' id='word_1_512' title='bbox 1284 2841 1340 2880; x_wconf 78' lang='lat' dir='ltr'>sit]</span> <span class='ocrx_word' id='word_1_513' title='bbox 1372 2840 1505 2871; x_wconf 89' lang='lat' dir='ltr'>Addidit</span> <span class='ocrx_word' id='word_1_514' title='bbox 1532 2842 1575 2872; x_wconf 78' lang='lat' dir='ltr'>sit</span> 
     </span>
     <span class='ocr_line' id='line_1_67' title="bbox 881 2882 1577 2915; baseline 0.004 -3"><span class='ocrx_word' id='word_1_515' title='bbox 881 2882 1028 2913; x_wconf 83' lang='lat' dir='ltr'>Graevius</span> <span class='ocrx_word' id='word_1_516' title='bbox 1039 2894 1056 2914; x_wconf 91' lang='lat' dir='ltr'>e</span> <span class='ocrx_word' id='word_1_517' title='bbox 1068 2883 1148 2913; x_wconf 86' lang='lat' dir='ltr'>Mss.</span> <span class='ocrx_word' id='word_1_518' title='bbox 1161 2885 1237 2914; x_wconf 88' lang='lat' dir='ltr'>suis.</span> <span class='ocrx_word' id='word_1_519' title='bbox 1249 2890 1299 2914; x_wconf 84' lang='lat' dir='ltr'>est</span> <span class='ocrx_word' id='word_1_520' title='bbox 1308 2888 1340 2914; x_wconf 88' lang='lat' dir='ltr'>et</span> <span class='ocrx_word' id='word_1_521' title='bbox 1352 2884 1384 2914; x_wconf 91' lang='lat' dir='ltr'>in</span> <span class='ocrx_word' id='word_1_522' title='bbox 1396 2883 1468 2914; x_wconf 91' lang='lat' dir='ltr'>edd.</span> <span class='ocrx_word' id='word_1_523' title='bbox 1480 2883 1577 2915; x_wconf 84' lang='lat' dir='ltr'>Rom.</span> 
     </span>
     <span class='ocr_line' id='line_1_68' title="bbox 881 2924 1523 2964; baseline 0 -8"><span class='ocrx_word' id='word_1_524' title='bbox 881 2924 973 2956; x_wconf 78' lang='lat' dir='ltr'>Jens.</span> <span class='ocrx_word' id='word_1_525' title='bbox 989 2926 1049 2959; x_wconf 85' lang='lat' dir='ltr'>&amp;c.</span> <span class='ocrx_word' id='word_1_526' title='bbox 1064 2926 1127 2958; x_wconf 86' lang='lat' dir='ltr'>int.</span> <span class='ocrx_word' id='word_1_527' title='bbox 1144 2927 1221 2964; x_wconf 85' lang='lat' dir='ltr'>mei,</span> <span class='ocrx_word' id='word_1_528' title='bbox 1239 2936 1348 2958; x_wconf 86' lang='lat' dir='ltr'>rerum</span> <span class='ocrx_word' id='word_1_529' title='bbox 1363 2935 1523 2958; x_wconf 83' lang='lat' dir='ltr'>mearum.</span> 
     </span>
    </p>
   </div>
  </div>
 </body>
</html>
