1940 3231
278 158 355 193 808
700 146 876 192 EPIST.
904 153 981 191 AD
1007 152 1289 197 ATTICUM,

274 260 347 308 tia,
370 257 481 314 quod
505 257 739 300 Phameam
758 258 1060 309 destituissem,
1080 258 1131 299 de
1151 273 1193 298 se
1216 256 1436 314 suspicari.
1468 271 1598 312 quare
1619 257 1699 299 tibi

271 315 480 357 hactenus
512 317 682 366 mando,
705 317 758 356 de
789 317 860 357 illo
893 326 1052 366 nostro,
1077 317 1111 356 si
1143 315 1247 371 quid
1280 314 1452 369 poteris,
1475 314 1700 369 exquiras:

273 373 326 413 de
348 387 416 414 me
438 388 489 413 ne
511 374 612 428 quid
639 374 817 414 labores.
880 372 956 413 Est
978 372 1151 423 bellum,
1180 373 1364 427 aliquem
1387 372 1568 413 libenter
1589 370 1703 412 odis·

274 444 343 482 se;
379 431 788 485 loquemadmodum
813 444 898 470 non
921 431 1120 469 omnious
1143 430 1313 470 servire.
1345 430 1423 470 etsi
1447 428 1704 478 mehercule,

272 497 323 528 ut
345 498 388 528 tu
413 488 630 543 intelligis,
652 488 790 542 magis
813 487 919 526 mihi
945 489 978 516 Η
996 487 1065 526 isti
1089 488 1293 539 serviunt,
1311 487 1347 527 si
1369 487 1596 529 observare
1617 499 1704 527 ser-

275 559 367 586 vire
386 555 462 585 est.

703 615 937 658 CICERO
968 615 1195 657 ATTICO
1227 616 1271 657 S.
1696 629 1699 631 ’

272 680 662 732 ADMONITUS
699 689 955 745 quibusdam
996 690 1079 730 tuis
1111 688 1280 739 litteris,
1316 698 1365 730 ut
1398 689 1449 730 ad
1489 689 1706 731 Caesarem'

272 749 490 789 uberiores
523 747 686 788 litteras
711 748 931 788 ¹2mittere
965 746 1247 798 instituerem,
1273 761 1370 787 cum
1405 747 1509 788 mihi
1546 747 1706 788 Balbus

271 820 408 862 nuper
430 806 472 846 in
497 805 724 846 Lanuvino
745 805 940 854 dixisset,
960 819 1003 844 se
1025 813 1068 844 et
1087 803 1280 859 Oppium
1300 803 1516 859 scripsisse
1539 805 1588 846 ad
1609 803 1708 846 Cae-

273 877 424 914 sarem,
456 877 522 903 me
554 862 707 918 legisse
741 861 872 903 libros
910 870 1062 902 contra
1097 860 1324 911 Catonem,
1357 872 1401 901 et
1434 861 1708 903 vehementer

271 921 503 978 probasse3
535 920 771 975 conscripsi
805 919 858 960 de
890 918 956 959 his
980 918 1083 975 ipsis
1116 918 1235 959 libris
1267 918 1491 973 epistolam
1530 918 1707 970 Caesari,

273 993 371 1033 quae
394 977 628 1019 deferretur
650 978 703 1018 ad
727 976 993 1018 Dolabellam
1015 992 1024 1017 :
1057 976 1129 1016 sed
1154 975 1247 1029 ejus
1269 976 1514 1031 exemplum
1537 976 1630 1016 misi
1654 976 1707 1018 ad

276 1035 471 1092 Oppium
503 1045 545 1075 et
595 1034 812 1087 Balbum3
867 1033 1103 1090 scripsique
1136 1035 1187 1074 ad
1220 1048 1307 1084 eOS‚
1342 1045 1389 1073 ut
1421 1042 1511 1074 tum
1553 1032 1708 1074 deferri

275 1093 327 1134 ad
369 1091 635 1134 Dolabellam
669 1093 875 1149 juberent
900 1105 1023 1132 -meas
1061 1091 1236 1141 litteras,
1276 1091 1308 1130 si
1346 1090 1427 1146 ipsi
1461 1090 1708 1146 exemplum

275 1151 543 1207 probassent.
580 1150 640 1190 ita
661 1150 766 1191 mihi
791 1149 1111 1204 rescripserunt,
1135 1147 1241 1189 nihil
1264 1162 1466 1203 umquam
1491 1162 1533 1188 se
1555 1147 1709 1204 legisse

274 1208 442 1260 melius,
463 1207 776 1263 epistolamque
800 1221 933 1248 meam
952 1207 1174 1261 jusserunt
1195 1204 1283 1246 dari
1311 1204 1564 1245 Dolabellae.
1627 1204 1707 1245 Ve-

277 1265 432 1306 storius
465 1265 516 1306 ad
552 1279 619 1305 me
651 1263 839 1321 scripsit,
864 1273 909 1304 ut
935 1263 1177 1318 1³juberem
1213 1262 1430 1318 mancipio
1463 1262 1553 1303 dari
1587 1276 1710 1303 servo

277 1337 368 1373 suo,
393 1337 468 1379 pro
491 1336 586 1362 mea
609 1332 742 1377 parte,
770 1321 974 1362 Hetereio
994 1320 1181 1371 cuidam,
1198 1318 1379 1361 fundum
1400 1319 1708 1372 Brinnianum;

275 1389 324 1420 ut
344 1380 435 1435 ipse
459 1380 495 1420 ei
523 1379 714 1421 Puteolis
739 1388 852 1420 recte
872 1377 1088 1433 mancipio
1110 1378 1209 1418 dare
1226 1387 1384 1433 posset.
1406 1391 1503 1418 eum
1527 1390 1717 1428 servum,

278 1438 311 1478 si
338 1437 415 1478 tibi
443 1437 670 1489 videbitur,
706 1437 758 1478 ad
788 1451 856 1478 me
887 1435 1047 1476 mittes.
1078 1437 1232 1491 opinor
1253 1434 1383 1485 enim,
1417 1434 1468 1475 ad
1506 1445 1547 1475 te
1580 1434 1712 1475 etiam

229 1507 262 1538 b.
277 1494 495 1550 scripsisse
527 1494 789 1536 Vestorium.
852 1493 919 1535 De
950 1493 1135 1534 adventu
1170 1491 1354 1533 Caesaris
1385 1491 1513 1542 idem,
1541 1492 1655 1546 quod
1687 1507 1718 1534 a

277 1561 333 1601 te,
357 1551 462 1593 mihi
486 1551 693 1608 scriptum
715 1563 779 1593 est
800 1552 854 1592 ab
887 1549 1034 1606 Oppio
1056 1559 1100 1590 et
1131 1549 1284 1590 Balbo.
1346 1548 1487 1590 Miror
1518 1557 1560 1590 te
1582 1548 1711 1590 nihil-

275 1610 378 1650 dum
404 1612 440 1640 14
454 1624 552 1650 cum
575 1608 774 1665 Tigellio,
798 1609 863 1649 vel
887 1617 931 1648 ut
964 1608 1045 1648 hoc
1068 1607 1223 1662 ipsum,
1250 1609 1286 1637 15
1299 1616 1508 1661 quantum
1532 1619 1710 1662 accepe-

275 1667 356 1708 rit:
403 1681 573 1723 prorsus
607 1682 712 1708 aveo
748 1666 869 1716 scire,
892 1679 970 1706 nec
1005 1674 1145 1705 tamen
1169 1662 1296 1704 flocci
1329 1662 1459 1704 facio.
1521 1662 1709 1715 Quaeris,

278 1723 378 1779 quid
405 1724 593 1780 cogitem
617 1725 669 1765 de
702 1724 875 1765 obviam
899 1723 1060 1773 itione3
1096 1721 1197 1777 quid
1221 1734 1382 1771 censes,
1406 1719 1486 1761 nisi
1510 1720 1710 1762 Alsium?

276 1792 320 1822 et
340 1781 512 1836 quidem
535 1781 587 1822 ad
612 1781 843 1822 Murenam
865 1780 917 1821 de
939 1778 1129 1834 hospitio
1153 1778 1431 1833 scripseram:
1464 1777 1534 1818 sed
1555 1778 1710 1833 opinor

276 1853 374 1880 cum
401 1838 543 1884 Matio
573 1839 830 1895 profectum.
892 1836 1116 1878 Sallustius
1139 1835 1273 1890 igitur
1300 1835 1471 1891 urgebit
1506 1849 1537 1875 r.
1599 1834 1714 1876 Scri-

276 1897 463 1952 ptojam
485 1897 702 1952 superiore
725 1895 947 1946 versiculo,
969 1892 1076 1934 Eros
1094 1892 1199 1934 mihi
1222 1892 1350 1943 dixit,
1375 1892 1456 1933 sibi
1477 1850 1719 1933 hurenam'

206 622 260 658 50

323 2028 359 2056 10
381 2030 440 2062 est,
468 2025 757 2065 quemadmodum]
795 2029 841 2056 est
867 2035 885 2054 e
914 2033 972 2054 suo

279 2068 358 2098 Cud.
375 2068 499 2098 addidit
524 2068 652 2105 Rosius,
668 2079 725 2108 pro
748 2074 821 2097 tum
840 2067 973 2106 vulgato

279 2114 322 2144 et,
339 2110 428 2148 quod
443 2121 485 2140 ex
498 2110 547 2140 ed.
570 2111 661 2140 Jens.
685 2115 795 2140 ortum
819 2114 879 2139 est.
915 2108 972 2138 Ed.

279 2150 375 2182 Rom.
399 2158 553 2183 neutrum
569 2153 680 2189 habet,
704 2152 789 2192 quod
804 2153 871 2192 ipse
885 2161 975 2181 seeu-

278 2199 334 2223 tus
350 2204 433 2224 suni.
458 2205 547 2231 uam,
561 2205 659 2234 quam
684 2195 853 2235 emphasin
867 2194 899 2223 in
914 2193 975 2223 hac

278 2237 474 2276 repetitione
499 2238 536 2267 τὲ
553 2242 598 2268 est
619 2239 736 2278 quaerit
759 2237 887 2273 Bosius,
903 2246 974 2266 eam

279 2287 347 2308 non
370 2289 522 2318 agnosco.

327 2324 360 2350 11
385 2322 452 2361 isti]
483 2322 672 2359 Caesariani,
699 2322 837 2362 Oppius,
864 2321 972 2358 Balbi,

282 2362 411 2393 Hirtius
431 2370 487 2394 (xc.

328 2408 364 2435 1¹2
397 2408 524 2436 ’mttere
559 2405 776 2444 instituerem]
817 2405 887 2435 edd.
925 2415 974 2444 pr.

283 2448 443 2477 mitterem
458 2461 467 2477 :
490 2449 711 2485 institueram,
729 2457 801 2477 eum
815 2460 823 2476 .-
847 2447 879 2477 id
896 2456 976 2487 prae-

282 2489 412 2525 ferrem,
440 2491 464 2519 si
490 2495 562 2529 post
591 2496 675 2520 esset
702 2490 895 2520 conscribere
919 2499 976 2529 pro

282 2533 462 2570 conscripsi.
480 2542 567 2562 nunc
584 2532 733 2562 absolute
756 2542 870 2573 capere
885 2532 976 2561 insti-

283 2577 412 2603 tueram
430 2574 461 2604 h.
478 2574 499 2603 l.
517 2584 582 2604 nou
600 2574 718 2613 placet.

329 2618 364 2645 13
373 2615 525 2655 juberem
541 2617 700 2655 mancipio
715 2616 791 2646 (lari
804 2625 894 2646 servo
905 2614 976 2654 suo]

287 2657 324 2687 In
352 2657 414 2687 hoc
438 2657 509 2688 loco
530 2660 646 2687 vitium
663 2667 731 2688 esse
751 2658 879 2697 judicat
908 2657 975 2687 Ho-

284 2708 367 2730 nm.
391 2699 468 2730 Obs.
490 2699 532 2736 V,
557 2703 585 2730 5.
611 2700 807 2740 corrig-itque
832 2709 875 2729 m.
899 2700 979 2730 dare

285 2752 412 2772 servum
436 2752 547 2772 suum.
570 2741 639 2771 scil.
663 2752 737 2771 cum
753 2742 922 2772 Vestorius
938 2743 977 2772 ad

285 2785 476 2814 Ciceronem
495 2785 561 2824 ipse
582 2783 743 2823 proficisci
767 2793 833 2813 non
856 2790 979 2824 posset,

284 2830 322 2855 nt
338 2827 367 2856 ei
382 2837 400 2856 a
425 2827 582 2857 Cicerone
604 2826 766 2866 mancipio
781 2825 850 2857 dari
868 2831 977 2865 posset

285 2866 340 2898 ille
365 2869 485 2898 fundus
510 2868 722 2904 Brinnianus‚
745 2878 840 2907 quem
861 2867 977 2898 deinde

285 2909 352 2950 ipse
370 2910 524 2942 Hetereio
538 2910 720 2942 Puteolano
735 2910 840 2950 daret,
856 2910 909 2941 cui
924 2911 978 2942 Ci-

1016 2033 1090 2053 cero
1107 2022 1245 2052 vendere
1268 2021 1412 2059 volebat,
1429 2021 1533 2051 voluit
1557 2020 1597 2052 ad
1620 2020 1714 2051 Cice-

1018 2076 1130 2096 ronem
1163 2065 1294 2095 mittere
1321 2074 1450 2095 servum
1478 2074 1588 2101 suum,
1617 2072 1713 2102 quern

1017 2113 1211 2147 praesentem
1231 2107 1363 2146 juberet
1393 2116 1534 2146 praesens
1566 2105 1716 2145 legitima

1017 2149 1171 2185 formula,
1188 2149 1325 2179 fundum
1341 2148 1435 2178 illum
1451 2148 1616 2188 mancipio
1638 2147 1715 2177 dare

1020 2193 1187 2228 Hetereio,
1202 2196 1237 2221 ut
1254 2193 1335 2232 ipse,
1351 2191 1532 2228 Vestorius,
1549 2191 1601 2220 eui
1616 2189 1649 2220 id
1662 2198 1719 2228 per

1019 2235 1100 2265 servi
1129 2243 1298 2275 personam
1327 2233 1517 2264 mandatum
1541 2238 1638 2267 esset,
1655 2232 1718 2262 Pu-

1017 2277 1123 2308 teolos
1138 2277 1196 2312 ire,
1208 2282 1241 2307 et
1252 2275 1389 2306 fundum
1406 2281 1506 2312 recte,
1519 2276 1540 2305 i.
1552 2286 1579 2305 e.
1591 2284 1627 2305 ex
1641 2272 1720 2314 legi-

1016 2321 1086 2354 bus,
1105 2319 1259 2349 Hetereio
1275 2318 1461 2357 mancipare
1475 2323 1594 2357 posset.

1064 2365 1101 2393 14
1129 2372 1203 2391 cum
1243 2360 1393 2399 Tigellio]
1430 2360 1595 2390 Locutum
1632 2368 1713 2395 esse,

1019 2407 1131 2444 egisse,
1148 2404 1185 2434 de
1200 2403 1323 2443 injuriis
1346 2405 1414 2442 ejus
1429 2408 1462 2432 et
1479 2400 1715 2432 reconciliatio—

1021 2457 1084 2484 ne;
1108 2457 1159 2487 ep.
1175 2448 1227 2480 49.
1242 2447 1332 2475 velut
1344 2447 1400 2475 hoc
1415 2445 1520 2485 ipsum
1537 2446 1594 2474 διο.

1066 2492 1100 2519 15
1124 2493 1286 2528 qnantum
1311 2487 1484 2527 acceperit]
1516 2485 1716 2523 Intelligunt

1020 2542 1039 2562 a
1070 2533 1210 2565 Caesare,
1242 2540 1318 2560 cum
1346 2530 1375 2560 ei
1405 2529 1532 2558 obviam
1562 2529 1715 2558 venisset.

1022 2574 1108 2612 qnod
1146 2574 1227 2603 mihi
1262 2580 1328 2601 non
1365 2571 1539 2601 convenire
1575 2569 1716 2600 videtur.

1023 2616 1154 2654 Conjeci
1169 2613 1341 2654 legendum
1354 2615 1442 2643 velut
1455 2614 1511 2643 hoc·
1523 2613 1627 2652 ipsum
1640 2621 1716 2652 quo-

1020 2659 1110 2688 modo
1125 2658 1293 2697 acceperit,
1310 2666 1355 2686 se.
1371 2654 1456 2694 quod
1471 2665 1531 2695 ego
1550 2655 1588 2685 de
1614 2654 1715 2694 ipsius

1021 2701 1142 2739 injuria
1163 2710 1222 2739 per
1234 2705 1267 2729 te
1282 2702 1415 2737 questus
1430 2707 1502 2727 sum
1520 2699 1577 2728 ἃς.
1601 2697 1714 2736 vulga-

1021 2748 1093 2773 tum
1122 2742 1257 2781 accipio,
1288 2744 1449 2779 quatenns
1478 2739 1511 2769 id
1538 2738 1726 2777 acceperit,-

1023 2794 1140 2824 nempe
1169 2782 1391 2814 conditionem
1425 2780 1713 2812 reconciliationis.

1019 2826 1074 2857 sed
1112 2826 1222 2857 locum
1257 2824 1345 2856 hunc
1382 2824 1519 2864 omnino
1560 2823 1714 2854 vitiosum

1021 2875 1116 2910 puto.
