1940 3231
711 125 929 167 LIBER
967 127 1000 166 Ι.
1501 134 1579 169 448

139 247 249 285 mus,
272 247 358 291 quo
379 231 555 274 fratrem
577 231 772 289 quotidie
793 241 1115 289 exspectamus.
1175 231 1380 276 Terentia
1399 250 1586 295 magnos

140 292 418 333 articulorum
448 291 616 332 dolores
651 290 799 342 habet,
817 300 862 331 et
885 301 941 342 te,
969 301 1012 332 et
1046 305 1235 333 sororem
1272 302 1404 344 tuam,
1427 304 1470 334 et
1493 311 1585 338 ina-

142 357 249 390 trem
279 349 469 390 maxime
499 348 659 405 diligit,
682 348 950 404 salutemque
979 348 1060 390 tibi
1094 348 1325 405 plurimam
1360 351 1583 406 adscribit,

140 415 186 446 et
206 405 404 457 Tulliola,
425 406 592 448 deliciae
624 416 800 448 nostrae.
861 407 993 457 Cura,
1016 416 1064 447 ut
1089 406 1244 459 valeas,
1263 419 1307 450 et
1338 423 1416 450 nos
1440 424 1587 463 ames;

140 473 184 504 et
207 463 286 504 tibi
308 464 578 520 persuadeas,
602 472 644 505 te
666 479 691 506 a
708 478 777 505 me
797 463 983 506 fraterne
1005 465 1155 506 amari.

570 547 807 591 CICERO
838 547 1069 591 ATTICO
1102 550 1147 592 S.
1598 550 1629 592 6

142 606 293 659 NON
324 617 598 658 committam
623 618 819 674 posthac,
842 627 891 658 ut
920 632 989 658 me
1011 633 1213 660 accusare
1231 617 1285 660 de
1305 618 1588 675 epistolarum

138 673 409 730 negligentia
437 676 589 731 possis,
624 685 670 716 tu
707 676 836 717 modo
872 676 1033 726 videto,
1063 676 1107 716 in
1150 686 1271 718 tanto
1305 678 1396 718 otio
1432 688 1476 718 ut
1514 692 1590 734 par

139 731 249 772 mihi
271 733 343 773 sis.
405 732 597 775 Domum
629 733 911 774 Rabirianam
938 733 1139 789 Neapoli,
1162 749 1289 790 quam
1325 745 1367 776 tu
1398 737 1490 791 =jam
1522 736 1589 777 di-

139 803 331 831 mensam
367 804 409 832 et
442 789 765 832 exaedificatam
807 791 952 832 animo
987 791 1192 843 habebas,
1232 796 1272 824 9⁶2
1288 792 1356 834 M.
1384 793 1589 834 Fonteius

140 848 247 888 emit
271 847 373 889 H-S
404 863 611 891 cccmoo
629 864 739 891 xxx.
759 848 803 890 id
835 859 876 890 te
900 849 1008 890 scire
1043 850 1175 900 volui,
1204 849 1238 890 si
1268 851 1372 906 quid
1404 850 1516 892 forte
1539 865 1591 892 ea

140 919 206 945 res
229 905 281 946 ad
313 907 603 964 cogitationes
638 918 732 948 tuas
764 907 1013 963 pertineret.
1076 907 1133 954 Q.
1154 908 1300 956 frater,
1324 920 1369 949 ut
1395 910 1499 949 mi'ni
1527 908 1590 949 vi·

138 962 279 1014 detur,
301 979 387 1020 quo
420 966 619 1006 volumus
654 966 800 1007 animo
835 975 900 1005 est
931 965 975 1005 in
1009 963 1317 1022 Pomponiam,
1339 977 1384 1007 et
1415 981 1512 1008 cum
1537 980 1590 1007 ea

141 1034 258 1062 nunc
283 1022 325 1062 in
358 1022 643 1079 Arpinatibus
667 1023 840 1079 praediis
863 1032 970 1073 erat,
992 1030 1037 1062 et
1068 1037 1213 1064 secum
1239 1024 1425 1065 habebat
1452 1025 1593 1065 homi-

141 1092 239 1119 nem
276 1086 490 1135 χςηιςομαθῆ,
524 1080 580 1121 D.
608 1080 883 1121 Turranium.
947 1080 1076 1121 Pater
1107 1081 1231 1122 nobis
1262 1081 1446 1123 decessit
1478 1098 1518 1123 a.
1549 1083 1638 1124 d.b.

143 1149 239 1178 vlu
268 1136 365 1179 Kal.
388 1138 621 1180 Decembr.
675 1137 789 1179 Haec
822 1137 1035 1179 habebam
1060 1138 1164 1189 fere,
1187 1153 1285 1194 quae
1305 1148 1349 1181 te
1371 1141 1479 1181 scire
1507 1139 1592 1181 vel-

139 1192 240 1235 lem.
300 1194 380 1246 Tu,
406 1197 548 1245 velim,
568 1199 603 1237 si
634 1210 721 1251 qua
751 1207 1007 1237 ornamenta
1028 1198 1238 1249 γυμναισ-ιώδη
1262 1198 1448 1253 reperire
1469 1208 1593 1254 pote·

143 1253 215 1304 ris,
238 1267 334 1308 quae
355 1255 437 1295 loci
470 1255 557 1295 sint
578 1254 686 1309 ejus,
705 1267 835 1309 quem
858 1264 903 1295 tu
925 1268 1014 1295 uon
1037 1254 1228 1310 ignoraS,
1256 1269 1307 1295 ne
1332 1256 1595 1312 praetermit-

141 1319 222 1350 taS.
287 1310 376 1352 Nos
400 1310 646 1354 Tusculano
670 1313 732 1353 ita
752 1311 1032 1364 delectamur,
1055 1320 1104 1353 ut
1130 1312 1348 1354 nobismet
1369 1313 1475 1369 ipsis
1500 1323 1595 1355 tum

141 1367 342 1423 denique,
364 1384 463 1410 cum
488 1370 559 1411 illo
583 1369 795 1421 venimus,
815 1369 1076 1425 placeamus·
1122 1370 1240 1417 Quid
1263 1386 1366 1427 agas
1389 1371 1593 1412 omnibus

141 1424 193 1465 de
218 1427 359 1477 rebus,
381 1436 425 1468 et
456 1428 560 1484 quid
584 1438 759 1469 acturus
791 1427 863 1479 sis,
885 1427 955 1469 fac
987 1442 1065 1469 nos
1097 1442 1226 1483 quam
1257 1428 1593 1486 diligentissime

145 1484 366 1526 certiores.

586 1541 823 1585 CICERO
855 1541 1085 1585 ATTICO
1119 1542 1164 1584 S.
1603 1545 1630 1588 7

137 1597 325 1651 APUD
350 1619 528 1653 matrem
553 1621 667 1654 recte
686 1621 765 1663 est,
788 1626 923 1667 eaque
945 1612 1071 1653 nobis
1091 1627 1206 1653 curae
1227 1620 1305 1653 est.
1364 1611 1412 1653 L.
1434 1611 1592 1654 Cincio

144 1666 243 1708 H-S
269 1668 459 1710 XXCD
492 1671 699 1712 constitui
731 1684 799 1711 me
832 1680 1082 1712 curaturum
1124 1669 1272 1711 Idibus
1313 1669 1439 1711 Febr.
1509 1669 1593 1722 Tu,

142 1725 286 1777 velim,
306 1741 370 1778 ea,
392 1742 489 1782 quae
521 1730 647 1782 nobis
679 1728 833 1770 emisse
851 1738 893 1769 et
918 1743 1087 1784 parasse
1111 1728 1279 1779 scribis,
1301 1728 1374 1770 des
1398 1742 1592 1785 operam,

145 1792 194 1824 ut
217 1798 345 1838 quam
365 1786 551 1840 primum
577 1786 835 1828 habeamus:
859 1797 903 1827 et
926 1786 1053 1827 velim
1073 1786 1256 1842 cogites,
1278 1786 1322 1828 id
1345 1787 1460 1842 quod
1485 1785 1592 1827 mihi

144 1840 365 1897 pollicitus
388 1857 446 1894 es,
470 1844 837 1900 quemadmodum
871 1843 1182 1885 bibliothecam
1217 1844 1342 1885 nobis
1376 1843 1592 1885 conficere

143 1900 297 1954 possis.
336 1916 509 1942 omnem
543 1917 661 1959 spem
694 1902 994 1944 delectationis
1026 1912 1378 1956 nostrae,4quam,
1409 1917 1509 1943 cum
1546 1902 1591 1943 in

143 1957 282 1998 otium
306 1959 563 2012 venerimus,
587 1960 745 2002 habere
767 1960 981 2012 volumus,
1005 1959 1046 2001 in
1081 1970 1154 2001 tua
1183 1959 1454 2000 humanitate
1474 1960 1592 2017 posi-

147 2023 235 2056 tam
260 2016 484 2059 habemus.

578 2074 814 2117 CICERO
845 2074 1077 2117 ATTICO
1110 2075 1155 2117 S.
1605 2084 1631 2122 8

145 2132 332 2185 APUD
357 2152 400 2185 te
422 2153 500 2194 est,
520 2153 568 2185 ut
592 2145 803 2186 volumus.
834 2153 972 2186 mater
996 2154 1071 2186 tua
1091 2154 1134 2185 et
1165 2158 1285 2185 soror
1307 2159 1332 2185 a
1358 2159 1426 2185 me
1450 2145 1593 2193 Quin-

146 2206 280 2255 toque
303 2200 434 2243 fratre
466 2202 676 2259 diligitur.
739 2202 852 2244 Cum
885 2202 1079 2245 Acutilio
1112 2217 1206 2243 sum
1229 2202 1413 2244 locutus.
1446 2204 1479 2243 is
1508 2203 1592 2244 sibi

145 2269 278 2314 negat
300 2274 324 2300 a
347 2275 423 2302 suo
444 2272 720 2317 procuratore
739 2262 976 2317 quidquam
1000 2263 1206 2318 scriptum
1229 2274 1334 2311 esse,
1351 2270 1394 2302 et
1413 2262 1594 2302 miratur

144 2314 271 2357 istam
305 2319 642 2362 controversiam
668 2318 814 2369 fuisse,
833 2321 873 2350 23
891 2319 1005 2375 quod
1041 2319 1109 2361 ille
1142 2319 1350 2360 recusarit
1372 2318 1593 2371 satisdare,

147 2375 332 2431 amplius
355 2378 431 2418 abs
454 2386 496 2418 te
519 2392 605 2418 non
630 2378 734 2433 peti.
797 2378 927 2424 Quod
949 2387 993 2419 te
1020 2377 1072 2419 de
1103 2376 1299 2418 Tadiano
1323 2377 1499 2433 negotio
1519 2377 1595 2418 tle-

146 2432 303 2474 cidisse
337 2436 504 2486 scribis,
539 2435 582 2476 id
610 2450 693 2492 ego
726 2435 865 2477 Tadio
900 2445 945 2476 et
979 2444 1151 2493 gratum
1187 2449 1278 2476 esse
1313 2434 1521 2485 intellexi,
1551 2443 1597 2476 et

145 2504 411 2549 magnopere
426 2493 688 2549 jucundum.
739 2496 781 2525 ⁶2⁴
795 2493 873 2535 Ille
894 2505 1041 2535 noster
1062 2494 1242 2546 amicus,
1267 2493 1330 2534 vir
1353 2493 1595 2535 mehercule

190 2608 232 2638 ‘22
254 2607 304 2638 M.
329 2607 496 2649 Fonteius]
532 2608 616 2639 Edd.
645 2618 697 2649 pr.
726 2609 851 2640 habent
894 2609 1013 2648 corrigi
1026 2614 1207 2640 recusaret.
1251 2608 1315 2640 Sed
1334 2619 1393 2640 cur
1416 2619 1482 2639 non
1494 2612 1528 2639 et
1541 2619 1596 2639 sa—

155 2647 326 2687 Fontins,e
344 2661 408 2689 quo
425 2652 552 2682 factum
576 2651 663 2682 male
680 2651 851 2689 Fontinus,
893 2652 1046 2682 tisdare?
1070 2652 1156 2692 quod
1185 2651 1266 2683 mihi
1295 2652 1438 2693 primum
1472 2651 1597 2690 legenti

148 2693 236 2731 quod
252 2703 375 2724 nomen
398 2695 550 2734 nuspiam
574 2695 747 2735 reperitur.
765 2700 853 2726 recte
895 2695 930 2725 in
945 2701 1092 2725 mentem
1108 2695 1212 2732 veuit,
1229 2699 1305 2734 post
1326 2700 1360 2725 et
1384 2694 1527 2725 corrado
1547 2704 1597 2724 re-

146 2735 193 2765 sic
208 2736 310 2767 edidit
321 2737 482 2768 Graevius.
896 2737 964 2778 peri
982 2737 1154 2778 placuisse.
1169 2748 1247 2769 narn
1259 2738 1405 2777 pertinet
1421 2736 1462 2767 ad
1478 2745 1595 2777 procu·

190 2781 231 2810 23
253 2780 338 2819 quod
360 2780 382 2809 i.
406 2781 569 2810 reeusarit
590 2779 762 2817 satisdarz',
777 2790 850 2810 am-
896 2785 1054 2818 ratorem,
1071 2781 1127 2820 qui
1143 2781 1300 2812 satisdare
1317 2780 1481 2810 noluerat.
1517 2778 1597 2810 Non

142 2821 233 2859 plius
248 2823 305 2852 abs
319 2827 350 2853 te
365 2831 430 2852 non
440 2823 526 2863 peti]
553 2823 635 2853 Edd.
653 2832 703 2864 pr.
720 2832 852 2853 reeusa-
895 2823 1043 2853 dubitavi
1058 2824 1104 2854 sic
1121 2824 1307 2854 rescribere.

147 2867 203 2893 ναι
231 2872 265 2894 et
286 2866 383 2905 petit.
443 2865 530 2896 Illud
553 2866 636 2896 bene
663 2865 851 2905 Malaspina
936 2868 979 2896 24
994 2866 1058 2897 Ille
1073 2871 1183 2897 noster
1196 2864 1337 2906 amicus]
1355 2864 1597 2899 EstLueceiue.

147 2906 290 2938 correxit
314 2909 478 2940 recusarit
501 2912 536 2940 et
554 2909 636 2949 peti.
662 2912 796 2949 poterat
815 2912 852 2939 et
894 2917 924 2940 v.
942 2918 994 2950 ep.
1007 2914 1045 2941 ut
1059 2918 1158 2951 supra
1171 2918 1223 2950 ep.
1236 2910 1268 2940 3.
