1940 3231
294 163 375 200 ⁵88
715 156 899 199 EPIST.
926 158 1005 198 AD
1030 158 1315 203 ATTICUM,

293 263 480 307 servavit
512 263 641 305 etiam
683 263 903 306 Servilius.
952 279 1035 321 ego
1068 263 1144 306 sic.
1190 263 1305 305 diem
1342 267 1484 304 statuo
1525 263 1626 304 satis
1669 262 1728 304 la-

292 337 421 374 xam3
451 336 581 376 quam
616 329 715 362 ante
748 321 782 362 si
817 321 1035 374 solverint,
1063 321 1177 373 dico,
1199 335 1267 362 me
1296 320 1550 362 centesimas
1571 319 1725 361 ductu-

291 394 412 422 rum:
450 380 484 419 si
516 393 602 420 non
634 378 853 429 solverint,
882 393 936 420 ex
971 379 1186 435 pactione.
1216 380 1361 434 itaque
1392 385 1435 419 et
1467 377 1613 419 Graeci
1642 377 1728 418 sol-

294 446 403 479 vunt
427 435 638 477 tolerabili
659 435 855 488 foenore-3
885 446 928 477 et
950 436 1189 492 publicanis
1211 450 1276 477 res
1297 446 1361 476 est
1383 435 1641 491 gratissima.
1664 434 1727 474 sic

179 519 216 551 p.
232 509 284 540 88.
298 494 369 536 illa
393 493 488 549 jam
518 494 694 544 habent,
716 492 842 548 pleno
874 493 1036 544 modio,
1056 494 1284 534 verborum
1316 493 1538 543 honorem,
1569 491 1726 532 invita-

251 560 282 583 a.
298 552 458 593 tionem
480 551 690 591 crebram.
731 549 834 604 quid
854 549 1000 605 plura?
1037 559 1137 591 sunt
1157 564 1304 592 omnes
1325 551 1386 592 ita
1413 549 1521 591 mihi
1545 547 1729 590 familia-

291 624 373 661 res,
388 620 434 650 ut
453 621 496 648 se
511 607 692 662 quisque
713 606 902 648 maxime
923 615 1060 664 putet.
1082 607 1155 648 sed
1178 617 1321 649 tamen
1341 611 1484 662 39μηδέν
1501 612 1623 653 αὐτοῖς.
1644 605 1728 647 seis

290 667 467 721 reliqua.
507 663 579 705 De
603 673 745 705 statua
765 662 975 716 Africani,
997 667 1042 718 (ἆ)
1059 669 1271 721 πραγμάτων
1288 672 1513 716 ἁσυγκλώςων
1531 672 1538 708 !
1565 664 1636 706 sed
1655 677 1725 704 me

289 723 432 780 ipsum
465 721 696 763 delectavit
731 721 775 762 in
808 722 892 762 tuis
917 722 1104 774 litteris,)
1127 723 1210 763 ain’
1229 726 1303 765 tu?
1355 724 1501 780 Scipio
1530 723 1603 764 hic
1627 720 1726 762 Me-

289 780 414 821 tellus
445 793 654 835 proavum
685 793 809 820 suum
841 779 979 821 nescit
997 782 1267 821 ‘locensorem
1297 795 1386 822 non
1416 781 1574 822 fuisse?
1604 777 1725 833 atqui

288 837 398 879 nihil
418 836 571 878 habuit
595 835 710 877 aliud
732 836 1003 892 inscriptum,
1024 839 1059 867 4¹
1079 837 1160 878 nisi
1184 837 1286 878 Cos.
1309 852 1358 879 ea
1379 847 1533 889 statua,
1552 852 1648 893 quae
1671 835 1726 876 ad

289 894 400 951 Opis
424 908 499 950 per
521 903 562 934 te
593 894 734 949 posita
763 892 808 933 in
837 893 1009 934 excelso
1031 903 1108 935 est.
1132 895 1175 934 in
1207 894 1279 934 illa
1308 895 1427 946 item,
1449 910 1545 950 quae
1576 904 1640 935 est
1669 892 1725 934 ad

287 956 525 1000 Πολυδεύκους,
545 950 718 992 hercule
738 950 994 1007 inscriptum
1015 961 1094 1003 est,
1118 950 1220 992 Cos.
1241 966 1371 1006 quam
1397 967 1488 993 esse
1516 951 1725 1007 ejusdem,

288 1018 440 1061 status,
462 1008 660 1059 amictus,
693 1007 858 1060 anulus,
893 1009 1037 1065 imago
1061 1008 1156 1065 ipsa
1186 1008 1388 1050 declarat.
1409 1019 1454 1050 at
1483 1007 1725 1050 mehercule

287 1082 372 1124 ego
403 1081 503 1109 cum
536 1066 581 1107 in
612 1076 753 1107 turma
781 1065 1073 1107 inauratarum
1103 1066 1381 1121 equestrium,
1403 1069 1444 1097 42
1457 1081 1562 1122 quas
1584 1065 1655 1107 hic
1679 1065 1724 1106 in

292 1124 512 1181 Capitolio
539 1124 695 1179 posuit,
717 1122 1115 1166 animadvertissem
1136 1124 1180 1164 in
1203 1123 1449 1180 Serapionis
1472 1123 1724 1179 subscripti-

287 1197 371 1225 one
404 1185 445 1214 43
466 1180 662 1222 Africani
700 1194 959 1236 cognomen,
992 1189 1178 1223 erratum
1212 1180 1389 1222 fabriele
1413 1181 1576 1237 putavi,
1607 1195 1724 1222 nunc

286 1240 413 1282 video
437 1237 621 1280 Metelli.
671 1237 736 1280 O!
767 1242 967 1295 ἁνιςοξηο-ὢιν
989 1247 1156 1295 turpem
1177 1238 1185 1280 !
1236 1238 1350 1279 Nam
1372 1238 1475 1280 illud
1497 1238 1549 1279 de
1572 1237 1723 1278 Flavio

286 1306 331 1338 et
349 1296 486 1347 fastis,
508 1297 541 1337 si
565 1310 686 1337 secus
707 1305 786 1347 est,
809 1310 1038 1337 commune
1059 1304 1246 1337 erratum
1272 1305 1356 1348 est3
1379 1307 1423 1337 et
1445 1306 1491 1337 tu
1519 1295 1624 1336 belle
1643 1297 1724 1340 ἧπά-

285 1375 407 1411 ξηο-αιςς
440 1364 484 1394 et
513 1368 591 1394 nos
630 1354 847 1410 publicam
879 1367 1012 1409 prope
1042 1353 1289 1410 opinionem
1321 1354 1455 1395 secuti
1490 1367 1650 1405 sumus,
1679 1360 1726 1393 ut

286 1411 424 1453 multa
443 1411 558 1467 apud
582 1410 775 1452 Graecos.
806 1410 902 1466 quis
928 1411 1044 1451 enim
1075 1425 1158 1451 non
1191 1411 1319 1463 dixit,
1337 1414 1497 1460 Εὔπολιν,
1515 1417 1566 1453 τὸν
1584 1418 1638 1457 τῆς
1664 1418 1726 1468 ἀς-

285 1473 405 1522 χοιίοις,
424 1469 478 1509 ab
499 1467 740 1519 Alcibiade,
763 1468 994 1523 navigante
1021 1469 1065 1509 in
1099 1468 1305 1518 Siciliam,
1327 1468 1542 1524 dejectum
1566 1483 1656 1510 esse
1679 1469 1724 1510 in

285 1528 431 1568 mare?
468 1526 688 1581 redarguit
718 1525 1039 1567 Eratosthenes,
1069 1525 1209 1566 adfert
1238 1525 1368 1576 enim,
1390 1541 1495 1581 quas
1528 1526 1596 1567 ille
1627 1535 1726 1583 post

286 1583 332 1624 id
370 1593 539 1638 tempus
582 1583 747 1625 fabulas
782 1583 991 1624 docuerit.
1029 1597 1130 1624 num
1175 1583 1336 1624 idcirco
1373 1583 1505 1624 Duris
1538 1584 1723 1635 Samius,

284 1639 418 1683 homo
442 1641 485 1681 in
515 1639 697 1683 historia
725 1641 923 1696 diligens,
945 1640 1061 1694 quod
1083 1654 1180 1681 cum
1215 1639 1358 1681 multis
1380 1640 1554 1691 erravit,
1574 1640 1723 1681 irride-

286 1705 355 1740 tur
373 1700 386 1740 ?
418 1697 529 1745 Quis
547 1698 779 1740 Zaleucum
800 1698 915 1754 leges
939 1697 1087 1739 Locris
1109 1698 1328 1752 scripsisse
1349 1712 1433 1739 non
1456 1698 1597 1740 dixit?
1619 1711 1722 1738 num

283 1755 419 1812 igitur
442 1755 562 1811 jacet
591 1755 929 1812 TheophrastuS‚
952 1755 987 1796 si
1010 1754 1052 1796 id
1074 1770 1099 1796 a
1115 1753 1297 1806 Timaeo,
1321 1766 1395 1796 tuo
1418 1754 1633 1806 familiari,
1655 1769 1722 1796 re·-

283 1813 543 1870 prehensum
564 1817 656 1856 est?
707 1813 791 1855 Sed
815 1813 993 1863 nescire,
1016 1827 1223 1868 proavum
1247 1825 1369 1854 suum
1391 1827 1610 1854 censorem
1633 1826 1720 1854 non

281 1870 428 1921 fuisse,
452 1880 575 1927 turpe
595 1881 688 1923 est;
720 1870 958 1927 praesertim
979 1884 1079 1911 cum
1101 1880 1198 1926 post
1219 1884 1317 1911 eum
1338 1870 1572 1920 consulem,
1593 1883 1719 1911 nemo

282 1927 525 1979 Cornelius,
546 1928 618 1969 illo
642 1928 756 1980 vivo,
787 1942 938 1970 censor
968 1926 1112 1969 fuerit.
1172 1927 1302 1974 Quod
1326 1926 1378 1968 de
1403 1927 1654 1977 Philotimo,
1678 1934 1723 1968 et

280 1985 334 2026 de
365 1985 577 2026 solutione
609 1985 708 2027 H-S
733 2000 798 2027 xx
832 2000 892 2027 Dc
922 1985 1098 2037 scribis;
1131 1984 1415 2026 Philotimum
1436 1985 1606 2026 circiter
1630 1984 1719 2026 Ka-

236 2042 393 2087 b.lend.
414 2043 592 2086 Januar.
614 2044 658 2084 in
682 2043 999 2085 Chersonesum
1021 2043 1149 2083 audio
1171 2043 1360 2084 venisse:
1392 2057 1442 2083 ac
1463 2041 1569 2084 mihi
1592 2044 1646 2084 ab
1667 2055 1721 2083 eo

279 2100 390 2142 nihil
421 2100 576 2143 adhuc.
609 2101 772 2157 reliqua
798 2115 895 2142 mea
922 2099 1129 2141 Camillus
1160 2100 1311 2141 scribit
1332 2114 1375 2140 se
1396 2100 1638 2156 accepisse;
1668 2113 1720 2141 ea

280 2172 380 2214 quae
402 2158 502 2209 sint,
523 2159 684 2210 nescio,
705 2168 750 2199 et
775 2173 880 2199 aveo
903 2157 1024 2200 scire.
1056 2172 1204 2199 verum
1225 2157 1321 2199 haec
1343 2157 1554 2214 posterius
1580 2166 1624 2198 et
1644 2171 1719 2199 co-

279 2230 371 2257 ram
395 2215 575 2257 fortasse
605 2215 889 2258 commodius,
950 2214 1062 2256 Illud
1084 2229 1167 2266 me,
1193 2215 1251 2256 mi
1274 2215 1435 2267 Attice,
1457 2215 1501 2257 in
1523 2223 1717 2256 extrema

279 2272 369 2314 fere
393 2282 513 2329 parte
534 2273 728 2330 epistolae
752 2272 1016 2315 commovit:
1040 2272 1190 2314 scribis
1212 2273 1327 2313 enim
1349 2272 1599 2324 sicsts'zocz-Ar
1614 2278 1625 2313 ?
1641 2272 1716 2314 de-

279 2330 381 2373 inde
410 2345 477 2372 me
503 2332 701 2373 obsecras
732 2330 1039 2381 amantissime,
1061 2344 1115 2372 ne
1136 2329 1366 2371 obliviscar
1389 2328 1580 2387 vigilare,
1602 2338 1644 2370 et
1668 2338 1717 2370 ut

322 2449 363 2481 39
397 2446 483 2486 μηδὲν
504 2447 617 2487 αὐτοῖς]
639 2448 661 2478 i.
691 2446 834 2479 concedo
862 2449 979 2477 contra
1019 2445 1185 2477 ‹Jensonus
1199 2445 1333 2478 addidit.
1350 2451 1399 2477 est
1415 2457 1434 2477 a
1454 2445 1644 2486 glossatore.
1660 2445 1717 2476 de-

274 2489 332 2531 jus
349 2500 424 2520 cum
439 2491 560 2529 injuria
573 2491 723 2521 aliorum.
1024 2488 1098 2520 levi.

322 2533 365 2562 40
386 2542 547 2563 censorem
562 2542 624 2562 non
625 2531 749 2572 sitisse]
775 2531 827 2561 Sic
839 2530 908 2570 jam
923 2530 977 2562 ed.
1062 2533 1103 2562 43
1130 2528 1284 2570 Africam*
1306 2529 1501 2570 imaginem]
1527 2530 1580 2562 Sic
1602 2540 1717 2563 omnes

280 2573 380 2605 Rom.
412 2575 549 2605 Jenson.
566 2575 677 2606 omisit
691 2584 766 2611 non,
787 2578 821 2603 et
836 2573 912 2604 inde
927 2583 977 2603 se-
1020 2573 1096 2604 inde
1111 2582 1131 2604 a
1145 2573 1301 2609 Jensonn,
1325 2574 1587 2613 interpretantur
1609 2573 1648 2604 de
1664 2585 1717 2605 ea-

280 2619 418 2656 quentes
433 2629 440 2646 ι
465 2616 550 2648 unde
565 2616 737 2648 difficultas
753 2615 875 2646 oblata.
918 2615 981 2646 Sed
1022 2616 1090 2656 pite
1112 2615 1256 2646 Africani
1272 2615 1425 2657 imposito
1438 2619 1558 2646 statuae
1575 2625 1634 2656 pro
1659 2618 1718 2648 Se·

282 2662 370 2689 reete
385 2661 449 2689 non
471 2658 650 2699 repositum
671 2664 733 2691 est.
756 2662 805 2689 est
819 2659 865 2688 sic
880 2662 914 2690 et
930 2658 979 2689 in-
1022 2658 1164 2698 rapionis
1191 2658 1310 2698 capite.
1339 2656 1394 2688 sed
1421 2656 1454 2688 id
1478 2660 1529 2687 est
1552 2657 1715 2699 ineptum.

281 2701 333 2732 fra
348 2701 381 2731 in
397 2702 446 2731 ed.
462 2701 559 2733 Rom.
1021 2704 1121 2740 caput
1133 2699 1195 2730 hoc
1218 2709 1284 2730 non
1307 2699 1470 2731 diceretur
1482 2700 1603 2738 imago.
1620 2705 1654 2732 et
1667 2701 1717 2732 di-

323 2745 362 2773 41
388 2743 451 2774 nisi
478 2743 602 2782 consul]
629 2743 680 2773 Sic
703 2753 721 2773 e
747 2742 827 2773 Mss.
851 2741 978 2774 duobus
1019 2742 1152 2772 citurin
1164 2742 1519 2782 subscriptionefuisse.
1542 2741 1602 2773 Ed.
1613 2743 1714 2775 Rom.

281 2783 411 2817 Bosius.
428 2789 462 2816 'at
478 2785 524 2816 ita
533 2786 605 2825 jam
620 2789 691 2815 erat
706 2785 741 2815 in
756 2784 807 2816 ed.
822 2785 921 2816 Rom.
1019 2783 1118 2815 habet
1139 2783 1340 2824 Africanum
1363 2793 1495 2823 agmen.
1519 2782 1712 2824 Legendum

322 2829 365 2860 42
386 2837 468 2867 quas
488 2825 540 2858 hic
563 2827 730 2867 stletellus]
757 2827 903 2857 Graevius
917 2837 975 2858 au·
1018 2831 1068 2857 est
1093 2825 1249 2867 Africani
1288 2835 1413 2862 nomen,
1437 2826 1489 2857 vel
1516 2835 1712 2865 cognomen:

281 2871 374 2900 ctore
387 2871 452 2901 Ms.
469 2869 601 2901 Balliol.
626 2869 822 2909 ejiciendum
840 2870 978 2910 putabat
1022 2869 1109 2908 quod
1123 2869 1266 2909 recipere
1285 2878 1352 2898 non
1367 2868 1526 2901 dubitavi.
1540 2874 1639 2911 atque
1653 2870 1716 2903 hoc

282 2910 450 2947 Metellus.
472 2914 573 2946 recte.
587 2911 652 2945 Ed.
667 2911 764 2946 Rom.
784 2912 852 2945 non
867 2912 978 2945 habet.
1020 2910 1338 2954 potestdicisabrile
1350 2916 1512 2944 erratum.
