1940 3231
315 1221 345 1242 ε’
294 1170 333 1202 '³⁵¹'

352 147 427 182 482
765 144 946 182 EPIST.
974 144 1053 182 AD
1079 142 1368 187 ATTICUM,

352 261 464 298 eum,
486 261 614 303 quem
636 261 723 289 non
745 249 957 290 amabam.
981 248 1053 289 sed
1077 247 1119 289 id
1140 262 1312 303 quoque
1330 245 1584 289 videbimus.
1602 243 1789 300 denique

352 304 512 360 aliquid
534 305 752 358 exstabit3
784 320 836 346 ne
856 306 935 347 tibi
961 306 1084 362 plane
1105 320 1290 346 cessasse
1312 305 1546 346 videamur.
1607 301 1676 343 De
1699 302 1787 343 Pu-

355 361 444 403 blio
480 377 576 418 quae
609 363 661 405 ad
695 377 764 403 me
796 363 962 413 scribis,
999 377 1099 403 sane
1137 363 1244 404 mihi
1270 362 1466 418 jucunda
1500 368 1621 401 sunt:
1652 373 1789 414 eaque

355 420 484 460 etiam
509 419 649 471 velim,
672 419 872 460 omnibus
897 419 1088 475 vestigiis
1112 420 1328 476 indagata,
1342 420 1394 460 ad
1416 433 1484 459 me
1503 417 1670 467 afferas,
1689 430 1789 458 cum

356 477 524 528 venies;
568 486 611 518 et
644 477 806 517 interea
828 477 1017 528 scribas,
1038 477 1072 517 si
1105 477 1469 532 quid‘intelliges,
1497 485 1571 516 aut
1598 473 1791 529 suspica-

357 535 480 575 bere:
513 542 556 574 et
588 534 776 574 maxime
814 534 866 574 (le
899 534 1250 590 legatione-quid
1284 534 1338 575 sit
1369 543 1557 574 acturus.
1587 531 1790 586 equidem

357 602 470 642 ante,
505 606 632 646 quam
667 600 761 631 tuas
798 590 880 647 legi
922 591 1100 643 litteras,
1132 592 1173 623 62
1189 592 1405 633 hominem
1436 591 1497 631 ire
1533 589 1790 644 cupiebam3

358 663 441 689 non
463 647 719 699 mehercule,
743 656 789 689 ut
809 647 1022 689 diffierrem
1046 664 1144 690 cum
1168 663 1219 689 eo
1242 648 1534 693 vadimonium
1552 653 1672 699 (nam
1684 644 1796 685 mira

359 720 450 746 sum
478 705 697 746 alacritate
720 706 772 746 ad
802 705 1102 762 litigandum);
1134 707 1204 747 sed
1239 706 1467 746 videbatur
1486 704 1609 753 mihi,
1632 703 1666 744 si
1689 701 1794 757 quid

357 772 468 804 esset
501 763 543 803 in
576 777 627 803 eo
663 762 880 818 populare,
913 764 1027 817 quod
1063 763 1253 819 plebeius
1291 762 1430 803 factus
1452 769 1577 812 esset,
1600 760 1641 801 id
1665 759 1796 801 amis-

357 834 493 860 surus·
512 820 614 875 quid
629 820 744 860 enirn
766 820 817 860 ad
839 819 1007 875 plebem
1026 821 1242 861 transisti?
1266 829 1312 860 ut
1327 819 1559 875 Tigranem
1582 817 1664 858 ires
1682 815 1797 857 salu-

358 880 524 919 tatum?
556 891 679 918 narra
711 876 843 918 mihi:
877 890 998 931 reges
1030 875 1225 917 Armenii
1259 876 1462 932 patricios
1496 874 1680 915 salutare
1706 887 1794 914 non

359 935 524 976 solent?
557 934 675 980 Quid
708 933 894 989 quaeris?
925 948 1121 975 acueram
1157 948 1225 974 me
1258 933 1312 974 ad
1345 932 1655 989 exagitandam
1681 930 1795 972 hanc

358 992 450 1047 ejus
474 991 751 1047 legationem,
786 1006 916 1046 quam
952 991 984 1031 si
1017 990 1085 1032 ille
1118 990 1373 1040 contemnit,
1405 1000 1462 1040 et,
1486 991 1536 1041 si,
1558 999 1606 1030 ut
1628 987 1797 1039 scribis,

359 1049 486 1089 bilem
512 1049 553 1089 id
576 1049 615 1079 63
630 1058 875 1089 commovet
908 1057 952 1089 et
982 1048 1205 1098 latoribus,
1239 1057 1282 1088 et
1314 1047 1562 1103 auspicibus
1591 1046 1699 1102 legis
1722 1060 1797 1087 cu-

359 1106 494 1157 riatae,
533 1105 825 1162 spectaculum
858 1106 1097 1162 egregium.
1159 1104 1363 1153 Hercule,
1397 1118 1543 1145 verum
1569 1113 1617 1145 ut
1648 1104 1797 1159 loqua-

338 1178 469 1214 -mur,
503 1162 895 1204 subcontumeliose
930 1172 1138 1204 tractatur
1170 1172 1316 1203 noster
1349 1160 1555 1202 Publius:
1594 1161 1796 1217 primum,

359 1221 431 1276 qui
456 1235 554 1261 cum
584 1220 626 1260 in
657 1220 786 1261 domo
810 1219 995 1261 Caesaris
1027 1220 1245 1275 quondam
1280 1234 1388 1260 unus
1415 1219 1479 1259 vir
1511 1218 1656 1268 fuerit,
1682 1232 1797 1259 nunc

359 1293 412 1320 ne
434 1278 475 1318 in
502 1277 654 1334 viginti
679 1277 852 1331 quidem
875 1291 966 1318 esse
1000 1278 1208 1333 potuerit:
1242 1276 1411 1326 deinde,
1445 1275 1528 1316 alia
1548 1275 1710 1331 legatio
1732 1275 1798 1317 di-

357 1346 428 1377 cta
450 1344 555 1386 erat,
577 1334 659 1375 alia
680 1336 781 1374 (lata
813 1342 892 1375 est.
916 1334 986 1374 illa
1006 1335 1166 1390 opima,
1190 1335 1231 1365 64
1243 1334 1296 1374 asl
1319 1334 1556 1389 exigendas
1579 1332 1799 1389 pecunias,

361 1392 520 1442 Druso,
545 1401 592 1432 ut
614 1392 783 1446 opinor,
807 1391 1068 1444 Pisaurensi,
1090 1392 1191 1432 65au
1213 1391 1385 1446 epuloni
1413 1391 1588 1431 Vatinio
1609 1404 1799 1431 reserva-

360 1460 454 1491 tur:
489 1449 581 1490 haec
608 1448 763 1504 jejuna
784 1463 834 1489 ac
861 1448 969 1489 bella
997 1449 1203 1504 relegatio
1233 1449 1358 1489 datur
1380 1448 1433 1498 ei,
1457 1447 1580 1502 cujus
1605 1448 1799 1488 tribuna-

360 1516 428 1548 tus
450 1507 503 1547 ad
527 1507 706 1547 istorum
729 1517 925 1561 tempora
945 1517 1198 1547 reservatur.
1223 1506 1403 1546 incende
1424 1505 1659 1555 hominem,
1681 1519 1799 1545 ama-

361 1565 416 1605 bo
439 1573 495 1615 te,
517 1564 558 1594 66
571 1563 685 1618 quod
723 1572 881 1619 potest.
914 1578 998 1604 una
1028 1578 1123 1620 spes
1154 1574 1219 1603 est
1241 1563 1405 1614 salutis,
1428 1563 1467 1596 67
1482 1563 1663 1603 istorum
1688 1562 1800 1602 inter

359 1622 475 1677 ipsos
498 1620 731 1662 dissensio:
763 1620 888 1675 cujus
907 1634 989 1676 ego
1011 1620 1210 1676 quaedain
1234 1620 1358 1661 initia
1381 1620 1490 1661 sensi
1513 1634 1568 1661 ex
1592 1619 1799 1660 Curione.

351 1678 446 1734 jam
470 1692 570 1720 vero
592 1677 744 1719 Arrius
763 1677 1033 1719 consulatum
1057 1679 1137 1719 sibi
1158 1687 1354 1734 ereptum
1377 1677 1537 1719 fremit.
1587 1677 1627 1708 68
1642 1676 1801 1733 Mega-

359 1803 443 1825 sam:
468 1802 529 1824 nec
545 1791 650 1823 voluit
668 1792 783 1823 deinde
798 1792 981 1822 orationem
999 1792 1055 1822 ab·
1097 1791 1198 1822 habet
1224 1792 1386 1829 nebuloni,
1421 1790 1508 1831 quod
1536 1800 1604 1821 non
1634 1790 1798 1831 displicet.

360 1836 467 1867 solute
482 1835 635 1872 scribere,
657 1845 757 1875 quam
779 1835 814 1864 in
836 1833 973 1865 dicendo
989 1844 1057 1865 non
1098 1834 1228 1865 videtur
1248 1841 1283 1864 et
1304 1834 1381 1865 dare
1401 1833 1540 1864 voluisse
1558 1837 1629 1863 aut.
1647 1843 1725 1864 nam
1741 1833 1800 1864 ha-

360 1878 562 1909 absolvisset.
1100 1877 1155 1907 bet
1171 1876 1400 1907 Pisaurensia.
1434 1876 1630 1907 Tunstauus
1645 1875 1664 1908 1.
1683 1886 1712 1906 c.
1727 1886 1801 1906 cor-

403 1922 444 1951 62
466 1921 502 1950 in
516 1921 677 1950 hominem
692 1921 741 1950 ire
755 1919 938 1960 cupiebam]
963 1920 997 1950 Si
1013 1921 1058 1951 sie

361 1962 477 1993 Cicero
501 1962 694 2002 scripsisset,
721 1971 834 1993 sensus
856 1968 960 1992 esset:
998 1964 1059 1993 im-

361 2010 477 2046 petum
492 2005 526 2034 in
543 2014 619 2035 eum
643 2005 749 2035 facere
763 2004 934 2042 volebam3
957 2005 1013 2035 sed
1027 2005 1060 2036 id

361 2057 430 2078 non
453 2047 609 2078 convenit
629 2047 852 2086 sequentibus.
896 2046 1011 2085 Itaque
1025 2048 1062 2077 in

361 2088 536 2120 delendum
551 2096 707 2130 putavere
721 2088 781 2118 viri
797 2088 899 2125 docti,
915 2088 1062 2120 delevere

362 2131 558 2168 Lambinus,
590 2132 714 2163 Brutus
750 2131 808 2162 ἃς.
851 2131 961 2170 Atque
999 2131 1061 2162 hoc

362 2175 431 2214 ipse
464 2183 579 2204 verum
608 2179 701 2213 puto.
745 2173 892 2204 Graevius
927 2174 1061 2214 conjicit

362 2217 453 2247 istim
481 2226 540 2256 pro
570 2217 677 2247 istinc.
719 2215 915 2247 Tunstallus
942 2226 976 2256 p.
1007 2218 1059 2247 43.

363 2259 500 2299 corrigit
523 2268 590 2289 meo
613 2259 743 2289 nomine
764 2259 813 2289 ire
836 2268 909 2298 cup.
930 2258 952 2288 i.
976 2268 1006 2289 e.
1022 2258 1061 2288 de

363 2311 462 2332 causa
484 2311 569 2338 rnea,
595 2304 635 2331 ut
657 2310 785 2341 possem
808 2310 885 2331 cum
907 2310 946 2331 eo
961 2300 1062 2331 alter—

364 2344 444 2381 cari,
459 2344 626 2384 exagitare
643 2344 712 2383 ejus
735 2343 949 2382 legationem,
964 2352 1008 2373 sc.
1023 2347 1063 2373 ut

364 2392 440 2426 post
462 2391 524 2416 est.
568 2385 632 2417 Sed
655 2385 725 2416 haec
755 2384 898 2425 intelligi
926 2389 1063 2426 possunt

363 2429 465 2459 etiam
481 2432 610 2458 servata
623 2428 765 2459 lectione
779 2426 849 2459 illa.

405 2471 444 2501 63
468 2474 643 2501 commwet
669 2475 701 2501 et
730 2471 887 2501 latoribus
914 2475 946 2501 et
967 2480 1060 2510 ausp.

365 2512 460 2552 legis]
487 2512 634 2543 Primum
656 2519 687 2543 et
712 2512 900 2549 deleverim,
931 2513 1018 2552 quod
1042 2524 1059 2543 e

365 2554 456 2586 finali
473 2555 510 2585 τῦ
525 2559 698 2585 commovet
713 2560 830 2586 natum
845 2559 937 2596 puto.
962 2555 1062 2586 Lato-

366 2606 415 2628 res
430 2601 464 2627 et
479 2597 624 2636 auspices
639 2601 718 2627 sunt
732 2598 876 2637 ejusdem
891 2598 1030 2637 generis.

408 2640 449 2670 64
471 2639 517 2669 ad
528 2639 705 2678 ezigendas
714 2640 888 2680 pecunias]
910 2640 950 2670 In
966 2640 1066 2680 AEgy-

368 2686 463 2723 ptum
487 2682 618 2722 opinor,
633 2682 674 2712 ad
689 2682 844 2722 pecunias
867 2693 887 2713 a
908 2691 983 2722 rege
997 2683 1065 2713 exi·

365 2724 499 2766 gendas.

408 2766 448 2797 65
472 2776 516 2796 an
537 2767 666 2806 epuloni
694 2765 840 2805 Vatinio]
877 2766 930 2797 Sic
955 2777 1064 2797 corre-

365 2818 441 2839 xere
465 2807 582 2839 Lamb.
618 2808 734 2838 Bosius
760 2813 794 2839 et
815 2808 869 2839 alii
885 2809 1063 2840 lectionem

366 2851 418 2885 ed.
440 2860 489 2888 pr.
504 2851 660 2890 neptiloni
675 2850 714 2882 V.
731 2861 749 2881 e
762 2851 842 2881 Mss.
857 2858 892 2881 et
906 2852 951 2882 sic
968 2862 1061 2882 voca-

363 2898 422 2923 tur
436 2893 589 2924 Vatinius
603 2902 654 2924 or.
671 2893 706 2924 in
720 2892 797 2924 Vat.
818 2896 865 2925 12.
889 2892 950 2925 Ed.
965 2893 1063 2925 Rom.

1101 1919 1193 1958 tigit,
1216 1929 1260 1949 an
1277 1918 1461 1949 Puteolano
1479 1918 1515 1948 V.
1536 1928 1575 1948 ex
1594 1928 1643 1949 or.
1666 1919 1701 1948 in
1721 1918 1801 1951 Vat.

1103 1964 1132 1992 5.
1176 1961 1304 1991 Drusus
1324 1971 1423 2000 quare
1446 1961 1644 1992 Pisaurensis
1659 1960 1804 1999 dicatur,

1102 2013 1200 2033 nemo
1214 2003 1312 2034 dieat.

1145 2046 1186 2076 66
1207 2046 1314 2085 quoad
1327 2046 1396 2086 pot’
1415 2046 1474 2085 est]
1506 2044 1596 2076 Libri
1612 2045 1722 2086 plures
1741 2055 1805 2077 scr.

1098 2093 1199 2128 potes.
1243 2089 1390 2119 Graevius
1414 2088 1547 2128 praei'ert
1569 2089 1664 2128 quod,
1679 2099 1697 2119 e
1712 2087 1804 2119 libris

1103 2140 1165 2161 scr.
1183 2131 1276 2161 bene.
1295 2132 1361 2170 μοι’
1385 2135 1431 2161 est
1453 2140 1514 2171 pro
1531 2135 1636 2170 potest
1649 2131 1805 2171 ineptum

1104 2178 1164 2203 est.
1190 2173 1281 2203 Edidi
1295 2174 1380 2213 quod
1384 2177 1502 2214 potest,
1511 2178 1551 2203 ut
1563 2173 1688 2204 habent
1699 2173 1803 2204 etiam

1103 2214 1176 2246 edd.
1200 2215 1298 2246 Rom.
1323 2216 1416 2247 Jens.
1443 2215 1530 2255 quod
1545 2219 1636 2256 potes
1655 2215 1707 2246 ed.
1725 2215 1802 2249 Asc.

1103 2258 1211 2298 quoad
1224 2258 1354 2289 induxit
1368 2258 1484 2289 Aldus.
1535 2288 1538 2290 ,

1147 2301 1186 2334 67
1210 2301 1348 2330 istorum
1369 2301 1456 2331 inter
1469 2304 1545 2331 istos
1564 2300 1728 2341 dissensio]
1752 2302 1803 2332 in-

1105 2346 1156 2372 ter
1169 2343 1244 2372 istos
1257 2343 1406 2383 ineptum
1423 2348 1484 2374 est.
1520 2344 1589 2373 Ser.
1604 2344 1691 2374 inter
1700 2345 1783 2384 ipsos
1794 2356 1804 2373 .-

1105 2385 1131 2414 si
1147 2385 1202 2414 isti
1217 2385 1304 2414 inter
1322 2395 1355 2415 se
1371 2385 1431 2425 ipsi
1448 2385 1655 2416 dissentiant.
1670 2395 1731 2417 nec
1745 2386 1806 2417 du-

1105 2426 1206 2457 bitavi
1229 2427 1274 2456 sic
1297 2427 1404 2464 edere,
1427 2438 1461 2458 re
1488 2428 1674 2459 manifesta.
1697 2429 1754 2459 isti
1769 2432 1805 2461 et

1102 2469 1163 2508 ipsi
1177 2469 1295 2508 passim
1312 2470 1345 2500 in
1361 2469 1451 2500 libris
1466 2470 1729 2502 confunduntur.

1145 2512 1185 2542 68
1208 2511 1458 2551 Megabocchus]
1493 2513 1547 2543 Sic
1572 2513 1624 2544 ed.
1647 2513 1747 2544 Rom.
1771 2517 1809 2544 et

1106 2553 1186 2584 Mss.
1209 2553 1331 2593 plures,
1358 2555 1615 2594 intelliguntque
1639 2555 1678 2586 de
1704 2556 1805 2587 Pom-

1104 2597 1191 2636 peio,
1216 2595 1301 2634 quod
1314 2597 1341 2626 is
1364 2597 1491 2636 Bogudi
1507 2597 1721 2628 Mauritaniae
1735 2598 1804 2638 regi

1109 2648 1168 2678 pro
1184 2644 1275 2678 patre
1289 2638 1360 2678 ejus
1374 2639 1506 2669 Boccho
1522 2640 1704 2678 imperarit.
1742 2640 1808 2671 Sed

1108 2690 1206 2720 quare
1220 2680 1273 2711 hic
1285 2682 1331 2711 sic
1345 2680 1552 2721 appelletur?
1570 2681 1609 2711 ln
1625 2681 1698 2713 edd.
1711 2681 1806 2713 Jens.

1107 2728 1142 2753 et
1165 2733 1251 2762 seqq.
1273 2727 1323 2753 est
1340 2723 1567 2762 Megabrotus,
1592 2723 1679 2762 quod
1699 2724 1807 2755 simile

1106 2765 1233 2796 videtur
1249 2765 1416 2804 Epicrati,
1438 2773 1476 2795 ut
1499 2775 1598 2805 supra
1617 2766 1806 2806 appellatur

1106 2807 1298 2848 Pompeius:
1329 2809 1420 2847 quasi
1443 2808 1593 2849 princeps
1616 2808 1803 2840 hominum.

1105 2850 1343 2888 Megabocchus
1377 2854 1567 2881 revocatum
1594 2855 1646 2881 est
1673 2861 1694 2882 a
1717 2851 1805 2882 vict.

1107 2893 1200 2925 Mau.
1218 2893 1278 2925 &m
1311 2893 1346 2924 J.
1361 2892 1412 2924 Fr.
1427 2893 1612 2929 Gronovius
1625 2893 1722 2930 malit
1731 2893 1804 2928 Mee
