1940 3231
587 152 776 194 EPIST.
805 152 881 192 AD
907 150 1178 193 BRUTUM.
1528 157 1606 199 975

169 260 232 304 las
254 276 358 318 quas
379 268 549 303 senatus
571 257 775 309 decrevit,
797 266 846 297 ut
880 257 1081 311 pecunias
1104 272 1129 297 a
1149 255 1399 299 civitatibus
1419 267 1606 313 mutuas,

171 311 375 361 sumeres.
435 319 503 360 De
525 316 823 373 supplemento
845 323 990 354 autem
1013 328 1098 355 non
1121 313 1244 354 video
1266 314 1368 368 quid
1392 315 1483 357 fieri
1506 332 1608 372 pos-

171 377 243 417 sit.
277 387 442 418 tantum
466 376 580 417 enim
605 374 740 422 abest,
771 383 820 412 ut
855 371 996 412 Pansa
1022 372 1074 412 de
1102 371 1295 412 exercitu
1323 386 1413 421 suo,
1436 383 1510 413 aut
1531 374 1606 415 de·

174 433 286 478 lectu
313 435 392 475 tibi
414 432 573 488 aliquid
599 430 774 479 tribuat,
795 437 843 469 ut
865 429 996 470 etiam
1027 428 1206 470 moleste
1233 428 1356 480 ferat,
1388 438 1474 470 tam
1497 431 1608 472 mul-

179 501 244 532 tos
265 492 316 533 ad
344 502 384 532 te
406 491 466 532 ire
488 488 775 530 voluntarios:
808 486 1026 542 quomodo
1047 486 1221 540 quidem
1238 486 1380 536 credo,
1404 487 1518 541 quod
1542 487 1629 539 ΙίἰειἼ

177 549 320 599 rebus,
345 563 440 604 quae
473 547 515 587 in
550 545 675 586 Italia
697 544 998 595 decernuntur,
1020 543 1155 584 nullas
1185 543 1333 598 copias
1363 543 1492 584 nimis
1517 558 1611 597 ma7

180 620 285 661 guas
315 619 406 646 esse
435 603 689 644 arbitretur:
726 601 943 656 quomodo
981 609 1125 641 autem
1165 601 1289 641 multi
1322 601 1609 657 suspicantur,

176 663 293 718 quod
316 676 368 703 ne
391 671 432 702 te
455 661 624 715 quidem
657 660 785 700 nimis
816 660 985 699 firmum
1008 672 1098 698 esse
1120 657 1244 699 velit:
1277 658 1391 713 quod
1416 673 1498 714 ego
1520 674 1610 702 non

174 720 382 776 suspicor.
443 719 573 765 Quo—<i
608 717 772 767 scribis,
797 726 837 756 te
859 716 912 756 ad
939 714 1128 756 Tertiam
1153 729 1340 756 sororem
1376 716 1610 772 scripsisse,

178 786 226 817 ut
252 792 305 817 ne
343 776 458 832 prius
490 776 664 816 ederent
697 789 759 824 ea,
788 789 884 828 qum
919 783 1040 828 gesta
1072 787 1096 813 a
1121 772 1270 813 Cassio
1293 783 1448 824 essent,
1481 788 1611 829 quam

177 833 285 875 mihi
310 835 447 874 visum
481 842 605 883 esset,
629 831 753 872 video
775 843 818 871 te
841 832 1020 871 veritum
1045 844 1137 870 esse
1161 830 1219 881 id,
1241 831 1356 885 quod
1380 831 1613 872 verendum

176 890 274 942 fuit,
298 906 350 932 ne
372 890 502 932 animi
525 890 709 945 partium
732 888 929 939 Caesaris,
948 888 1166 942 quomodo
1188 888 1450 929 etiamnunc
1472 899 1613 944 partes

175 948 460 1005 appellantur,
502 947 776 988 vehementer
806 954 1196 986 commoverentur.
1258 945 1340 986 Sed
1380 955 1612 1002 antequam

178 1016 272 1048 tuas
297 1006 456 1047 litteras
488 1005 747 1060 accepimus,
781 1003 928 1044 audita
950 1017 1013 1042 res
1036 1012 1140 1053 erat,
1164 1012 1206 1042 et
1236 1002 1513 1059 pervulgata:
1547 1003 1613 1045 tui

177 1064 306 1105 etiam
327 1062 535 1104 tabellarii
558 1064 608 1102 ad
632 1060 790 1101 multos
812 1059 1041 1101 familiares
1062 1070 1158 1100 tuos
1178 1060 1340 1101 litteras
1362 1061 1612 1102 attulerant.

178 1121 324 1168 Quare
346 1134 482 1175 neque
505 1117 810 1174 supprimenda
840 1132 906 1158 res
937 1127 1042 1168 erat,
1072 1118 1309 1172 praesertim
1332 1132 1429 1158 cum
1453 1118 1495 1160 id
1518 1118 1612 1159 fieri

177 1193 262 1220 non
287 1188 445 1235 posset,
467 1191 605 1231 neque
628 1176 661 1216 si
687 1184 843 1231 posset7
863 1190 948 1215 non
970 1175 1276 1230 divulgandam
1300 1175 1460 1231 potius,
1481 1191 1611 1231 quam
1622 1179 1657 1213 b·

177 1236 477 1277 occultandam
515 1244 777 1289 putaremus.
839 1232 908 1273 De
941 1232 1153 1273 Cicerone
1188 1247 1300 1283 meo,
1330 1233 1408 1273 etsi
1442 1242 1614 1275 tantum

177 1303 242 1334 est
265 1294 308 1334 in
330 1308 396 1344 eo,
421 1301 628 1348 quantum
664 1290 830 1342 scribis,
861 1300 1031 1332 tantum
1062 1289 1242 1341 scilicet,
1264 1290 1284 1320 6
1300 1299 1509 1346 quantum
1539 1291 1615 1332 de-

179 1351 278 1402 beo,
302 1351 495 1408 gaudeo:
526 1359 570 1390 et
604 1348 654 1400 si,
687 1349 802 1404 quod
840 1363 956 1390 amas
992 1363 1106 1400 eum,
1129 1362 1179 1388 eo
1206 1347 1374 1404 majora
1406 1347 1538 1390 facis:
1569 1347 1616 1390 id

178 1408 321 1465 ipsum
342 1407 651 1449 incredibiliter
672 1406 855 1463 gaudeo,
879 1421 903 1446 a
925 1416 967 1446 te
988 1420 1087 1447 eum
1109 1406 1249 1462 diligi.

687 1489 1093 1528 ARGUMENTUM.
1571 1541 1579 1549 .
1626 1504 1653 1551 3

177 1547 241 1584 De
259 1551 338 1584 tota
355 1546 611 1582 constitutione
626 1544 710 1580 belli
729 1545 817 1591 quid
833 1545 972 1579 sentiat
989 1543 1193 1591 perscribit,
1212 1547 1247 1579 et
1262 1543 1419 1580 Brutum
1437 1543 1489 1579 ad
1501 1555 1619 1591 πῖαρ·
1647 1556 1657 1560 ‘

291 1611 367 1636 rem
384 1599 623 1637 severitatem,
639 1598 829 1645 proposito
847 1597 998 1644 reipubl.
1015 1608 1153 1631 summo
1168 1597 1345 1644 periculo,
1363 1599 1510 1634 excitat.

620 1662 855 1705 CICERO
887 1661 1099 1704 BRUTO
1132 1662 1177 1704 S.

182 1722 342 1785 QUAE
364 1733 518 1774 litterae
552 1741 627 1773 tuo
650 1731 825 1773 nomine
848 1731 1039 1772 recitatae
1073 1731 1159 1771 sint
1182 1729 1248 1772 Id.
1270 1729 1409 1787 April.
1433 1731 1476 1773 in
1499 1745 1621 1774 sena-

180 1802 243 1843 tu,
264 1792 501 1846 eodemque
523 1798 718 1846 tempore
739 1788 937 1840 Antonii,
959 1787 1086 1829 credo
1109 1788 1162 1829 ad
1186 1798 1227 1829 te
1256 1789 1476 1844 scripsisse
1497 1799 1619 1832 tuos:

181 1863 363 1905 quorum
386 1863 468 1904 ego
493 1847 652 1888 nemini
677 1847 884 1888 concedo.
928 1846 1011 1887 Sed
1035 1845 1143 1886 nihil
1165 1860 1339 1887 necesse
1359 1855 1450 1888 erat
1471 1847 1622 1889 eadem

183 1921 357 1960 omnes:
389 1905 493 1946 illud
524 1919 696 1946 necesse
728 1919 795 1945 me
827 1904 880 1945 ad
913 1912 954 1945 te
987 1903 1186 1954 scribere,
1209 1904 1312 1959 quid
1344 1904 1547 1946 sentirem
1568 1905 1622 1946 de

183 1972 277 2005 tota
294 1962 607 2005 constitutione
627 1962 757 2018 hujus
781 1961 894 2013 belli,
914 1971 956 2002 et
978 1976 1065 2016 quo
1080 1961 1252 2017 judicio
1274 1976 1425 2014 essem,
1449 1977 1623 2018 quaque

185 2021 412 2063 sententia.
445 2020 641 2062 voluntas
664 2034 774 2071 mea,
805 2019 954 2071 Brute,
988 2019 1040 2060 de
1075 2033 1242 2060 summa
1264 2020 1487 2075 republica
1509 2035 1620 2062 sem-

180 2093 259 2136 per
287 2079 436 2120 eadem
467 2078 566 2128 fuit,
596 2093 694 2133 quae
727 2086 824 2120 tua:
857 2077 967 2118 ratio
998 2077 1257 2132 quibusdam
1288 2077 1332 2118 in
1363 2078 1490 2119 rebus
1511 2082 1621 2132 (non

181 2137 298 2178 enim
335 2136 556 2186 omnibus)
600 2135 743 2191 paullo
781 2135 963 2176 fortasse
1006 2134 1315 2176 vehementior.
1376 2134 1470 2176 Scis
1511 2135 1621 2176 mihi
1657 2145 1661 2148 ·

185 2207 354 2250 semper
383 2193 608 2250 placuisse,
631 2208 718 2234 non
749 2207 849 2249 rege
872 2193 1025 2243 solum,
1057 2193 1128 2234 sed
1161 2206 1296 2249 regno
1317 2192 1489 2234 liberari
1511 2208 1624 2234 rem-

183 2252 422 2309 publicam.
480 2250 546 2292 Tu
583 2250 736 2292 lenius.
771 2250 1004 2291 immortali
1036 2250 1214 2292 omnino
1237 2265 1336 2292 cum
1367 2259 1443 2292 tua
1472 2249 1623 2294 laude:

186 2309 260 2353 sed
283 2309 385 2364 quid
408 2308 559 2350 melius
592 2308 737 2360 fuerit,
769 2322 930 2363 magno
952 2307 1099 2349 dolore
1122 2308 1346 2360 sensimus,
1368 2322 1528 2364 magno
1550 2323 1626 2365 pe-

184 2367 321 2408 riculo
341 2367 562 2407 sentimus.
623 2365 807 2407 Recenti
828 2366 900 2407 illo
925 2375 1132 2422 tempore,
1156 2375 1200 2406 tu
1222 2366 1367 2407 omnia
1386 2366 1437 2406 ad
1457 2380 1624 2422 pacem,

185 2439 283 2480 quae
306 2424 501 2466 oratione
517 2423 674 2465 confici
695 2438 781 2464 uon
803 2432 997 2479 poteret.
1020 2437 1103 2480 ego
1123 2424 1269 2464 omnia
1291 2424 1345 2464 ad
1365 2422 1625 2473 libertatem,

184 2497 284 2540 quae
321 2482 411 2522 sine
444 2496 547 2537 paee
579 2480 696 2522 nulla
730 2491 819 2523 est:
853 2494 1004 2537 pacem
1035 2481 1173 2537 ipsam
1206 2480 1317 2523 bello
1340 2489 1470 2536 atque
1495 2481 1625 2522 armis

183 2539 300 2582 effici
335 2553 459 2595 posse
490 2539 744 2580 arbitrabar.
805 2537 959 2579 Studia
987 2552 1075 2579 non
1096 2537 1277 2579 deerunt
1304 2553 1423 2580 arma
1444 2553 1627 2595 poscen—

186 2597 313 2647 tium,
335 2611 518 2652 quorum
551 2596 828 2653 repressimus
862 2596 1087 2651 impetum,
1121 2595 1402 2651 ardoremque
1423 2596 1627 2637 restinxi-

187 2667 298 2696 mus.
360 2654 515 2709 [taque
559 2668 624 2695 res
661 2654 704 2694 in
729 2668 827 2695 eum
865 2653 1009 2694 locum
1044 2662 1233 2705 venerat,
1265 2661 1314 2695 ut
1342 2653 1426 2695 nisi
1461 2653 1625 2694 Caesari

190 2710 434 2755 Octaviano
456 2712 559 2753 deus
581 2711 756 2767 quidam
780 2710 895 2752 illam
926 2718 1114 2752 mentem
1138 2711 1339 2760 dedisset,
1362 2711 1406 2751 in
1437 2719 1626 2766 potesta-

188 2770 274 2810 tem
298 2768 574 2824 perditissimi
596 2768 786 2811 hominis
807 2777 852 2810 et
881 2767 1118 2825 turpissimi
1153 2767 1222 2811 M.
1244 2768 1426 2811 Antonii
1452 2767 1625 2810 venien-

225 2882 246 2912 6
267 2887 429 2922 quantum
444 2883 550 2923 debeo]
576 2883 692 2921 Recte,
710 2884 736 2914 si
753 2883 794 2916 ad
814 2883 945 2925 gaudeo
964 2883 1126 2925 pertinet:
1151 2884 1203 2916 sin
1218 2882 1259 2917 ad
1273 2881 1482 2921 antecedem,
1497 2880 1627 2914 videtur

182 2925 390 2961 scribendum
406 2926 508 2964 debet,
524 2936 569 2957 sc.
585 2927 621 2958 in
635 2936 674 2958 eo
688 2936 770 2958 esse.
1486 2927 1489 2929 ’
1603 2940 1627 2946 -.
