1940 3231
354 108 431 145 698
776 102 956 144 EPIST.
985 103 1062 143 AD
1089 103 1372 153 ATTICUM,

351 223 497 250 meum
529 208 783 264 obsequium
806 208 850 251 in
881 210 1000 251 illum
1022 209 1105 251 fuit
1135 225 1233 251 cum
1266 210 1400 251 multa
1430 209 1680 253 severitate:
1711 226 1785 255 ne-

353 280 438 322 que
460 280 592 307 unum
622 267 730 321 ejuS,
749 281 828 307 nec
851 282 1045 323 parvum,
1064 268 1134 309 sed
1158 267 1293 308 multa
1313 282 1472 323 inagna
1491 267 1648 308 delicta
1669 283 1786 310 com-

351 324 503 379 pressi.
534 325 666 380 patris
695 332 840 365 autem
873 324 1023 365 lenitas
1061 325 1243 366 amanda
1276 325 1417 381 potius
1452 325 1507 365 ab
1539 324 1626 375 illo,
1657 339 1784 380 quam

352 391 441 422 tam
473 381 700 422 crudeliter
731 381 1002 437 negligenda.
1034 396 1132 422 nam
1163 383 1326 423 litteras
1357 382 1448 438 ejus
1479 382 1533 422 ad
1570 381 1786 424 Caesarem

350 437 503 480 missas
538 439 597 479 ita
626 438 815 493 graviter
838 438 1027 490 tulimus,
1058 447 1105 479 ut
1137 449 1179 480 te
1213 440 1387 494 quidem
1423 440 1682 491 celaremus;
1713 440 1788 481 sed

351 495 486 551 ipsius
518 495 710 535 videmus
741 495 876 535 vitam
913 495 1133 536 insuavem
1166 496 1413 538 reddidisse.
1444 497 1528 538 hoc
1561 510 1659 537 vero
1689 496 1785 551 ejus

318 602 320 605 y
347 551 446 604 iter,
469 551 771 606 simulatioque
807 552 978 606 pietatis
1010 551 1146 607 qualis
1177 552 1320 606 fuerit,
1343 569 1428 595 non
1460 554 1596 595 audeo
1627 552 1784 594 dicere.

346 619 518 651 tantum
551 609 655 659 scio,
677 619 777 665 post
809 608 1003 650 Hirtium
1036 621 1313 662 conventum,
1335 612 1584 652 arcessitum
1607 611 1661 651 ab
1685 609 1786 651 Cae-

347 681 465 708 sare:
496 681 593 706 cum
617 681 684 716 eo,
704 666 758 707 de
777 680 872 706 meo
895 667 1038 708 animo
1062 668 1115 708 ab
1138 668 1224 708 suis
1247 668 1484 709 rationibus
1506 667 1784 719 alienissimo,

345 733 390 764 et
424 723 606 765 consilio
645 723 911 778 relinquendi
946 723 1144 777 Italiam;
1183 734 1226 765 et
1257 724 1352 766 haec
1386 725 1480 781 ipsa
1509 725 1673 766 timide.
1710 725 1783 767 sed

344 780 461 821 nulla
495 791 640 821 nostra
669 781 794 836 culpa
824 790 913 823 est:
946 790 1098 823 natura
1130 782 1360 823 metuenda
1389 793 1468 822 est.
1501 782 1594 824 haec
1629 781 1783 823 Curio-

342 852 458 889 nem,
482 837 576 879 haec
601 838 824 879 Hortensii
850 837 1001 890 filium,
1022 853 1108 879 non
1133 849 1303 895 patrum
1325 839 1466 895 culpa,
1489 839 1781 896 corrupit.ja-

343 908 414 938 cet
436 896 479 936 in
511 907 692 937 maer'ore
723 910 843 937 meus
876 895 1020 947 frater,
1053 910 1190 951 neque
1222 906 1308 937 tam
1341 897 1394 937 de
1425 912 1500 937 sua
1526 897 1626 948 vita,
1657 911 1787 951 quam

341 953 396 995 de
417 968 511 994 inea
534 953 701 995 metuit.
724 952 827 994 huic
851 963 911 1004 tu,
936 953 1036 994 huic
1064 964 1108 994 tu
1132 953 1243 994 malo
1268 952 1372 994 affer
1393 952 1722 1005 consolationes,
1745 954 1780 994 si

339 1010 447 1052 ullas
479 1019 626 1066 potes:
664 1011 854 1051 maxime
875 1011 1046 1066 quidem
1081 1010 1195 1051 illam
1230 1011 1380 1063 velim;
1413 1026 1476 1062 ea,
1508 1025 1604 1066 quae
1627 1011 1679 1052 ad
1701 1025 1780 1051 nos

341 1068 484 1109 delata
514 1069 614 1119 sint,
646 1080 720 1109 aut
751 1067 857 1108 falsa
886 1082 991 1119 esse,
1023 1078 1097 1109 aut
1128 1069 1309 1109 minora.
1341 1083 1436 1124 quae
1469 1068 1503 1108 si
1537 1082 1635 1108 vera
1665 1067 1783 1120 sint3

343 1126 444 1181 quid
470 1125 660 1167 futurum
685 1126 740 1166 sit
760 1127 801 1166 in
825 1125 905 1166 hac
930 1126 1019 1166 vita
1039 1135 1082 1166 et
1105 1124 1224 1181 fuga,
1241 1126 1401 1167 nescio.
1424 1139 1523 1166 nain
1546 1125 1580 1165 si
1603 1124 1781 1166 habere-

295 1197 330 1230 ι,
343 1198 437 1224 mus
462 1183 789 1239 rempublicam,
811 1182 1038 1224 consilium
1062 1183 1168 1224 mihi
1192 1197 1279 1224 non
1301 1184 1466 1226 deesset
1489 1196 1566 1223 nec
1589 1181 1641 1223 ad
1665 1196 1783 1222 seve-

341 1242 528 1291 ritatem,
560 1243 600 1272 ‘25
618 1256 696 1282 nec
727 1241 779 1282 ad
802 1240 1086 1296 diligentiam.
1147 1240 1275 1292 Haec,
1306 1240 1394 1282 sive
1425 1239 1660 1290 iracundia,
1691 1239 1781 1280 sive

339 1299 503 1350 dolore,
526 1299 615 1339 sive
637 1308 753 1339 metu
779 1308 1012 1354 permotus,
1035 1297 1207 1353 gravius
1238 1298 1404 1354 scripsi,
1426 1312 1555 1353 quam
1578 1307 1653 1338 aut
1681 1307 1779 1337 tuus

338 1357 384 1397 in
406 1356 525 1396 illum
549 1371 683 1405 amor,
706 1364 780 1396 aut
801 1369 919 1396 meus
945 1355 1206 1411 postulabat.
1240 1356 1272 1396 si
1296 1370 1396 1396 vera
1420 1364 1534 1406 sunt,
1554 1354 1779 1410 ignosces:

339 1414 374 1454 si
406 1413 526 1464 falsa,
558 1427 626 1453 me
659 1413 817 1454 libente
848 1413 1003 1468 eripies
1035 1412 1141 1453 mihi
1174 1413 1289 1454 hunc
1319 1426 1520 1454 errorem.
1552 1413 1781 1467 2&quoquo

335 1471 469 1512 modo
494 1485 592 1511 vcro
616 1485 659 1511 se
691 1485 754 1511 res
777 1471 970 1522 habebit,
993 1470 1101 1511 nihil
1123 1471 1379 1526 assignabis,
1403 1483 1481 1511 uec
1506 1478 1674 1525 patruo,
1697 1483 1778 1510 uec

335 1528 466 1584 patri.
499 1528 611 1569 Cum
632 1528 727 1569 haec
750 1528 1030 1584 scripsissem,
1047 1543 1072 1568 a
1095 1527 1285 1568 Curione
1310 1527 1413 1568 mihi
1433 1527 1680 1568 nuntiatum
1698 1535 1779 1577 est,

331 1601 433 1627 cum
465 1586 518 1627 ad
550 1600 619 1626 me
649 1586 810 1626 venire.
846 1594 1015 1626 venerat
1046 1584 1161 1625 enim
1194 1587 1227 1627 is
1259 1585 1302 1626 in
1335 1584 1580 1626 Cumanum
1611 1584 1778 1639 vesperi

332 1643 496 1699 pridie:
531 1643 570 1683 id
604 1651 669 1683 est
692 1642 856 1684 Idibus,
890 1643 923 1683 si
956 1642 1060 1698 quid
1092 1642 1185 1698 ejus
1221 1643 1354 1698 igitur
1386 1656 1524 1682 sermo
1557 1640 1771 1696 ejusmodi

333 1700 540 1750 attulerit,
563 1701 678 1755 quod
700 1701 753 1741 ad
777 1709 819 1740 te
841 1700 1114 1741 scribendum
1137 1699 1217 1751 sit3
1255 1702 1295 1733 27
1312 1699 1354 1740 id
1379 1700 1423 1740 in
1445 1698 1598 1739 litteris
1621 1697 1776 1752 adjun-

332 1772 450 1814 gam.
513 1757 731 1800 Praeteriit
760 1757 904 1798 villam
943 1771 1084 1798 meam
1116 1757 1264 1808 Curio,
1297 1757 1514 1812 jussitque
1536 1755 1641 1796 mihi
1664 1769 1776 1796 nun-

330 1815 446 1867 tiari,
469 1830 571 1856 mox
595 1830 639 1856 se
672 1822 925 1856 venturum:
965 1815 1240 1869 cucurritque
1263 1813 1482 1866 Puteolos,
1506 1821 1552 1854 ut
1584 1812 1646 1853 ibi
1668 1827 1774 1854 con-

328 1874 591 1914 cionaretur.
631 1873 915 1913 concionatus
948 1882 1037 1914 est:
1070 1872 1220 1913 rediit:
1255 1871 1338 1912 fuit
1371 1872 1424 1912 ad
1455 1885 1524 1912 me
1560 1883 1660 1910 sane
1681 1869 1770 1910 diu.

328 1941 357 1971 o
379 1945 469 1971 rem
492 1929 681 1971 foedam!
715 1930 827 1971 nosti
852 1930 1100 1971 hominem:
1133 1929 1242 1970 nihil
1263 1928 1522 1980 occultavit3
1555 1928 1599 1967 in
1622 1927 1772 1983 primis

327 1987 439 2029 nihil
460 2002 551 2028 esse
573 1988 746 2038 certius,
781 2002 910 2042 quam
932 1996 979 2027 ut
1009 2001 1173 2037 omnes,
1201 1986 1275 2041 qui
1299 1986 1394 2042 lege
1425 1984 1637 2040 Pompeia
1668 1998 1773 2025 con-

324 2045 521 2086 demnati
551 2054 708 2095 esseut,
731 2046 1081 2095 restituerentur3
1113 2044 1173 2085 ita
1208 2058 1259 2084 ue
1291 2058 1334 2084 se
1368 2044 1413 2084 in
1447 2042 1596 2084 Sicilia
1621 2055 1773 2082 eorum

325 2118 461 2159 opera
483 2117 672 2147 usurum.
705 2102 758 2143 de
795 2101 1037 2158 HispaniiS,
1066 2116 1154 2143 non
1176 2059 1421 2152 dubitabat,
1451 2099 1556 2156 quin
1587 2097 1773 2140 Caesaris

326 2170 493 2202 essent:
537 2160 637 2201 inde
674 2159 817 2215 ipsum
848 2174 948 2200 cum
984 2158 1193 2210 exercitu,
1230 2159 1494 2213 ubicumque
1531 2156 1767 2212 Pompeius

324 2227 463 2260 esset:
495 2217 588 2273 ejus
623 2217 801 2258 interitu
823 2219 863 2248 28
879 2217 1009 2258 finem
1031 2216 1090 2258 illi
1122 2216 1242 2259 fore:
1285 2216 1463 2273 propius
1493 2213 1658 2257 factum
1678 2222 1769 2254 esse

366 2362 408 2391 ΞΓ)
431 2369 489 2390 nec
503 2360 550 2390 ad
561 2358 785 2399 diligentiam]
811 2359 864 2389 Sic
879 2358 954 2389 edd.
970 2367 1022 2399 pr.
1067 2358 1183 2389 malim
1197 2362 1309 2389 tamen
1324 2358 1430 2388 habet.

318 2398 360 2434 Ῥ.
384 2402 557 2433 Manutius
577 2403 667 2433 dedit
687 2401 944 2440 indfflgentiam,
968 2410 1026 2431 ne·
1110 2403 1150 2434 27
1174 2401 1210 2431 id
1224 2402 1258 2431 in
1272 2401 1373 2431 literis
1388 2397 1589 2440 adjungam]
1606 2396 1684 2428 Non
1697 2396 1768 2438 plau

323 2445 392 2474 seio
417 2445 517 2481 unde,
540 2445 637 2484 idque
661 2451 696 2474 et
721 2444 869 2474 Graevius
894 2448 1026 2473 secutus
1068 2448 1122 2474 cet
1136 2444 1181 2474 in.
1205 2453 1280 2473 mox
1304 2452 1362 2484 pro
1384 2443 1593 2481 cucurritque
1617 2440 1766 2470 Graevius

323 2491 385 2517 est.
430 2488 514 2517 Sane
530 2486 562 2517 id
583 2487 751 2517 severitati
770 2486 950 2526 opponitur
972 2495 1024 2515 ac·
1067 2485 1170 2517 tacite
1189 2485 1291 2516 edidit
1316 2485 1552 2523 concurritque.
1575 2481 1610 2513 id
1624 2482 1652 2512 si
1674 2481 1767 2512 libris

320 2528 483 2566 curatius,
506 2533 544 2559 ut
559 2529 646 2560 infra
659 2539 712 2569 ep.
727 2533 756 2563 7.
781 2533 866 2559 extr.
879 2537 944 2558 non
967 2537 1023 2558 no·
1066 2528 1268 2565 firmaretur,
1291 2527 1490 2568 praeferrem.
1518 2534 1596 2556 nam
1620 2534 1680 2565 pro
1706 2534 1767 2554 cu-

321 2575 395 2601 stra
409 2571 630 2609 indulgentia.
656 2571 689 2601 id
705 2571 785 2602 mihi
800 2571 923 2608 obstat,
938 2569 1025 2609 quod
1067 2570 1140 2609 pide
1163 2579 1306 2607 cui-rere,
1326 2569 1494 2604 festinare,
1516 2567 1618 2597 etiam
1640 2566 1679 2597 de
1693 2574 1763 2596 uno

321 2622 423 2654 supra
435 2613 679 2652 indulgentiam
701 2615 736 2643 in
749 2612 870 2643 malam
894 2617 1024 2652 partem
1066 2612 1200 2643 homine
1213 2612 1346 2649 dicitur,
1360 2616 1398 2642 ut
1408 2619 1612 2640 concursare.
1627 2618 1656 2638 v.
1673 2608 1766 2640 Clav.

323 2655 417 2686 dixit.
454 2656 610 2686 severitas
631 2661 682 2685 est
703 2656 739 2686 in
762 2655 903 2695 peccatis
926 2655 1024 2685 casti-
1109 2657 1148 2686 28
1161 2654 1271 2695 finem
1285 2655 1337 2684 illi
1345 2652 1440 2693 fore]
1467 2661 1512 2683 sc.
1537 2651 1671 2688 Caesari‚
1686 2650 1766 2682 belli

321 2698 452 2738 gaudis,
467 2698 641 2736 diligentia
653 2698 688 2727 in
703 2696 863 2728 cavendis.
1065 2696 1211 2736 gerendi,
1228 2696 1279 2726 vel
1294 2704 1475 2726 armorum.
1520 2694 1574 2724 Sie
1592 2692 1665 2724 edd.
1680 2697 1764 2724 vett.

365 2741 406 2771 26
428 2750 550 2780 quoquo
565 2740 656 2770 medo
667 2749 699 2770 se
714 2749 764 2770 res
778 2739 919 2778 habebit]
946 2738 1022 2769 Ha·
1064 2747 1179 2769 omnes
1201 2744 1235 2768 et
1250 2737 1325 2768 libri
1347 2747 1409 2768 scr.
1423 2741 1499 2778 post
1521 2746 1540 2766 a
1555 2737 1591 2767 P.
1607 2735 1764 2767 Manutio

321 2782 404 2813 bebi&
429 2787 479 2813 est
502 2783 536 2812 in
554 2782 605 2813 ed.
621 2782 717 2814 Rom.
741 2782 822 2813 item
843 2792 864 2812 a
888 2782 1018 2812 Graevio
1062 2784 1248 2811 correctum
1271 2783 1322 2810 est
1345 2780 1430 2817 belli,
1453 2778 1539 2819 quod
1558 2787 1636 2809 sane
1664 2776 1762 2809 facire

320 2829 488 2864 repertum
504 2825 538 2855 in
554 2824 618 2855 Ms.
632 2823 766 2855 Balliol.
783 2823 879 2864 idque
895 2823 1016 2863 recepi.
1062 2830 1146 2860 erat,
1162 2827 1195 2854 et
1212 2826 1328 2863 aptum
1343 2822 1478 2853 verbum
1492 2821 1550 2852 rei.
1566 2820 1600 2851 id
1615 2819 1762 2861 plerique

317 2875 397 2907 pam
424 2868 541 2899 habeat
565 2876 679 2900 verum
704 2876 772 2899 esse
798 2876 866 2899 non
894 2870 1017 2907 potest.
1062 2866 1167 2898 secuti
1189 2870 1282 2904 sunt,
1304 2865 1407 2899 etiam
1430 2864 1592 2896 Gruterus
1614 2866 1650 2895 et
1670 2862 1762 2894 Grae
