1940 3231
284 155 362 195 486
710 156 890 196 EPIST.
918 157 996 195 AD
1027 154 1311 202 ATTICUM,

285 275 404 302 num.
427 261 498 303 sed
522 276 620 304 cum
643 276 666 304 e
688 262 919 304 Formiano
943 261 1121 313 rediero,
1149 263 1227 316 (ibi
1262 277 1352 304 esse
1378 275 1511 316 usque
1540 260 1590 301 ad
1615 260 1726 317 prid.

289 318 473 360 Kalend.
497 318 609 360 Mai.
641 320 774 372 volo,)
805 320 958 362 faciam
984 320 1127 360 statim
1161 330 1202 361 te
1226 320 1467 361 certiorem.
1526 317 1730 359 Terentia

289 376 372 417 tibi
391 376 586 418 salutem.
645 380 782 433 Κικὲξων
801 382 815 418 ὃ
832 383 946 433 famei&
965 379 1159 430 οἷο-παίζεται
1179 382 1275 419 Τίτον
1289 380 1469 422 Ἀθηναῖον.

231 462 281 499 10
730 460 965 502 CICERO
996 459 1226 502 ATTICO
1257 461 1301 502 S.

295 516 345 568 V
352 528 476 571 OLO
499 543 614 570 ames
636 541 777 569 meam
799 528 1103 569 constantiam.
1135 528 1258 570 ludos
1279 527 1401 569 Antii
1431 535 1624 581 spectare
1647 540 1736 566 non

293 586 450 642 placet.
513 585 591 626 Est
620 586 735 626 enim
758 586 980 629 ὁποσάλοικον,
1004 599 1104 626 cum
1135 585 1261 626 velim
1286 586 1419 626 vitare
1446 585 1638 626 omnium
1663 582 1738 623 de-

293 644 492 686 liciarum
516 642 821 699 suspicionem,
850 651 1026 697 repente
1046 645 1286 693 οξνηιφοιίνεσέὶοιι
1308 643 1347 674 86
1363 658 1446 683 non
1472 642 1610 683 solum
1632 639 1738 681 deli-

297 710 407 752 cate,
429 701 503 742 sed
525 700 656 741 etiam
679 699 824 755 inepte
844 700 1206 755 peregrinantem.
1229 714 1361 754 quare
1385 714 1518 755 usque
1540 699 1593 740 ad
1619 698 1736 739 Non.

300 758 412 799 Mai.
435 767 478 799 16
500 758 544 799 in
568 757 799 798 Formiano
824 757 1104 811 exspectabo.
1139 771 1254 797 nune
1286 757 1370 807 fae,
1402 767 1448 797 ut
1482 757 1629 805 sciam,
1651 770 1739 810 quo

186 834 218 865 p.
235 815 371 857 99.die
395 824 435 856 te
458 815 590 856 visuri
612 815 759 856 simus.
819 812 889 853 Ab
909 812 1044 869 Appii
1067 813 1196 864 Foro,
1218 813 1324 855 hora
1349 823 1517 870 quarta.
1539 813 1739 855 dederam

255 875 288 896 ³·
301 873 430 914 aliam
452 872 580 929 paulo
599 882 699 913 ante
720 870 877 911 Tribus
896 869 1121 911 Tabernis,

237 962 284 998 11
734 953 970 996 CICERO
1001 952 1231 995 ATTICO
1263 954 1309 996 S.

304 1014 542 1066 NARRO
566 1023 668 1065 tibi:
703 1023 826 1080 plane
850 1022 1062 1079 relegatus
1084 1021 1191 1062 mihi
1212 1021 1373 1073 videor,
1400 1031 1680 1078 posteaquam
1701 1020 1746 1062 iu

302 1080 536 1123 Formiano
560 1096 668 1122 sum.
693 1081 783 1121 dies
802 1080 916 1121 enim
941 1079 1081 1120 nullus
1103 1089 1208 1130 erat,
1225 1078 1346 1122 Antii
1368 1094 1467 1121 cum
1489 1094 1640 1130 essem,
1659 1092 1747 1135 quo

301 1139 371 1180 die
394 1154 480 1181 non
506 1139 656 1180 melius
676 1139 845 1189 scirem,
877 1138 1032 1178 Romae
1066 1137 1171 1192 quid
1203 1147 1417 1193 ageretur,
1443 1152 1573 1192 quam
1605 1137 1649 1187 ii,
1671 1135 1746 1191 qui

302 1205 426 1238 erant
458 1197 628 1238 Romae.
661 1195 823 1237 etenim
854 1195 1010 1236 litterae
1042 1204 1145 1245 tuae,
1166 1207 1264 1235 ‘non
1287 1194 1425 1235 solum
1448 1194 1551 1249 quid
1577 1193 1749 1244 Romae,

304 1254 378 1295 sed
410 1254 541 1295 etiam
573 1253 678 1310 quid
710 1253 752 1294 111
785 1252 1020 1308 republica,
1051 1266 1191 1307 neque
1222 1252 1361 1293 solum
1392 1252 1496 1308 quid
1519 1252 1655 1302 fieret,
1678 1264 1750 1291 ve-

303 1326 398 1354 rum
429 1312 561 1352 etiam
591 1311 694 1366 quid
733 1309 927 1351 futurum
965 1318 1091 1360 esset,
1130 1309 1397 1350 indicabant.
1428 1324 1558 1359 nunc,
1591 1307 1673 1349 nisi
1715 1307 1751 1348 si

305 1368 409 1424 quid
429 1383 483 1410 ex
509 1377 795 1425 praetereunte
817 1367 981 1408 viatore
1013 1376 1244 1422 exceptum
1276 1377 1356 1417 est,
1384 1368 1491 1408 seire
1522 1365 1631 1407 nihil
1653 1379 1754 1421 pos-

308 1441 468 1467 sumus.
491 1440 622 1481 quare
645 1439 903 1481 quamquam
922 1439 1014 1479 jam
1040 1433 1082 1464 te
1101 1425 1242 1480 ipsum
1264 1434 1487 1480 exspecto,
1507 1433 1650 1464 tamen
1681 1422 1751 1463 isti

308 1498 458 1540 puero,
480 1498 608 1538 quem
640 1483 693 1523 ad
718 1497 788 1523 me
819 1482 965 1522 statim
991 1481 1100 1537 jussi
1136 1496 1366 1532 recurrere,
1389 1482 1444 1522 da
1467 1481 1753 1537 ponderosam

310 1541 498 1596 aliquam
534 1539 777 1596 epistolam,
816 1539 984 1596 plenam
1017 1539 1213 1580 omnium
1255 1554 1339 1579 non
1374 1539 1503 1587 modo
1542 1548 1754 1586 actorum,

310 1599 383 1639 sed
402 1598 532 1639 etiam
555 1598 812 1655 opinionum
838 1606 1032 1637 tuarum:
1065 1612 1114 1637 ac
1140 1596 1269 1647 diem,
1291 1611 1377 1651 quo
1401 1596 1544 1636 Roma
1576 1595 1632 1636 sis
1663 1594 1757 1636 exi-

310 1664 447 1707 turus,
477 1670 581 1697 cura
612 1664 660 1696 ut
691 1656 838 1696 sciam.
900 1654 992 1694 Nos
1018 1654 1060 1694 111
1094 1653 1325 1694 Formiano
1349 1667 1440 1694 esse
1462 1653 1657 1696 volumus
1687 1667 1757 1693 us-

311 1726 395 1768 que
417 1712 469 1754 ad
501 1712 610 1768 prid.
639 1712 787 1753 Nonas
813 1711 924 1752 Mai.
955 1726 1006 1752 eo
1030 1711 1064 1751 si
1088 1720 1187 1751 ante
1209 1726 1303 1752 eam
1326 1711 1440 1751 diem
1466 1726 1550 1751 non
1575 1710 1756 1758 veneris,

313 1769 470 1811 Romae
505 1780 547 1811 te
576 1769 758 1810 fortasse
781 1769 952 1810 videbo.
978 1783 1078 1809 nam
1105 1768 1319 1826 Arpinum
1348 1768 1453 1823 quid
1477 1782 1560 1825 ego
1584 1777 1626 1809 te
1649 1765 1759 1808 invi-

314 1829 431 1869 tem?

523 1883 672 1934 Tgnxs'f',
687 1882 772 1920 ἁλλ’
786 1881 907 1928 ἐγω-91)
925 1880 1150 1934 κουξοτξᾶφος,
1179 1881 1249 1919 οῧτι
1262 1879 1368 1927 ’ἔγωγε

515 1932 583 1976 Ἠς
597 1935 692 1981 γαίης
711 1934 856 1984 δύναμαι
870 1931 1111 1986 Ύλυκεξῶτεξον
1129 1933 1220 1971 ἄλλο
1234 1931 1372 1972 ἰδέσθαι.

320 2004 434 2047 Haec
458 2003 606 2060 igitur.
668 2004 786 2045 Cura
806 2013 855 2044 ut
875 2002 1029 2044 valeas.

260 2089 310 2126 12
780 2076 1016 2119 CICERO
1046 2075 1276 2118 ATTICO
1310 2077 1354 2118 S.

324 2133 652 2187 8⁷NEGENT
675 2145 733 2186 illi
762 2144 967 2185 Publium
991 2144 1209 2200 plebeium
1240 2143 1405 2186 factum
1427 2160 1532 2186 esse.
1557 2145 1640 2188 hoe
1665 2160 1765 2188 vero

322 2216 506 2258 regnum
528 2211 608 2254 est,
629 2212 673 2244 et
694 2202 795 2243 ferri
818 2202 935 2244 nullo
959 2212 1086 2257 pacto
1111 2212 1268 2258 potest.
1308 2201 1495 2244 Emittat
1517 2203 1571 2244 ad
1593 2217 1661 2244 1116
1680 2205 1768 2245 Pu-

322 2259 451 2310 blius,
473 2262 512 2291 88
525 2260 600 2315 qui
630 2260 890 2316 obsignent3
914 2258 1090 2313 jurabo,
1125 2258 1308 2300 Cnaeum
1346 2270 1558 2311 nostrum,
1586 2262 1769 2304 8960116-

325 2331 426 2373 gam
450 2316 592 2368 Balbi,
614 2316 735 2359 Antii
760 2316 867 2357 mihi
888 2331 1094 2366 narrasse,
1117 2331 1161 2356 se
1184 2317 1228 2357 in
1250 2317 1445 2375 auspicio
1463 2317 1608 2359 fuisse.
1631 2334 1769 2362 osua-

327 2388 401 2416 ves
434 2374 639 2430 epistolas
672 2385 781 2425 11135,
806 2388 891 2414 uno
920 2384 1112 2430 tempore
1148 2373 1257 2415 mihi
1293 2374 1429 2426 datas,
1451 2375 1580 2417 duas!
1613 2377 1770 2431 quibus

331 2433 516 2479 εὐαγγέλια
544 2447 641 2486 quae
672 2432 863 2481 reddam,
898 2431 1069 2473 nescio:
1102 2431 1248 2472 deberi
1271 2431 1445 2487 quidem
1470 2432 1595 2489 plane
1619 2434 1771 2476 fateor.

287 2490 318 2520 b·
335 2487 406 2527 sed
431 2486 528 2527 vide
547 2490 761 2543 ο-υγκύξημκ.
813 2486 1078 2529 Emerseram
1102 2489 1330 2529 commode
1351 2504 1405 2529 ex
1428 2489 1598 2531 Antiati
1620 2490 1664 2532 in
1681 2491 1774 2549 Ap-

336 2543 451 2599 piam
473 2544 527 2584 ad
548 2543 644 2585 Tris
666 2544 901 2596 Tabernas,
925 2545 1029 2602 ipsis
1047 2544 1303 2598 Cerialibus,
1319 2561 1418 2588 eum
1442 2548 1485 2588 111
1507 2562 1577 2591 1116
1599 2548 1781 2592 incurrit
1826 2541 1828 2543 ’

375 2657 417 2689 86
451 2666 517 2687 non
544 2659 650 2688 solum
677 2658 825 2694 delicate,
853 2660 907 2689 secl
934 2661 1035 2690 etiam
1076 2660 1235 2700 temporis
1248 2659 1446 2700 scriptarum
1457 2661 1687 2701 epistolarum,
1701 2664 1779 2703 quia

332 2701 438 2739 inepte
458 2701 744 2740 peregrinantem]
779 2701 867 2731 Illud
897 2703 1037 2732 refertur
1078 2711 1146 2732 non
1159 2700 1201 2733 eo=
1213 2702 1326 2732 ordine
1342 2703 1470 2733 reddita
1483 2708 1545 2734 est.
1561 2715 1592 2734 v.
1606 2714 1657 2745 ep.
1672 2714 1739 2745 seq.

317 2742 375 2778 2ad
400 2742 492 2772 Antii
522 2741 667 2779 delicias,
691 2743 755 2773 hoc
781 2743 821 2774 ad
847 2744 1038 2783 spectacula
1121 2747 1160 2776 88
1182 2745 1237 2784 qui
1259 2745 1440 2785 obsignent]
1468 2747 1527 2776 int.
1544 2747 1776 2779 testimonium

333 2788 429 2814 extra
449 2784 576 2815 urbem.
600 2785 753 2825 ineptum
775 2790 825 2815 est
846 2786 926 2817 foris
948 2796 1037 2826 quae·
1080 2796 1205 2823 meum,
1221 2787 1307 2826 quod
1315 2788 1431 2827 jurato
1446 2788 1596 2819 firmabo.

335 2836 417 2861 rere,
432 2826 519 2865 quod
533 2826 622 2857 domi
638 2827 755 2857 melius
770 2827 900 2858 habeas.
1122 2832 1162 2863 89
1184 2831 1343 2868 collegam
1368 2829 1485 2870 Balbi]
1511 2830 1573 2860 int.
1599 2831 1636 2862 in
1662 2831 1775 2864 xxa-

379 2871 419 2902 87
444 2869 578 2907 Negent
597 2869 663 2908 illi]
690 2869 773 2900 Haec
786 2869 927 2910 epistola
940 2870 1033 2901 debe-
1079 2875 1155 2904 ratu
1169 2872 1239 2912 agri
1255 2872 1417 2914 Campani
1430 2872 1610 2905 dividundi.

338 2911 394 2941 bat
421 2916 501 2942 ante
538 2912 715 2952 septimam
742 2921 824 2951 esse,
852 2923 893 2944 ex
921 2913 1035 2945 ordine
