1940 3231
673 116 1019 173 PRAEFArto.
1487 123 1569 161 435

130 231 319 287 antiquis
352 229 461 272 nihil
493 231 775 283 correximus,
807 232 889 273 nisi
918 230 1030 273 forte
1064 229 1294 282 interdum,
1325 240 1371 271 ut
1406 230 1449 272 in
1476 231 1570 273 aliis

127 300 322 355 partibus
341 299 724 340 Ciceronianorum
747 299 970 352 librorum,
993 299 1224 341 manifesta
1244 299 1365 349 vitia,
1385 314 1482 354 quae
1505 315 1570 340 re·

126 367 262 423 linqui
288 368 330 408 in
350 376 488 418 textu,
511 366 716 422 injurium
740 368 796 408 sit
818 368 860 409 in
886 368 1108 409 Ciceronis
1129 367 1404 423 elegantiam.

187 435 334 476 Unum
355 443 500 486 restat,
516 434 569 476 de
591 449 676 490 quo
698 434 928 476 dicendum
947 436 1128 477 videtur.
1182 433 1232 474 [n
1257 434 1447 475 editione
1459 434 1565 492 :Ien-

127 504 306 546 soniana
323 503 557 559 reperimus
580 503 684 543 duas
705 503 908 559 epistolas
933 504 976 545 in
995 504 1096 556 fine,
1111 517 1215 559 quas
1239 502 1354 543 nulla
1376 503 1458 543 alia
1480 504 1571 544 edi-

127 572 191 614 tio
210 572 369 614 habet:
402 571 535 612 altera
558 570 782 612 Ciceronis
804 572 856 613 ad
880 570 1093 624 Atticum,
1117 571 1369 613 brevissima
1391 571 1475 622 illa,
1492 571 1570 612 du-

127 639 237 681 obus
259 648 461 681 constans
485 639 730 692 versiculi83
763 640 805 681 in
827 655 913 695 qua
937 640 1087 681 scribit
1107 639 1315 695 reperisse
1347 653 1391 680 se
1409 640 1569 695 episto-

124 708 210 749 lam
246 706 399 759 Attici,
433 707 506 749 ubi
538 722 623 749 non
659 708 892 764 quaesierit,
921 723 1101 764 eamque
1126 723 1169 749 se
1204 707 1482 764 cupidissime
1512 707 1570 748 le-

125 777 264 833 gisse:
294 775 426 817 altera
456 785 521 817 est
542 775 680 816 Attici
709 776 763 817 ad
784 776 1071 829 Ciceronem3
1101 791 1198 832 quae
1230 776 1363 817 habet
1391 790 1569 832 gravem

123 844 491 900 objurgationem,
515 846 573 885 ob
597 844 787 886 studium
818 844 910 900 ejus
943 846 986 887 in
1018 845 1211 887 ornando
1235 844 1408 886 Caesare
1433 843 1568 885 Octa-

123 913 269 963 viano,
293 912 474 953 similem
499 912 552 963 ei,
584 927 681 968 quae
704 921 769 954 est
801 913 845 953 in
878 913 1061 970 epistola
1091 919 1134 956 4.
1165 912 1290 954 Bruti
1314 912 1366 954 ad
1392 911 1570 953 Cicero-

122 995 238 1032 nem,
273 991 402 1036 atque
439 980 570 1021 etiam
605 981 886 1022 acerbiorem.
947 980 1030 1022 Eas
1065 981 1270 1037 epistolas
1304 980 1431 1021 omisi
1468 995 1568 1022 cum

123 1048 217 1090 aliis
239 1049 492 1090 editoribus.
524 1063 622 1089 nam
647 1049 786 1105 prima
808 1049 880 1090 illa
902 1064 988 1090 non
1011 1058 1077 1090 est
1094 1050 1230 1091 tanti:
1263 1047 1441 1089 alteram
1466 1062 1568 1089 vero

121 1131 210 1159 non
242 1118 395 1159 dubito
432 1117 620 1174 spuriam
647 1117 861 1172 judicare,
885 1117 949 1158 vel
979 1116 1063 1159 hoc
1086 1132 1172 1159 uno
1197 1125 1357 1167 motus,
1379 1116 1492 1171 quod
1524 1117 1568 1157 in

119 1200 172 1228 ea
193 1185 460 1228 Octavianus
483 1195 660 1226 vocatur
684 1184 922 1242 Augustus‚·
947 1186 1063 1242 quod
1086 1199 1244 1227 nomen
1267 1184 1336 1226 ille
1360 1183 1572 1225 Cicerone

120 1255 222 1297 vivo
243 1269 328 1296 non
350 1253 518 1305 habuit,
541 1261 589 1294 ut
617 1263 779 1294 norunt
799 1268 963 1296 omnes.
1023 1252 1090 1295 Ac
1113 1253 1295 1295 fortasse
1320 1252 1405 1294 hoc
1428 1253 1571 1309 ipsum

121 1323 241 1374 feeit,
265 1331 312 1364 ut
334 1323 412 1364 viri
444 1322 562 1364 docti
598 1337 692 1363 eam
723 1322 951 1378 epistolam
982 1322 1274 1379 repudiarent,
1308 1335 1388 1363 nec
1431 1322 1569 1378 repeti

119 1394 164 1433 et
203 1391 357 1433 ceteris
389 1390 582 1447 epistolis
615 1390 714 1432 addi
751 1390 952 1433 sinerent.
1022 1391 1115 1434 Ser.
1152 1389 1250 1433 Kal.
1287 1389 1398 1432 Dec.
1433 1404 1472 1430 a.
1514 1388 1569 1431 C.

126 1476 203 1504 cm
223 1475 333 1503 loce
352 1474 520 1502 mcxlv.

792 2924 894 2967 ΡΠ.)
