1940 3231
408 166 482 200 868
819 165 999 204 EPIST.
1026 164 1106 204 AD
1132 162 1418 209 ATTICUM,

404 276 507 322 peto
531 282 555 309 a
577 275 632 319 te,
655 275 701 309 ut
722 277 820 311 ante
843 270 1079 326 provideas,
1104 270 1311 326 planeque
1331 268 1550 325 expediaS,
1573 276 1616 310 et
1644 267 1830 310 solutum

406 324 633 380 relinquas.
657 327 727 367 sed
751 329 803 368 de
827 327 891 368 his
914 328 1040 379 satis,
1072 338 1315 383 metuoque,
1337 341 1391 368 ne
1422 336 1468 367 tu
1488 327 1669 367 nimium
1691 336 1829 381 putes.

405 394 521 422 nunc
542 384 848 439 negligentiam
874 399 1008 425 meam
1032 399 1260 440 cognosce.
1321 384 1388 425 De
1420 383 1570 424 Gloria
1600 384 1752 424 librum
1774 383 1828 423 ad

407 447 448 478 te
482 441 600 481 misi:
635 451 677 480 at
713 441 755 481 in
787 455 837 481 eo
875 442 1132 496 prooemium
1168 442 1210 482 id
1243 451 1322 492 est,
1343 441 1457 495 quod
1492 441 1534 480 in
1567 439 1829 482 Academico

406 497 548 536 tertio.
579 498 618 537 id
654 497 796 537 evenit
831 499 887 538 ob
926 512 1016 538 eam
1054 512 1156 548 rem,
1178 498 1291 553 quod
1331 498 1470 538 habeo
1495 497 1692 538 volumen
1731 510 1830 552 pro-

406 555 652 594 oemiorum.
674 568 725 593 ex
759 569 809 594 eo
832 554 988 609 eligere
1009 555 1138 604 soleo,
1160 570 1258 595 cum
1281 554 1451 609 aliquod
1474 558 1688 608 σὺγγςαμμα,
1710 553 1832 594 insti-

405 611 483 651 tui.
518 611 660 665 itaque
686 610 778 664 jam
821 612 862 652 in
901 611 1159 662 Tusculano,
1194 612 1266 666 qui
1302 626 1382 652 non
1425 611 1726 660 meminissem,
1763 624 1832 650 me

404 669 586 708 abusum
619 667 701 707 isto
740 668 970 724 prooemio,
1000 668 1167 723 conjeci
1208 669 1250 709 id
1289 668 1330 708 in
1369 683 1463 709 enm
1499 668 1668 718 librum,
1702 681 1830 722 quem

404 723 484 764 tibi
505 724 616 764 misi.
639 739 737 765 cum
762 735 904 765 autem
938 726 980 766 in
1013 727 1108 766 navi
1143 725 1325 780 legerem
1349 724 1645 775 Academicos,
1668 724 1827 780 agnovi

403 790 589 822 erratum
620 796 777 822 meum.
812 782 957 837 itaque
980 783 1125 823 statim
1152 797 1311 823 novum
1336 782 1595 837 prooemium
1629 780 1831 832 exaravi;

404 838 484 879 tibi
506 838 618 879 misi.
642 847 685 879 tu
711 839 811 879 illud
835 839 1067 890 desecabis‚
1090 839 1173 880 hoe
1200 839 1505 895 agglutinabis.
1566 837 1689 880 Piliae
1720 837 1831 879 salu-

405 904 489 936 tem
515 896 644 947 dices,
666 906 710 936 et
731 895 907 947 Atticae,
930 896 1093 938 deliciis
1116 906 1243 951 atque
1265 896 1482 937 amoribus
1504 894 1624 936 meis.

365 1001 392 1041 7
838 1000 1071 1043 CICERO
1102 999 1332 1042 ATTICO
1364 1001 1409 1042 S.

405 1057 664 1111 OCTAVO
704 1066 769 1110 Id.
804 1069 926 1111 Sext.
955 1084 1054 1111 cum
1096 1085 1121 1110 a
1164 1069 1430 1125 Leucopetra
1463 1067 1680 1124 profectus
1712 1068 1831 1122 (inde

403 1126 518 1166 enim
552 1127 863 1177 tramittebam)
896 1127 1031 1168 stadia
1062 1126 1233 1168 circiter
1268 1140 1354 1167 ccc
1390 1126 1703 1182 processissem,
1724 1126 1832 1181 reje-

404 1192 497 1224 ctus
531 1199 624 1225 sum
658 1194 801 1225 austro
835 1184 1075 1225 vehementi
1104 1184 1156 1225 ad
1190 1183 1368 1224 eandem
1403 1184 1730 1239 Leucopetram.
1769 1184 1830 1224 ibi

404 1254 501 1281 cum
527 1251 700 1282 ventum
723 1252 1016 1297 exspectarem
1039 1245 1148 1294 (erat
1168 1241 1282 1281 enim
1305 1240 1405 1281 villa
1428 1240 1585 1281 Valerii
1610 1240 1758 1291 nostri,
1780 1250 1830 1281 ut

269 1309 302 1344 p.
319 1296 670 1339 256.familiariter
691 1313 840 1348 essem,
864 1308 906 1339 et
929 1298 1127 1348 libenter)
1160 1297 1318 1355 Regini
1340 1298 1531 1353 quidam,
1550 1297 1730 1338 illustres
1752 1297 1830 1339 ho-

360 1355 389 1375 ³·
402 1355 554 1406 mines,
578 1370 628 1396 eo
659 1366 883 1406 venerunt,
907 1355 1047 1396 Roma
1078 1370 1177 1396 sane
1200 1364 1417 1406 recentes;
1456 1355 1499 1395 in
1521 1355 1572 1395 iis
1596 1355 1719 1395 Bruti
1750 1369 1829 1396 no-

401 1412 476 1452 stri
511 1412 680 1467 hospes,
713 1413 785 1468 qui
820 1413 1004 1453 Brutum
1042 1411 1225 1468 Neapoli
1258 1411 1511 1467 reliquisset.
1548 1412 1644 1453 haec
1679 1411 1829 1453 affere-

400 1468 519 1520 bant,
541 1470 729 1511 edictum
755 1469 879 1510 Bruti
900 1481 942 1510 et
966 1469 1130 1521 C⁴assii3
1165 1480 1208 1510 et
1231 1468 1321 1510 fore
1344 1470 1610 1524 frequentem
1633 1478 1828 1510 senatum

402 1524 632 1569 Kalendis:
665 1542 690 1567 a
712 1527 848 1567 Bruto
881 1537 924 1568 et
958 1527 1107 1568 Cassio
1129 1527 1290 1567 litteras
1322 1526 1471 1566 missas
1503 1527 1556 1568 ad
1585 1526 1828 1568 consulares

401 1592 444 1623 et
477 1585 716 1638 praetorios,
750 1594 798 1624 ut
829 1584 1037 1635 adessent,
1071 1598 1235 1639 rogare.
1267 1598 1477 1624 summam
1506 1598 1624 1640 spem
1657 1584 1829 1624 nuntia·

403 1639 532 1682 bant:
566 1641 670 1691 fore,
695 1650 740 1681 ut
761 1640 976 1682 Antonius
999 1641 1182 1692 cederet,
1204 1655 1269 1681 res
1294 1640 1557 1692 conveniret,
1580 1641 1712 1681 nostri
1737 1640 1828 1681 Ro-

402 1711 516 1738 mam
538 1699 737 1739 redirent.
768 1698 984 1740 addebant
1013 1698 1158 1747 etiam,
1182 1712 1249 1738 me
1272 1697 1514 1750 desiderari,
1542 1698 1830 1739 subaccusari.

399 1770 496 1809 quae
520 1770 617 1796 cum
651 1755 877 1807 audissem,
900 1757 989 1796 sine
1011 1755 1096 1796 ulla
1125 1755 1396 1795 dubitatione
1428 1754 1567 1809 abjeci
1600 1755 1827 1797 consilium

399 1812 695 1866 profectioniS,
713 1827 798 1866 quo
818 1813 1058 1854 mehercule
1079 1826 1132 1852 ne
1154 1820 1279 1853 antea
1300 1811 1472 1866 quidem
1493 1811 1749 1854 delectabar.
1770 1811 1831 1854 le-

398 1869 478 1909 ctis
504 1884 600 1911 vero
623 1870 706 1910 tuis
730 1870 896 1922 litteris,
919 1870 1150 1912 admiratus
1171 1869 1367 1924 equidem
1391 1883 1498 1920 sum,
1522 1878 1563 1910 te
1585 1878 1673 1910 tam
1699 1869 1828 1911 vehe-

396 1934 564 1967 menter
579 1927 832 1968 sententiam
848 1937 1158 1978 commutasse3
1182 1926 1269 1976 sed,
1284 1940 1367 1966 non
1384 1926 1475 1966 sine
1487 1941 1628 1978 causa,
1647 1926 1827 1968 arbitra-

399 1983 490 2024 bar.
515 1985 819 2039 etsi,qua1nvis
836 1999 923 2026 non.
941 1985 1070 2025 fueris
1093 1998 1238 2024 suasor
1256 1991 1298 2023 et
1321 1982 1525 2038 impulsor
1547 1983 1828 2038 profectionis

399 2054 522 2091 meae,
544 2041 805 2097 approbator
836 2053 950 2083 certe
983 2041 1117 2091 fuisti,
1139 2040 1372 2081 dummodo
1407 2040 1504 2081 Kal.
1537 2041 1638 2083 Jan.
1670 2040 1825 2084 Romae

399 2111 549 2138 essem.
584 2099 644 2139 ita
675 2098 820 2149 fiebat,
851 2109 912 2150 ut,
933 2100 1034 2140 dum
1067 2098 1206 2138 minus
1239 2096 1413 2153 periculi
1447 2098 1674 2150 videretur,
1703 2099 1826 2140 abes-

399 2169 502 2205 sem,
536 2155 576 2195 in
612 2156 827 2196 flammam
863 2157 998 2212 ipsam
1034 2155 1236 2195 venirem.
1285 2154 1357 2195 sed
1391 2154 1498 2205 haee,
1533 2155 1700 2196 etiamsi
1736 2171 1824 2198 non

399 2213 643 2267 prudenter,
666 2222 806 2253 tamen
829 2216 1007 2265 ἀνεμέσητα
1030 2221 1152 2263 sunt,
1187 2211 1383 2266 primum,
1405 2212 1521 2266 quod
1542 2212 1594 2252 de
1616 2227 1709 2253 mea
1731 2227 1826 2253 sen-

401 2269 534 2310 tentia
568 2280 663 2310 acta
698 2279 822 2321 sunt,
862 2269 1030 2320 deinde,
1052 2269 1219 2310 etiamsi
1256 2278 1297 2308 te
1328 2278 1516 2319 auctore,
1547 2269 1649 2324 quid
1681 2269 1824 2321 debet,

398 2326 472 2380 qui
511 2327 735 2368 consilium
759 2327 846 2377 dat,
878 2336 1079 2381 praestare
1111 2335 1265 2381 praeter
1298 2325 1452 2367 fidem?
1485 2325 1596 2367 Illud
1625 2326 1826 2368 admirari

399 2383 500 2423 satis
522 2399 605 2425 non
633 2383 770 2439 potui,
791 2383 905 2438 quod
928 2383 1132 2439 scripsisti
1163 2382 1227 2423 his
1252 2383 1414 2423 verbis:
1438 2385 1476 2417 57
1488 2383 1582 2424 veni
1601 2382 1742 2439 igitur.
1765 2391 1826 2435 tu,

399 2440 469 2494 qui
489 2445 698 2489 effluam-law
723 2441 828 2481 veni.
862 2438 1054 2497 relinquis
1079 2438 1293 2494 patriam?
1323 2439 1391 2480 An
1414 2454 1495 2496 ego
1516 2439 1825 2495 relinquebam,

400 2506 473 2536 aut
496 2497 573 2537 tibi
598 2508 689 2538 tum
722 2497 957 2552 relinquere
980 2498 1180 2538 videbar?
1212 2506 1256 2537 tu
1281 2496 1322 2536 id
1353 2511 1438 2537 non
1461 2497 1589 2538 modo
1616 2511 1700 2538 non
1725 2513 1825 2553 pro-

400 2551 592 2605 hibebas,
627 2569 770 2595 verum
809 2555 935 2594 etiam
971 2554 1254 2610 approbabas.
1288 2554 1484 2610 graviora
1515 2568 1611 2608 quae
1645 2564 1822 2597 restant.

403 2608 533 2650 Velim
554 2616 686 2663 σκόλιον
708 2610 876 2666 aliquod
905 2610 1036 2652 elimes
1056 2611 1112 2652 ad
1131 2625 1203 2662 me,
1237 2611 1452 2665 oportuisse
1472 2617 1511 2652 te
1542 2610 1642 2652 istuc
1660 2610 1822 2667 facere.

438 2758 477 2788 57
501 2757 584 2791 veni,
599 2760 648 2792 tu,
665 2757 719 2796 qui
738 2755 922 2792 εὗθωασία»,
937 2758 1021 2793 veni,
1037 2767 1088 2786 re·
1132 2756 1223 2786 Crat.
1236 2755 1307 2786 Asc.
1323 2755 1396 2786 Ald.
1411 2756 1578 2796 relinquis,
1591 2756 1677 2795 quod
1692 2757 1824 2797 praetuli

396 2798 514 2836 linquis
524 2799 670 2837 patriam
685 2800 715 2837 ἕ]
742 2799 823 2830 Edd.
840 2809 888 2838 pr.
903 2800 1024 2829 habent
1041 2799 1089 2828 be·
1132 2798 1266 2837 vulgato
1288 2799 1458 2837 relinques.
1474 2798 1529 2828 sed
1550 2799 1726 2829 secundum
1749 2801 1823 2830 veni

394 2848 447 2875 ne,
473 2840 558 2878 quod
582 2840 662 2870 bene
688 2852 705 2869 c
728 2841 792 2871 Ms.
814 2843 953 2871 correxit
975 2841 1086 2870 Victo.
1129 2845 1211 2880 puto
1236 2839 1421 2870 delendum.
1444 2849 1519 2870 nam
1543 2840 1709 2871 cohaerent
1730 2840 1820 2871 haec:

395 2881 474 2917 rius,
489 2883 541 2920 qui
557 2883 589 2911 in
606 2882 654 2912 ed.
670 2892 733 2913 sec.
748 2888 860 2913 tamen
875 2883 974 2913 habet
989 2884 1087 2912 relin-
1130 2886 1178 2918 tu,
1200 2883 1255 2921 qui
1272 2882 1445 2912 εὐθανασίαν
1469 2884 1625 2923 (mortem
1648 2882 1820 2914 honestam

394 2932 466 2961 que,
492 2931 529 2954 ut
557 2925 606 2955 ed.
631 2924 721 2955 JenS.
757 2925 837 2956 Edd.
854 2930 965 2956 autem
990 2925 1087 2956 Rom.
1130 2929 1304 2965 tantopere
1319 2924 1630 2965 laudas),relinqm·s
1639 2926 1801 2966 patriam.
