1940 3231
692 101 911 147 LIBER
952 99 1066 144 xm.
1519 102 1598 149 ‘785

157 213 330 257 eosdem
370 213 464 255 illos
501 225 715 254 sermones
746 211 799 251 ad
829 209 1044 251 'Catonem
1080 207 1350 262 Brutumque
1381 209 1595 251 transtuli.

155 275 258 314 ecce
281 283 364 313 tuae
388 271 542 312 litterae
563 269 616 311 de
633 269 838 309 Varrone.
862 267 1022 308 nemi-ni
1045 266 1137 306 visa
1158 274 1223 305 est
1243 265 1385 321 aptior
1404 268 1593 317 Ἀντιόχεια

158 331 284 370 ratio.
317 329 389 370 sed
429 337 570 368 tamen
602 325 727 365 velim
759 325 920 365 scribas
951 324 1003 365 ad
1035 337 1117 373 me,
1150 322 1336 378 primum
1368 321 1590 377 placeatne

160 387 240 427 tibi
274 385 433 441 aliquid
468 384 521 424 ad
557 382 701 432 illum;
732 381 900 432 deinde,
936 381 970 422 si
1011 379 1211 436 placebit,
1245 379 1384 420 hocne
1417 379 1592 433 potissi-

157 456 292 484 mum.
354 441 473 488 Quid
503 438 709 480 Servilia?
744 438 895 492 jamne
929 439 1072 479 venit?
1105 438 1262 477 Brutus
1291 435 1446 492 ecquid
1486 435 1592 490 agit,

156 499 407 556 ecquando?
438 497 505 538 De
529 495 700 536 Caesare
717 496 821 551 quid
844 495 1037 536 auditur?
1071 493 1165 549 Ego
1188 494 1240 534 ad
1266 494 1429 544 Nonas,
1443 507 1595 548 quem-

156 557 389 599 admodum
411 553 518 594 dixi.
577 551 644 593 Tu
666 567 765 593 cum
790 553 961 603 Pisone,
985 552 1018 592 si
1043 552 1146 606 quid
1169 551 1345 612 poteris.

162 693 164 695 ‚
589 642 824 684 CICERO
855 641 1083 683 ATTICO
1116 641 1159 682 S.
1611 642 1661 684 17

158 702 414 763 QUINTO
457 709 640 752 Kalend.
682 711 990 767 exspectabam
1034 709 1176 749 Roma
1218 708 1407 764 aliquid3
1456 708 1594 748 58non

155 785 243 826 quo
285 770 576 825 imperassem.
616 768 749 824 igitur
791 767 953 823 aliquid
1000 767 1100 808 tuis.
1154 781 1267 807 nunc
1306 766 1454 807 eadem
1496 766 1593 807 illa:
1630 791 1637 797 »

156 827 258 883 quid
284 826 444 867 Brutus
466 825 658 881 cogitet?
691 835 778 876 aut,
802 826 835 866 si
859 824 1019 880 aliquid
1042 824 1147 880 egit,
1169 824 1322 878 ecquid
1348 839 1372 864 a
1405 824 1593 864 Caesare.

154 885 229 925 sed
255 884 358 939 quid
392 884 487 934 ista,
509 898 606 938 quae
639 883 780 923 minus
814 886 946 924 curo?
977 881 1127 922 Attica
1163 892 1307 922 nostra
1338 881 1441 935 quid
1475 889 1593 935 agat,

154 942 264 982 scire
294 941 439 997 cupio.
470 941 550 980 etsi
582 950 667 981 tuae
698 940 853 981 littera-3
885 939 977 993 (sed
1002 939 1094 994 jam
1129 939 1255 979 nimis
1280 949 1441 978 veteres
1473 939 1592 988 sunt)

151 1009 268 1040 recte
290 1013 458 1055 sperare
473 997 648 1053 jubent.
670 1006 815 1039 tamen
837 1006 1044 1053 exspecto
1065 1010 1212 1036 recens
1236 995 1412 1051 aliquid.

589 1086 822 1129 CICERO
855 1085 1084 1128 ATTICO
1117 1085 1161 1126 S.
1608 1090 1659 1129 18

153 1140 369 1210 ἴἷῙΙΒΕΞ,
399 1155 699 1212 propinquitas
730 1155 834 1211 quid
866 1155 1037 1196 habeat.
1071 1169 1147 1195 nos
1181 1167 1280 1194 vero
1311 1148 1592 1194 conficiamus

150 1212 316 1264 hortos.
339 1214 526 1269 colloqui
547 1213 812 1265 videbamur,
835 1214 880 1254 in
900 1211 1144 1253 Tusculano
1167 1226 1265 1252 cum
1288 1225 1448 1262 essem3
1473 1219 1595 1250 tanta.

152 1280 246 1314 erat
274 1272 480 1313 crebritas
512 1270 765 1311 litterarum.
799 1271 871 1311 sed
903 1270 946 1310 id
969 1269 1143 1326 quidem
1168 1268 1261 1324 jam
1293 1270 1389 1309 erit.
1421 1282 1505 1323 ego
1529 1268 1595 1307 in-

150 1338 267 1369 terea
297 1328 521 1369 admonitu
553 1336 628 1369 tuo
661 1327 822 1383 perfeci
855 1342 955 1369 sane
985 1326 1208 1382 argutulos
1241 1327 1372 1367 libros
1403 1326 1454 1366 ad
1484 1324 1594 1365 Var-

148 1399 324 1427 ronem:
357 1385 430 1426 sed
454 1396 596 1426 tamen
619 1394 840 1441 exspecto,
864 1385 966 1440 quid
989 1385 1041 1425 ad
1065 1399 1128 1435 ea,
1151 1399 1247 1440 quae
1271 1383 1422 1440 scripsi
1446 1381 1498 1423 ad
1524 1390 1590 1424 te:

150 1443 356 1498 primum,
385 1443 461 1497 qui
495 1443 756 1484 intellexeris
789 1457 887 1483 eum
921 1441 1160 1482 desiderare
1192 1457 1217 1482 a
1250 1455 1332 1492 me,
1365 1455 1464 1482 cum
1500 1440 1591 1495 ipse

150 1499 284 1541 homo
302 1503 613 1555 πολυγραφώτατος
633 1514 868 1556 numquam
892 1514 960 1540 me
980 1498 1239 1540 lacessisset:
1269 1499 1437 1547 deinde,
1459 1511 1585 1552 quem
1601 1517 1634 1546 p.
1651 1508 1725 1542 209.

147 1559 357 1610 ζηλοτυπεῖν,
390 1557 472 1597 nisi
504 1556 615 1597 forte
648 1557 857 1599 Brutum:
889 1571 1017 1612 quem
1049 1557 1082 1597 si
1114 1571 1200 1597 non
1231 1559 1422 1608 ζηλοτυπεῖ,
1452 1555 1587 1596 multo
1599 1560 1630 1581 ἃ·

151 1612 438 1655 Hortensium
478 1613 634 1666 minus,
665 1623 740 1655 aut
775 1629 862 1665 eOS,
894 1614 967 1669 qui
999 1614 1052 1655 de
1086 1613 1308 1670 republica
1338 1612 1588 1667 loquuntur.

149 1670 276 1726 plane
299 1672 382 1713 hoc
404 1671 510 1712 mihi
532 1672 722 1727 explices
746 1672 898 1714 velim:
923 1672 964 1712 iu
989 1671 1153 1728 primis,
1177 1684 1406 1712 maneasne
1429 1670 1470 1710 iu
1495 1684 1590 1710 sen-

151 1729 302 1780 tentia,
335 1738 383 1770 ut
417 1730 586 1770 mittam
621 1729 674 1770 ad
707 1744 820 1783 euin,
842 1744 939 1786 quae
977 1728 1154 1786 scripsi3
1185 1743 1240 1770 an
1275 1727 1385 1769 nihil
1417 1741 1591 1769 necesse

149 1795 292 1843 putes,
315 1786 387 1828 sed
410 1786 506 1828 haec
528 1801 688 1828 coram.

582 1859 817 1902 CICERO
848 1857 1077 1901 ATTICO
1109 1859 1154 1900 S.
1603 1875 1657 1919 19

151 1914 548 1969 COMMODUM
580 1928 833 1970 discesserat
866 1927 1042 1969 Hilarus
1073 1926 1270 1968 librarius
1303 1938 1351 1968 lv
1386 1922 1485 1968 Kal.
1517 1927 1588 1968 cui
1636 1962 1641 1969 N

147 1983 348 2025 dederam
390 1985 551 2025 litteras
594 1986 646 2027 ad
684 1996 739 2037 te,
775 2001 875 2027 cum
912 1975 1040 2026 venit
1072 1984 1317 2026 tabellarius
1360 1998 1459 2025 cum
1502 1984 1587 2026 tuis

147 2040 302 2082 litteris
326 2042 461 2097 pridie
480 2042 616 2085 datis:
651 2043 692 2084 in
715 2044 871 2099 quibus
904 2043 1005 2084 illud
1039 2043 1145 2083 milii
1170 2041 1462 2099 gratissimum
1487 2040 1587 2094 fuit,

147 2097 264 2154 quod
287 2098 436 2141 Attica
455 2109 600 2141 nostra
619 2112 744 2157 rogat
761 2110 816 2153 te,
834 2115 886 2142 ne
909 2100 1041 2141 tristis
1061 2100 1132 2150 sis,
1146 2099 1348 2155 quodque
1368 2107 1411 2139 tu
1431 2100 1586 2140 ἀκίνδυνα

145 2169 238 2197 esse
279 2157 445 2198 scribis.
507 2157 796 2214 Ligarianam,
838 2167 887 2199 ut
926 2158 1065 2209 video,
1105 2156 1308 2213 praeclare
1349 2157 1583 2197 auctoritas

145 2222 220 2270 tua
251 2213 586 2256 commendavit.
617 2217 789 2272 scripsit
818 2217 932 2256 enim
964 2216 1018 2256 ad
1050 2229 1118 2255 me
1148 2214 1307 2255 Balbus
1329 2223 1373 2254 et
1396 2213 1583 2269 Oppius,

144 2271 329 2312 mirifice
361 2286 404 2312 se
438 2273 644 2327 probare3
665 2275 732 2328 ,ob
765 2287 944 2329 eamque
976 2287 1148 2314 causam
1172 2272 1223 2313 ad
1249 2271 1463 2312 Caesarein
1487 2285 1583 2312 eam

145 2342 190 2385 se
229 2329 543 2371 oratiunculam
582 2330 761 2372 misisse.
800 2330 884 2372 hoe
921 2330 1053 2386 igitur
1085 2329 1198 2370 idem
1234 2339 1279 2369 tu
1316 2328 1422 2368 mihi
1457 2338 1584 2369 antea

144 2386 388 2441 scripseras.
450 2386 502 2428 In
537 2386 727 2428 Varrone
765 2388 847 2428 ista
882 2403 1010 2429 causa
1047 2401 1116 2428 me
1157 2401 1244 2427 non
1286 2395 1491 2436 moveret,
1529 2399 1584 2428 ne

145 2443 311 2484 viderer
332 2446 532 2494 φιλένὸοξοςε
566 2445 694 2498 59(sic
715 2445 831 2486 enim
853 2445 1186 2494 constituebam,
1209 2443 1422 2484 neminem
1449 2442 1585 2484 inclu-

145 2498 246 2541 dere
277 2501 319 2541 in
350 2501 546 2557 dialogos
581 2517 744 2554 corum,
778 2503 850 2558 qui
891 2504 1129 2551 viverentz)
1167 2501 1255 2552 sed,
1293 2500 1395 2555 quia
1430 2500 1583 2541 scribis

143 2567 188 2597 et
209 2557 483 2599 desiderari-a
507 2560 714 2611 Varrone,
735 2570 778 2600 et
800 2560 946 2616 magni
981 2559 1098 2600 illum
1130 2558 1359 2609 aestimare,
1382 2572 1456 2598 eos
1478 2573 1583 2599 con-

145 2613 258 2657 feci:
290 2624 334 2656 et
371 2616 552 2670 absolvi,
586 2618 729 2659 nescio
763 2632 889 2673 quam
926 2618 1050 2668 bene,
1085 2615 1159 2656 sed
1193 2616 1254 2656 ita
1285 2623 1499 2666 accurate,
1533 2625 1582 2655 ut

188 2741 228 2770 52
251 2746 315 2769 non
332 2749 393 2779 quo
414 2741 638 2781 imperassem.
655 2743 764 2781 igitur
778 2742 841 2773 ali·
885 2742 940 2784 pio
955 2753 994 2773 ex
1007 2745 1055 2776 te.
1071 2750 1143 2781 quae
1157 2750 1243 2781 saepe
1258 2739 1406 2780 quzesivi.

143 2782 224 2822 quid
244 2781 323 2821 tuis]
354 2782 436 2812 Haec
462 2785 548 2814 varie
572 2786 741 2824 leguntur.
764 2791 843 2815 sunt
929 2787 970 2819 59
989 2785 1036 2825 sic
1051 2785 1138 2822 enim
1158 2782 1404 2821 constituebam]
1430 2781 1515 2812 Puto
1536 2780 1582 2813 lev

144 2825 275 2854 vitiosa.
308 2834 366 2854 nee
403 2825 552 2866 intelligo
588 2834 648 2858 aut
680 2827 843 2867 corrigere
886 2827 1030 2867 gendum
1045 2827 1290 2857 constitueram.

143 2875 289 2910 possum.
305 2875 394 2902 num·
406 2868 519 2898 eadem
533 2870 607 2907 illa,
623 2880 669 2901 sc.
682 2871 764 2900 seire
786 2879 843 2900 cu-

209 2922 320 2950 τοι.
346 2923 421 2950 111.
448 2923 490 2951 Ρ.
514 2924 571 2953 11.
847 2917 874 2952 3
900 2924 926 2952 Β
