1940 3231
691 131 905 171 LIBER
942 131 1013 169 IX.
1492 130 1568 170 667

140 237 305 287 vellem,
346 246 519 294 propter
556 236 756 293 epistolas
799 247 1099 287 sermonesque
1133 231 1288 283 Balbi3
1331 232 1402 273 sed
1441 231 1568 273 video

144 295 282 351 plane,
305 295 411 336 nihil
433 296 547 336 aliud
569 295 655 349 agi,
678 292 786 333 nihil
817 301 962 333 actum
994 291 1048 330 ab
1073 290 1211 339 initio,
1235 303 1362 343 quam
1387 300 1432 329 ut
1454 289 1569 330 hunc

139 354 368 394 occideret.
401 367 483 408 ego
516 351 660 407 igitur,
696 350 730 390 si
763 350 858 404 quis
891 348 1005 405 apud
1040 347 1297 397 Homerum,
1326 360 1422 388 cum
1458 346 1496 386 ei
1526 355 1570 386 et

144 419 280 450 mater
300 420 344 450 et
364 410 444 450 dea
463 409 657 457 dixisset,

351 476 482 513 Αὐτίκα,
497 474 566 526 γοίξ
584 491 633 510 τοι
650 472 762 511 ’ἔπειτα
779 472 1017 524 μεθ”Ἐκτ-οξκ
1038 471 1162 521 πότμος
1180 470 1316 519 ἕτοιμος,

146 545 271 585 matri
295 545 384 599 ipse
406 543 641 598 respondit,

349 610 481 646 Αὐτίκα
498 610 654 653 τεθναίην,
675 608 740 645 ἐπεὶ
759 609 815 645 οὐκ
833 606 886 660 0’0'3'
903 606 1037 657 ἔμελλον
1054 609 1167 659 ἕτοιίξᾳ

351 660 539 711 Κτεινομὲνῳ
559 662 745 710 ἐποιμῧιάιτ

145 729 263 786 quid,
287 730 318 770 si
354 745 438 771 uon
460 734 570 785 ἑταίρῳ
594 731 746 780 solum,
769 730 838 770 sed
872 729 1000 770 etiam
1023 730 1194 783 εὐεςγζτῃ.)
1228 728 1350 780 adde,
1373 727 1446 769 tali
1473 728 1579 779 viro,

146 787 272 828 talem
305 802 475 828 causam
508 789 680 843 agenti3
716 790 752 818 1²2
765 800 808 827 et
838 802 919 842 ego
945 801 1043 826 vero
1071 787 1162 826 liaec
1186 785 1330 826 officia
1351 785 1580 827 mercanda

147 846 235 885 vita
271 856 390 899 puto.
425 847 708 901 optimatibus
733 860 830 886 vero
870 845 952 884 tuis
991 842 1097 883 nibil
1129 843 1316 894 confido,
1348 842 1455 884 nihil
1484 843 1711 899 jamp.138.

146 916 200 942 ne
232 902 416 944 inservio
439 903 626 958 quidem.
652 903 791 952 viden,
816 912 861 942 ut
893 916 936 942 se
969 901 1067 940 huie
1098 899 1214 950 (lent,
1239 910 1285 941 ut
1315 902 1454 942 daturi
1479 902 1624 941 sint.a·

147 959 381 1014 quidquam
415 970 459 1000 tu
493 960 563 1000 illa
594 971 718 1016 putas
750 960 880 1000 fuisse
911 959 963 999 de
987 957 1219 997 valitudine
1241 958 1412 999 decreta
1440 957 1583 999 muni-

149 1017 362 1072 cipiorum
398 1032 482 1073 prae
517 1017 581 1058 his
612 1018 664 1058 de
696 1017 877 1058 victoria
907 1014 1297 1071 gratulationibus?
1329 1016 1497 1067 timent,
1520 1016 1586 1056 in-

148 1075 285 1130 quies,
317 1086 360 1115 at
393 1075 471 1129 ipsi
507 1084 596 1115 tum
628 1090 672 1116 se
704 1075 896 1115 timuisse
927 1074 1092 1113 dicunt.
1125 1071 1198 1112 sed
1225 1072 1459 1124 videamus,
1481 1072 1585 1128 quid

149 1141 293 1173 actum
319 1132 373 1172 sit
396 1132 629 1172 Brundisii.
652 1147 705 1172 ex
739 1146 789 1172 eo
817 1131 998 1171 sortasse
1023 1131 1059 1159 13
1076 1142 1168 1169 inea
1199 1129 1379 1171 consilia
1409 1144 1603 1171 nascen«

149 1200 234 1241 tur,
257 1189 436 1244 aliaeque
458 1190 629 1231 litterae.

584 1272 818 1314 crosno
848 1271 1077 1313 ATTICO
1110 1272 1154 1313 S.
1573 1238 1630 1322 '⁶5

156 1328 292 1383 NOS
315 1341 455 1383 adhuc
488 1342 720 1383 Brundisio
752 1341 874 1382 nihil.
938 1341 1079 1382 Roma
1111 1342 1282 1398 scripsit
1313 1341 1489 1393 Balbus,
1511 1356 1592 1398 pu-

155 1409 245 1439 tare
269 1399 363 1454 jam
403 1400 628 1440 Loutulurn
667 1399 883 1440 consulem
922 1399 1220 1450 transmisisse,
1244 1414 1323 1440 nec
1346 1415 1442 1441 eum
1466 1414 1490 1439 a
1514 1399 1591 1439 rni-

153 1470 258 1496 nore
292 1456 427 1496 ssaibc.
463 1467 749 1508 couventuui3
781 1457 894 1511 quod
931 1457 965 1496 is
999 1456 1082 1497 hoc
1108 1459 1200 1511 jain
1238 1457 1415 1498 Canusii
1450 1457 1593 1497 audis-

157 1524 245 1555 set:
279 1514 376 1554 inde
399 1516 450 1554 ad
475 1529 519 1554 se
541 1528 639 1554 euni
662 1515 904 1570 scripsisse:
928 1513 1213 1569 cohortesque
1236 1529 1325 1565 sex,
1347 1529 1444 1569 quae
1467 1512 1594 1556 Albae

157 1570 354 1620 fuissent,
378 1571 428 1611 ad
456 1570 632 1612 Curium
660 1572 728 1611 via
752 1571 951 1611 Minucia
980 1571 1202 1613 transisse:
1236 1572 1276 1612 id
1302 1571 1518 1613 Caesarem
1541 1571 1595 1613 ad

158 1642 201 1668 se
224 1629 457 1684 scripsisse,
480 1638 523 1668 et
548 1628 664 1669 brevi
698 1638 891 1684 tempore
913 1642 1010 1668 eum
1034 1629 1085 1669 ad
1111 1630 1257 1669 urbem
1283 1628 1489 1670 futurum.
1511 1643 1595 1684 ego

155 1696 252 1726 utar
276 1695 349 1726 tuo
373 1686 580 1738 consilio;
606 1700 743 1741 neque
767 1700 834 1726 me
856 1685 1070 1741 Arpinum
1093 1685 1176 1727 hoc
1202 1696 1394 1742 tempore
1416 1687 1594 1728 abdam:

157 1744 254 1793 etsi,
287 1743 487 1784 Ciceroni
522 1759 616 1784 meo
648 1753 796 1799 togam
831 1758 977 1799 puram
1009 1758 1107 1784 cum
1130 1744 1230 1784 dare
1251 1743 1405 1800 Arpini
1431 1744 1596 1795 vellem,

157 1800 271 1841 hanc
293 1815 408 1842 cram
432 1801 568 1857 ipsam
596 1802 923 1842 excusationem
946 1800 1168 1842 relicturus
1192 1802 1244 1842 ad
1269 1800 1501 1842 Caesarem.
1525 1802 1597 1842 sed

156 1857 339 1901 fortasse
371 1859 414 1899 in
445 1873 496 1899 eo
530 1859 623 1914 ipso
655 1857 911 1908 offendetur,
935 1872 1010 1898 cur
1042 1873 1126 1898 non
1165 1858 1315 1899 Romae
1344 1859 1500 1914 potius
1525 1859 1597 1900 sed

159 1923 319 1967 tamen,
343 1916 376 1956 si
410 1925 475 1956 est
506 1916 842 1966 conveniendus,
878 1916 947 1956 hic
983 1917 1269 1970 potissimum.
1308 1925 1400 1957 tum
1437 1916 1600 1971 reliqua

161 1973 418 2023 videbimus,
449 1974 493 2014 id
524 1985 603 2024 est,
632 1984 674 2014 et
705 1988 805 2028 quo,
837 1982 880 2014 et
910 1987 1008 2028 qua,
1040 1983 1082 2013 et
1111 1974 1299 2028 quando.
1363 1973 1600 2023 Domitius,

163 2039 212 2070 ut
242 2031 385 2080 audio,
417 2031 460 2070 in
494 2030 681 2081 Cosano,
713 2042 756 2071 et
777 2031 968 2086 quidem,
992 2038 1038 2070 ut
1069 2031 1205 2081 aiunt,
1239 2042 1409 2086 paratus
1441 2031 1495 2072 ad
1526 2045 1600 2071 na-

160 2087 424 2142 vigandum:
458 2088 491 2128 si
526 2089 569 2128 in
605 2087 878 2144 Hispaniam,
913 2102 998 2128 non
1039 2091 1205 2143 probo:
1239 2089 1271 2128 si
1312 2089 1365 2129 ad
1402 2087 1600 2137 Cnaeum,

160 2145 314 2186 laudo:
364 2145 516 2200 quovis
559 2146 702 2200 potius
749 2156 879 2196 certe,
921 2160 1049 2200 quam
1093 2155 1140 2185 ut
1185 2144 1386 2186 Curtium
1431 2146 1601 2195 videatt,

164 2217 292 2258 quein
325 2217 407 2258 ego
442 2212 644 2258 patronus
675 2203 866 2258 aspicere
892 2218 976 2243 non
1010 2217 1198 2258 possum>
1222 2203 1325 2258 quid
1348 2202 1480 2245 alios?
1513 2202 1601 2253 sed,

165 2261 335 2315 opinor,
358 2260 653 2314 quiescamus3
687 2275 738 2301 ne
772 2273 960 2301 nostram
990 2261 1162 2316 culpam
1192 2274 1492 2316 coarguamuS,
1513 2261 1604 2316 qui,

165 2318 269 2358 dum
307 2318 469 2368 urbem,
507 2318 550 2358 id
583 2327 647 2358 est
681 2318 877 2374 patriam,
917 2331 1124 2368 amamus,
1158 2317 1346 2373 dumque
1380 2333 1468 2360 rem
1501 2332 1604 2358 con-

165 2385 391 2415 venturam
418 2385 631 2429 putamus,
656 2376 715 2415 ita
738 2390 814 2415 nos
837 2375 1061 2431 gessianS,
1079 2384 1124 2415 ut
1147 2375 1271 2430 plane
1294 2375 1513 2416 interclusi
1535 2389 1606 2416 ca-

162 2433 315 2488 ptique
337 2433 483 2473 simus.
546 2432 822 2489 Scriptajain
847 2432 1043 2488 epistola,
1069 2431 1222 2488 Capua
1244 2432 1398 2474 litterae
1423 2441 1523 2473 sunt
1546 2432 1605 2473 al-

169 2489 384 2537 lataehhoc
419 2491 635 2545 exemplo.
699 2489 932 2545 Pompeius
956 2503 1070 2530 mare
1094 2489 1263 2530 transiit
1285 2504 1382 2531 cum
1406 2490 1609 2531 omnibus

170 2546 395 2599 militibus,
420 2562 527 2602 quos
559 2561 703 2588 secum
737 2547 904 2588 habuit.
925 2547 1010 2587 ·hic
1048 2561 1248 2588 numerus
1285 2557 1350 2588 est
1384 2548 1610 2589 hominum
1659 2560 1677 2565 ‘⁷

217 2680 255 2709 1⁶2
277 2683 307 2709 et
322 2689 380 2717 ego
395 2678 483 2718 vero]
512 2679 589 2709 Post
612 2679 794 2717 longiorem
812 2689 867 2718 pa·
912 2688 961 2718 pr.
978 2678 1011 2708 in
1028 2689 1092 2718 quo
1109 2676 1206 2708 multi
1224 2678 1359 2716 haesere,
1376 2686 1409 2709 et
1425 2678 1513 2708 varia
1535 2681 1610 2707 ten-

171 2720 354 2757 renthesin,
375 2723 480 2752 nectit
501 2723 670 2760 sequentia
693 2722 788 2752 initio
811 2731 869 2759 ego
913 2726 1034 2752 tave're.
1065 2731 1142 2751 sane
1171 2730 1238 2751 non
1267 2721 1359 2752 valde
1389 2721 1496 2760 placet
1526 2729 1610 2750 mea.

171 2763 289 2800 igitur.
334 2764 396 2793 Sed
418 2768 449 2794 et
471 2774 581 2793 verum
612 2774 678 2794 non
707 2769 798 2804 puto.
826 2773 870 2794 an
913 2763 1042 2804 Graevio
1066 2764 1214 2804 placebat
1236 2768 1498 2803 cerem-sequeus
1520 2762 1610 2792 alioe·

173 2809 285 2834 ortum
302 2816 318 2834 e
332 2807 387 2835 sed
399 2807 415 2835 ?
439 2806 525 2845 quod
540 2807 573 2836 in
589 2806 650 2836 hac
664 2806 771 2837 forma
792 2806 870 2846 poni
913 2816 974 2846 que
987 2807 1100 2842 ῖὶίενα»,
1114 2816 1158 2837 se.
1173 2806 1212 2836 ad
1227 2811 1272 2841 te,
1289 2806 1417 2836 videtur
1430 2804 1610 2846 postulare,

174 2846 271 2882 solet,
288 2857 346 2886 pro
361 2849 507 2887 inquam.
915 2848 991 2886 alia,
1010 2858 1105 2885 nova,
1126 2855 1187 2889 aut·
1198 2847 1303 2878 simile
1320 2847 1407 2886 quid.
1605 2848 1608 2849 ⁷

211 2891 248 2920 13
266 2899 338 2920 mea
353 2891 485 2921 consilia
501 2890 691 2930 nascentur]
712 2899 783 2921 mea
795 2889 870 2921 edd.
