1940 3231
688 126 903 164 LIBER
946 120 978 165 Ϊ.
1479 133 1555 168 905

124 245 266 282 causa,
288 237 402 272 certe
434 231 612 287 pigritia
641 230 738 281 fuit,
767 238 812 271 et
838 231 1037 285 quaedam
1068 228 1238 271 infinita
1269 230 1330 271 vis
1361 229 1558 273 lacrima-

125 303 219 330 rum
243 297 286 329 et
306 288 516 329 dolorum.
578 287 690 329 Haec
718 288 811 343 ipsa
840 302 908 328 me
931 302 1016 343 quo
1039 287 1142 328 fletu
1165 297 1289 343 putas
1311 288 1557 344 scripsisse?

125 346 292 396 eodem,
315 360 400 400 quo
423 355 464 387 te
486 346 626 401 legere
648 354 765 386 certo
789 345 893 386 scio.
954 344 1023 386 An
1054 359 1136 401 ego
1170 359 1342 400 possum
1374 355 1448 386 aut
1470 361 1557 388 non

125 403 318 458 cogitare
340 402 569 457 aliquando
599 402 651 442 de
682 412 739 454 te,
761 411 834 442 aut
867 417 1068 458 umquam
1101 403 1190 442 sine
1221 401 1559 458 lacrimiscogi-

129 461 245 500 tare?
269 459 380 500 Cum
402 460 515 500 enim
538 469 579 499 te
601 459 809 510 desidero,
833 459 1005 501 fratrem
1029 459 1167 500 solum
1189 459 1406 502 desidero?
1431 459 1558 515 2Ego

125 530 227 557 vero
265 517 474 558 suavitate
512 516 700 567 fratrem,
741 531 873 572 prope
909 516 1132 572 aequalem,
1165 517 1380 571 obsequio·
1408 516 1560 567 filium,

129 572 310 614 consilio
343 583 576 628 parentem.
638 574 755 620 Quid
786 574 892 614 mihi
926 575 1017 615 sine
1049 583 1091 614 te
1124 589 1342 630 umquam,
1373 583 1446 615 aut
1478 575 1560 615 tibi

128 630 221 671 sine
243 644 310 670 me
330 631 573 684 jucundum
607 630 711 673 fuit?
769 631 902 681 Quid,
925 632 1040 686 quod
1062 632 1212 672 eodem
1237 642 1429 687 tempore
1450 631 1562 672 desi-

128 687 231 728 dero
254 687 414 729 filiam?
449 703 533 743 qua
563 689 736 752 pietate,
758 703 842 752 qua
872 689 1097 739 modesti‘u
1120 703 1205 743 quo
1236 689 1440 745 ingenio?
1470 689 1564 730 effi-

130 744 245 799 giem
282 744 381 795 oris,
416 760 637 794 sermonis,
670 746 800 786 animi
838 746 948 787 mei?
993 745 1110 793 Quid
1145 722 1310 786 fillumD
1317 746 1564 787 venustissi-

129 815 266 853 mum,
288 802 480 857 mihique
514 803 836 845 dulcissimum?
868 817 993 858 quem
1027 818 1109 859 ego
1140 802 1253 844 ferus
1286 818 1335 844 ac
1358 803 1518 844 ferreus
1539 819 1564 844 e

129 858 361 914 complexu
385 859 528 901 dimisi
550 875 662 924 meo,
685 863 703 890 3
719 860 1020 915 sapientiorem
1044 875 1221 916 puerum
1245 876 1373 915 quam
1396 860 1564 902 vellem.

131 917 344 958 sentiebat
366 918 479 958 enim
503 918 630 958 miser
645 918 754 972 jam,
777 918 880 972 quid
904 928 1115 974 ageretur.
1178 918 1295 964 Quid
1321 933 1418 959 vero
1441 927 1564 959 tuum

129 973 295 1016 filium?
318 975 486 1029 4quid
479 976 710 1031 imaginem
743 984 875 1026 tuam,
897 990 1025 1038 quam
1057 990 1176 1016 meus
1209 975 1364 1017 Cicero
1386 985 1429 1016 et
1450 990 1569 1016 arna-

131 1030 223 1081 bat,
257 1040 304 1071 ut
337 1032 396 1071 ἕω
389 1042 526 1083 ιυιθιιι,
559 1043 602 1073 et
634 1032 743 1088 jam,
778 1043 824 1072 ut
855 1047 911 1072 m
901 1048 1061 1088 1J01em
1096 1033 1285 1084 fratrem,
1315 1034 1567 1074 verebatur?

135 1063 282 1136 Quid?
306 1090 419 1144 quod
444 1089 662 1130 mulierem
688 1089 982 1141 miserrimam,
1005 1090 1294 1131 fidelissimam
1319 1105 1570 1146 conJugem,

133 1159 203 1186 me
236 1149 434 1209 prosequi
468 1162 552 1188 non
585 1162 676 1188 sum
711 1162 872 1202 passus,
896 1157 941 1188 ut
964 1157 1074 1188 esset
1096 1162 1192 1202 quae
1222 1148 1420 1202 reliquias
1451 1163 1570 1188 com-

133 1217 276 1244 lnunis
299 1203 569 1255 calamitatis,
592 1219 842 1245 communes
866 1205 1021 1245 liberos
1045 1207 1261 1247 tueretur?
1293 1206 1376 1247 Sed
1410 1214 1570 1256 tamen,

135 1275 311 1316 quoquo
343 1262 471 1303 modo
502 1263 641 1318 potui,
673 1261 839 1317 scripsi,
866 1273 909 1302 et
939 1263 1036 1303 dedi
1069 1263 1232 1303 litteras
1263 1263 1313 1303 ad
1349 1272 1390 1304 te
1423 1262 1571 1303 Philo-

136 1332 269 1373 gonO,
292 1318 445 1359 liberto
472 1329 561 1370 tuo,
582 1334 686 1374 quas
709 1319 836 1360 credo
870 1320 947 1360 tibi
982 1331 1131 1375 postea
1162 1320 1348 1361 redditas
1378 1334 1493 1362 esse:
1526 1321 1570 1361 in

137 1375 295 1430 quibus
318 1376 430 1417 idem
455 1386 497 1418 te
521 1378 668 1418 hortor
690 1386 732 1416 et
755 1391 876 1432 rogo,
898 1378 1010 1431 quod
1047 1378 1165 1433 pueri
1200 1378 1277 1418 tibi
1302 1378 1442 1419 verbis
1465 1379 1570 1419 meis
1583 1392 1615 1423 Ρ·
1631 1383 1707 1414 304·

135 1433 405 1481 nuntiarunt,
429 1444 476 1475 ut
501 1434 612 1475 Rom
618 1449 684 1475 am
718 1435 912 1489 protinus
946 1449 1097 1491 pergas
1127 1444 1170 1475 et
1201 1449 1417 1491 piwopCIC-S.
1479 1435 1614 1476 Pri-¹

137 1505 258 1531 mum
295 1491 408 1531 enim
446 1500 487 1532 te
527 1492 727 1547 p1ae2idio
761 1506 852 1532 esse
884 1493 1016 1543 volui,
1050 1493 1083 1532 si
1114 1493 1185 1547 qui
1220 1503 1362 1533 essent
1393 1493 1575 1544 inimici,

139 1562 323 1602 quorum
355 1549 583 1590 eludelitas
616 1549 808 1589 nondum
839 1560 950 1589 esset
973 1559 1118 1590 nostra
1139 1549 1384 1592 calamitate
1407 1551 1575 1592 satiata.

142 1605 313 1647 Deinde
335 1620 588 1661 congressus
612 1607 747 1646 nostri
770 1606 1122 1648 lamentationem
1154 1608 1380 1663 pertimui:
1413 1608 1577 1664 digres-

140 1678 235 1704 sum
258 1677 359 1703 vero
382 1678 468 1704 non
492 1663 707 1705 tulissem:
739 1673 868 1718 atque
889 1664 1019 1704 etiam
1043 1664 1244 1720 idipsum,
1268 1665 1381 1719 quod
1408 1675 1450 1706 tu
1475 1667 1578 1707 scri-

142 1721 224 1772 bis,
245 1723 506 1772 metuebam,
530 1736 582 1762 ne
606 1737 630 1762 a
652 1736 719 1762 me
740 1721 920 1762 distrahi
943 1737 1028 1762 non
1053 1737 1213 1778 posses.
1259 1722 1341 1763 His
1365 1723 1417 1764 de
1439 1725 1579 1764 causis

139 1777 225 1818 hoc
257 1779 494 1819 maximum
533 1778 844 1833 malu1n‚quod
879 1788 920 1819 te
953 1794 1039 1820 non
1063 1780 1167 1828 xidi,
1190 1795 1276 1834 quo
1300 1780 1407 1821 nihil
1434 1796 1582 1822 aman-

142 1834 320 1876 tissimis
353 1845 396 1876 et
427 1836 794 1891 conjunctissimis
832 1835 1034 1877 fratiibus
1068 1838 1264 1878 acerbius
1296 1853 1346 1879 ac
1385 1838 1581 1880 miserius

144 1893 316 1934 videtur
338 1894 531 1934 accidere
566 1894 772 1949 potuisse,
795 1893 935 1935 minus
969 1895 1186 1945 acerbum,
1212 1895 1350 1936 minus
1379 1896 1581 1937 miserum

144 1949 244 2000 fuit,
267 1965 395 2006 quam
428 1951 579 1992 fuisset
599 1966 697 1992 cum
730 1951 993 2006 congressio,
1018 1962 1108 1992 tum
1134 1967 1232 1993 vero
1264 1953 1472 2008 digressio
1504 1968 1583 1994 no-

145 2016 247 2049 stra.
309 2008 452 2059 Nunc,
476 2009 509 2048 si
544 2018 681 2065 potes,
704 2008 747 2049 id
770 2009 884 2063 quod
913 2023 1009 2065 ego,
1033 2010 1106 2064 qui
1143 2009 1266 2051 fortis
1301 2011 1379 2051 tibi
1416 2025 1584 2066 semper

144 2065 336 2116 videbar,
361 2080 447 2107 nou
471 2081 660 2122 possum,
679 2067 796 2121 erige
820 2074 875 2116 te,
897 2077 940 2107 et
961 2067 1185 2117 confirma,
1203 2067 1338 2122 siqua
1359 2068 1587 2110 subeunda

148 2122 371 2164 dimicatio
393 2124 488 2164 erit.
550 2124 700 2180 Spero,
724 2126 757 2165 si
781 2124 883 2179 quid
915 2139 1008 2166 mea
1030 2139 1125 2181 spes
1148 2124 1280 2166 habet
1301 2126 1586 2178 auctoritatis,

144 2274 230 2302 sam,
246 2269 286 2295 ut
307 2265 457 2305 quaedam
480 2265 551 2296 aliae
574 2269 712 2296 veteres.
759 2265 845 2296 Gru·
889 2266 1063 2297 suetudine
1078 2266 1274 2298 discriminis
1288 2268 1385 2299 facit:
1411 2277 1478 2299 non
1500 2268 1589 2299 mul-

148 2313 239 2337 tetus
255 2315 342 2337 recte.
358 2307 488 2338 volebat
503 2308 614 2339 deleri.
889 2312 926 2338 to
955 2313 1029 2349 post
1057 2314 1108 2340 est
1142 2309 1181 2340 de
1218 2311 1431 2341 Ciceronibas
1435 2312 1587 2383 Opueris·

193 2352 212 2381 2
236 2350 312 2388 Ego
326 2360 399 2380 vero
412 2352 576 2380 suavitate
591 2348 758 2389 propefr.
770 2359 847 2390 pro·
891 2361 980 2381 meus
1008 2351 1116 2382 Cicero
1137 2356 1169 2382 et
1189 2354 1326 2383 amabat
1352 2353 1464 2392 (sc.o
1435 2377 1476 2393 a.
1501 2353 1586 2394 Cic.)

143 2401 188 2432 pe
210 2393 380 2433 oeqmtlem]
409 2393 481 2423 Hoc
503 2397 591 2422 certe
607 2394 760 2422 vitiosam
784 2396 847 2429 est,
890 2392 1106 2433 utfintrem,
1129 2394 1254 2435 etjam
1275 2400 1314 2427 uc
1337 2394 1594 2436 megs-memfra·

148 2440 189 2464 ut
216 2445 329 2465 omncs
355 2440 552 2474 agnoscunt,
576 2435 631 2464 sed
660 2436 746 2465 varie
775 2443 849 2465 ten·
893 2441 977 2466 trem
991 2437 1177 2466 verebatur.

149 2480 236 2507 tant.
254 2477 339 2508 male
355 2476 651 2516 quidamfratrem
674 2477 798 2513 delent,
811 2482 851 2507 ut
936 2481 954 2508 3
977 2479 1075 2517 sapie
1067 2480 1205 2509 ztz'orem
1223 2488 1380 2518 puerum,
1402 2490 1503 2520 quum
1526 2483 1592 2511 zel-

150 2519 334 2550 Manutius.
350 2522 435 2550 Sunt
449 2520 524 2555 tria,
530 2518 660 2558 frater,
664 2520 777 2558 filius,
786 2529 849 2558 p‘z-
894 2520 971 2559 lem]
1001 2521 1183 2560 Sapientio
1174 2531 1254 2558 ”ein,
1280 2523 1357 2560 quia
1385 2523 1595 2563 intelligebat

154 2566 225 2592 ter.-
248 2568 279 2592 et
304 2563 439 2593 verbum
469 2562 580 2591 fratris
606 2562 702 2592 debet
731 2562 850 2592 habere
893 2563 979 2603 plu‚s
1004 2573 1102 2602 quam
1126 2573 1217 2602 puer.
1239 2574 1340 2603 quam
1365 2549 1514 2602 vellem?
1518 2566 1596 2604 quia

155 2603 348 2643 adjunctum
376 2605 538 2635 substant
531 2615 555 2634 ι
555 2615 632 2640 ’1,ιιιι
666 2610 704 2634 ut
733 2610 852 2635 σείει-,τι
900 2605 1044 2636 malebat
1066 2610 1171 2645 pater,
1188 2606 1295 2636 filium
1319 2617 1386 2638 non
1409 2607 1596 2646 intelligere

155 2652 292 2687 putem:
324 2657 382 2685 ego
408 2657 482 2677 vero
509 2649 672 2677 sumitate
688 2645 855 2686 frabent,
898 2647 1160 2686 magnitudinem
1178 2648 1269 2686 mali,
1283 2657 1321 2679 ut
1334 2650 1444 2680 minus
1460 2650 1597 2682 doleret.

157 2689 706 2728 obs.filiu21‚eonsiliopwentem
729 2689 780 2719 vel
801 2700 856 2729 po·
940 2693 961 2720 4
983 2691 1063 2729 quid
1077 2691 1259 2729 imaginem
1275 2692 1397 2732 meam]
1415 2693 1468 2722 Sic
1483 2701 1598 2722 omnes

156 2733 237 2766 tius,
256 2738 292 2760 ut
307 2731 404 2768 edidi,
421 2733 745 2773 suatitcttefmtrem
755 2741 858 2771 prope
900 2731 987 2762 libri.
1004 2737 1039 2763 at
1053 2743 1114 2772 ego
1138 2743 1203 2762 non
1220 2733 1365 2765 dubitavi
1381 2733 1475 2764 edere
1490 2738 1598 2771 tuam,

157 2775 315 2813 oequalem
331 2775 390 2804 διο.
405 2774 439 2803 in
456 2774 635 2823 aequalibus
657 2775 759 2810 enim,
777 2784 857 2813 quo-
898 2779 938 2805 ut
955 2774 1109 2805 Manutio
1125 2780 1160 2805 et
1176 2775 1338 2806 Lambino
1361 2776 1498 2816 placuit.
1521 2785 1601 2808 nam

158 2825 233 2845 rum
269 2816 506 2846 consuetudine
540 2817 680 2853 utimur,
714 2817 857 2846 suavitas
902 2826 951 2847 res
966 2817 1035 2856 ipsa
1047 2817 1093 2847 sic
1108 2817 1217 2855 jubet.
1234 2819 1269 2847 in
1291 2818 1459 2848 blanditiis
1481 2823 1545 2855 est,
1561 2818 1604 2850 li-

157 2857 317 2896 quaeritur
341 2859 500 2888 maxime:
522 2863 559 2889 et
581 2860 615 2889 in
638 2859 792 2889 fratribus
816 2868 859 2888 ae-
901 2859 995 2890 beros
1011 2860 1203 2901 parentibus
1218 2860 1405 2892 simillimos
1420 2860 1539 2895 dicere.

158 2901 237 2931 tatis
254 2900 430 2932 discrimen
453 2900 577 2941 aliquid
599 2901 700 2933 etiam
724 2901 758 2932 in
781 2909 860 2932 con-
