1940 3231
727 125 945 166 LIBER
987 125 1082 164 XII.
1560 135 1642 175 765

177 245 235 274 ne
267 231 351 274 illae
385 231 439 274 ad
472 245 543 274 me
569 232 759 274 veniant.
782 241 827 273 et
859 246 946 272 una
973 239 1039 272 est
1061 230 1232 282 vitatio,
1255 232 1358 273 22ut
1381 247 1463 290 ego
1487 236 1640 279 nolim.

179 291 255 332 sed
276 305 453 332 necesse
475 299 555 332 est.
591 300 633 332 te
670 290 753 331 hoc
782 303 898 330 nunc
929 304 1053 345 rogo,
1083 297 1132 329 ut
1167 289 1383 346 explor,es
1417 293 1471 333 ad
1508 309 1641 349 quam

179 348 295 389 diem
324 348 396 389 hic
430 349 490 389 ita
514 348 674 404 possim
707 361 814 398 esse,
839 357 887 387 ut
921 361 974 387 ne
997 347 1235 403 opprimar.
1259 362 1376 403 ages,
1399 358 1446 389 ut
1471 353 1641 404 scribis,

177 415 434 463 temperate.
484 405 685 447 Ciceroni
710 404 840 445 velim
860 405 944 446 hoc
970 418 1202 461 pioponas,
1226 406 1288 446 ita
1313 416 1475 458 tamen,
1500 408 1533 448 si
1559 409 1640 450 tibi

177 478 269 505 non
303 464 500 529 iniquum
537 462 770 514 videbitur,
794 473 842 503 ut
879 473 1045 504 sumtus
1083 462 1214 519 hujus
1252 464 1639 520 peregrinationis,

180 522 356 577 quibus,
379 523 413 562 si
438 521 593 562 Romae
616 529 743 572 esset,
766 520 1033 577 domumque
1055 522 1334 574 conduceret,
1357 522 1475 578 quod
1499 522 1643 565 facere

179 580 422 636 cogitabat,
457 577 584 619 facile
618 588 850 620 contentus
879 578 1050 620 futurus
1073 588 1180 630 erat,
1202 581 1242 611 23
1258 580 1564 622 accommodet
1586 582 1642 623 ad

177 637 398 688 mercedes
421 635 606 692 Argileti
632 647 676 678 et
707 636 944 680 Aventini:
976 647 1020 678 et
1042 652 1143 679 cum
1165 636 1204 678 ei
1229 638 1522 703 proposueris,
1547 639 1643 696 ipse

180 696 309 739 velim
343 693 509 749 reliqua
541 695 778 749 moderere,
811 695 1181 760 quemadmodum
1204 709 1259 736 ex
1284 711 1335 737 us
1366 697 1642 739 mercedibus

180 752 508 808 suppeditemus
547 754 602 805 ei,
636 753 754 810 quod
788 769 898 810 opus
933 753 1002 795 sit.
1038 754 1272 810 praestabo,
1298 769 1378 795 nec
1416 754 1644 808 Bibulum,

180 824 263 851 nec
284 808 539 862 Acidinum,
574 826 653 852 nec
688 810 941 862 Messalam,
964 827 1072 868 quos
1095 811 1282 853 Athenis
1306 812 1477 853 futuros
1496 813 1644 866 audio,

179 867 369 933 majores
402 878 568 910 sumtus
591 869 798 921 factums,
822 884 952 925 quam
975 870 1092 925 quod
1113 884 1168 911 ex
1191 870 1251 910 eis
1274 870 1548 911 1ne1eedibus
1577 886 1645 913 re-

181 926 385 982 cipietur.
410 927 557 983 itaque
581 927 708 969 velim
733 928 843 969 vide·
833 943 892 979 ts,
913 928 1117 984 primum,
1139 928 1429 969 conductores
1446 929 1520 984 qui
1541 928 1643 980 sint,

181 994 226 1025 et
249 984 430 1040 quanti;
462 986 633 1037 deinde,
655 996 705 1026 ut
728 987 798 1037 sit,
827 988 900 1050 qui
925 986 978 1027 ad
1006 986 1121 1026 diem
1146 985 1310 1038 solvat3
1342 996 1400 1037 et,
1423 987 1529 1042 quid
1551 987 1644 1029 via-

179 1042 273 1094 tici,
296 1042 400 1098 quid
425 1044 700 1085 instrumenti
724 1045 826 1085 satis
852 1045 921 1085 sit.
949 1044 1154 1099 jumento
1175 1054 1293 1085 certe
1299 1019 1501 1085 Atlienis
1533 1045 1644 1087 nihil

183 1115 293 1156 opus
316 1111 396 1142 est.
420 1102 577 1157 quibus
598 1112 743 1142 autem
762 1103 805 1143 in
826 1102 897 1143 via
916 1112 1077 1152 utatur,
1097 1101 1216 1143 domi
1237 1113 1337 1143 sunt
1356 1101 1493 1159 plura,
1511 1117 1643 1160 quam

185 1173 297 1215 opus
320 1169 437 1202 erat:
470 1160 587 1215 quod
611 1160 742 1201 etiam
766 1168 812 1200 tu
837 1160 1161 1201 animadvertis.

622 1250 860 1293 CICERO
891 1250 1124 1293 ATTICO
1157 1252 1201 1293 S.
1657 1247 1712 1284 33

186 1305 347 1370 EGO,
370 1327 420 1359 ut
451 1318 542 1360 he1i
565 1320 618 1361 ad
653 1330 695 1362 te
726 1320 893 1377 scripsi,
917 1321 949 1362 si
985 1330 1028 1361 et
1052 1321 1183 1362 Silius
1215 1320 1250 1361 is
1273 1320 1419 1372 fuerit,
1442 1336 1571 1377 quem
1597 1321 1689 1364 tub·

186 1387 330 1432 putas,
354 1392 433 1419 nec
459 1377 626 1419 Drusus
647 1378 817 1420 facilem
843 1393 886 1419 56
906 1379 1157 1435 praebuerit,
1177 1378 1234 1420 D
1223 1379 1495 1444 amasippum
1516 1381 1646 1422 velim

186 1449 275 1492 agg
249 1436 456 1476 aredi-am.
482 1435 531 1487 is,
554 1437 726 1492 opinor,
750 1437 811 1477 ita
846 1447 988 1493 partes
1013 1436 1149 1478 fecit
1142 1452 1183 1477 in
1209 1437 1302 1493 ripa
1324 1438 1471 1478 nescio
1494 1448 1649 1493 quote-

186 1507 343 1534 norum
360 1493 584 1550 juger,um
606 1504 651 1535 ut
671 1505 788 1536 certa
807 1494 946 1551 pretia
962 1495 1271 1536 constitueret·
1263 1510 1395 1559 ,quae
1417 1495 1523 1536 mihi
1544 1506 1651 1538 nota.

186 1565 276 1592 non
301 1561 414 1603 sunt,
440 1553 600 1593 scribes
623 1552 676 1593 ad
700 1568 768 1593 me
791 1553 940 1609 igitur,
963 1553 1174 1608 quidquid
1199 1568 1355 1610 egeris.
1403 1553 1650 1596 Vehemen-

188 1617 254 1650 ter
283 1624 354 1651 me
387 1609 593 1650 sollicitat
624 1609 788 1652 Atticae
807 1585 983 1653 Onostrae
1008 1610 1227 1653 valitudo:
1264 1621 1309 1651 ut
1332 1625 1479 1652 verear
1499 1613 1648 1677 etiam,

189 1681 245 1708 ne
268 1682 355 1722 qua
376 1667 505 1724 culpa
527 1668 596 1708 sit.
620 1669 691 1709 sed
721 1679 763 1709 et
800 1669 1033 1734 pae(l{¹g0gi
1065 1669 1276 1725 probitas,
1296 1678 1339 1710 et
1362 1670 1519 1710 medici
1543 1670 1651 1712 assi-

190 1724 348 1791 duitas,
372 1735 416 1766 et
439 1735 532 1766 tota
553 1727 739 1767 domus
730 1741 773 1767 in
797 1728 917 1768 omni
940 1742 1098 1783 genere
1121 1727 1325 1783 diligens,
1346 1742 1415 1768 me
1438 1742 1583 1770 rursus
1605 1728 1651 1771 id

190 1784 400 1840 suspicari
425 1793 557 1826 v.etat
581 1799 685 1826 cura
708 1785 857 1841 igitur.
886 1785 1010 1841 plura
1031 1785 1149 1826 enim
1173 1799 1260 1827 non
1283 1800 1476 1842 possum.

626 1873 865 1917 CICERO
897 1875 1129 1917 ATTICO
1163 1875 1207 1916 S.
1663 1879 1722 1918 341

194 1932 341 1986 EGO
362 1944 437 1987 hic
470 1945 536 1987 ve]
571 1945 662 1987 sine
697 1945 798 1987 Sica
829 1944 999 1999 (Tironi
1023 1945 1139 1986 enim
1163 1943 1316 1985 melius
1338 1948 1419 1997 est)
1446 1944 1654 1987 facillime

193 2017 366 2060 possem
396 2018 503 2054 esse,
526 2013 576 2045 ut
598 2005 641 2045 in
665 2004 817 2045 malis.
852 2003 940 2055 sed,
963 2018 1062 2045 cum
1084 2003 1262 2054 scribas,
1287 2003 1519 2044 videndum
1545 2003 1655 2044 mihi

192 2075 301 2112 esse,
324 2076 377 2109 ne
400 2061 647 2118 opprimar3
679 2076 733 2102 ex
755 2076 842 2117 quo
866 2061 1123 2118 intelligam,
1148 2069 1189 2101 te
1211 2071 1378 2102 certum
1401 2061 1516 2102 diem
1540 2061 1655 2103 illius

194 2119 482 2176 profectionis
516 2134 602 2161 non
631 2120 817 2162 haberte
850 2121 1001 2176 putavi
1025 2134 1117 2160 esse
1136 2119 1425 2170 commodius,
1449 2133 1518 2159 me
1542 2119 1657 2160 istuc

195 2178 370 2229 venire·
402 2178 520 2233 quod
554 2178 670 2220 idem
704 2177 830 2218 video
867 2178 947 2219 tibi
979 2177 1163 2234 placere
1198 2192 1291 2218 cras
1315 2177 1451 2233 igitur
1473 2177 1515 2217 in
1541 2177 1656 2220 Sicae

195 2236 472 2278 suburbano:
506 2236 621 2287 inde,
645 2236 1012 2292 quemadmodum
1043 2236 1210 2286 suades,
1234 2212 1358 2300 putoD
1366 2250 1434 2276 me
1457 2235 1500 2275 in
1528 2235 1658 2277 Ficu-

194 2293 303 2335 lensi
328 2293 434 2336 fore.
458 2295 616 2351 quibus
645 2295 698 2336 de
721 2294 848 2335 lebus
883 2294 935 2335 ad
971 2308 1040 2334 me
1075 2293 1301 2350 scripsisti,
1332 2293 1539 2349 quoniam
1564 2293 1660 2349 ipse

194 2351 342 2403 venio,
365 2367 512 2394 coram
535 2353 795 2394 videbimus.
819 2361 938 2393 tuam
962 2351 1138 2407 quidem
1161 2360 1205 2392 et
1227 2366 1269 2392 ln
1294 2351 1473 2408 agendis
1498 2352 1658 2393 nostris

194 2410 339 2460 rebus,
360 2420 405 2452 et
428 2411 471 2451 in
495 2411 687 2452 consiliis
712 2410 911 2451 ineundis
933 2409 1130 2466 mihique
1151 2385 1354 2461 dandis,C>
1344 2424 1387 2450 ln
1414 2409 1518 2465 ipsis
1541 2409 1659 2450 litte-

194 2468 268 2515 ris,
289 2484 396 2524 quas
419 2470 573 2522 mittis,
598 2468 949 2520 benivolentiam,
970 2467 1259 2525 diligentiam,
1279 2467 1556 2525 prudentiam
1575 2467 1659 2509 mi-

198 2526 319 2568 rifice
341 2527 494 2584 diligo.

635 2584 872 2627 CICERO
905 2582 1138 2626 ATTICO
1171 2583 1216 2625 S.
1669 2592 1724 2630 35

197 2642 291 2696 TU
315 2663 475 2706 tamen,
498 2654 532 2696 si
567 2654 672 2710 quid
706 2669 806 2696 cum
842 2653 964 2705 Silio,
988 2653 1056 2694 vel
1078 2653 1151 2694 illo
1174 2652 1270 2710 ipso
1292 2651 1379 2704 die,
1401 2667 1488 2708 quo
1511 2653 1565 2695 ad
1589 2653 1659 2694 Si-

199 2727 298 2757 cam
333 2724 539 2755 venturus
578 2727 667 2765 ero,
697 2713 927 2754 certiorem
960 2726 1030 2753 me.
1054 2711 1182 2753 velim
1213 2710 1364 2763 facias,
1386 2721 1430 2752 et
1452 2711 1659 2762 maxime,

244 2847 286 2877 22
322 2848 361 2875 ut
386 2854 445 2883 ego
471 2845 588 2885 nolim]
627 2845 740 2885 Vulgo
775 2846 909 2882 nollem,
952 2843 1011 2885 A.]
1038 2844 1092 2875 Ita
1117 2843 1321 2882 moderetur,
1337 2846 1377 2873 ut
1396 2842 1521 2873 reditus
1538 2852 1556 2872 e
1571 2841 1661 2872 loca-

201 2889 310 2929 male:
332 2887 413 2917 vidit
421 2888 493 2927 jam
510 2887 675 2919 Corradus
692 2898 767 2918 cum
784 2889 868 2919 aliis.
953 2888 1102 2918 tionibus
1138 2887 1283 2929 Argileti
1313 2891 1348 2918 et
1377 2885 1537 2918 Aventini
1571 2885 1663 2916 suffi-

206 2934 208 2936 ’
245 2933 286 2968 23
306 2931 527 2962 accommodet
553 2931 601 2962 ad
627 2932 789 2962 mercedes
816 2931 856 2963 A.
880 2935 913 2962 et
955 2930 1059 2963 ciant.
