1940 3231
318 126 396 159 458
737 116 915 155 EPIST.
944 116 1022 154 AD
1048 115 1331 159 ATTICUM,

323 226 476 266 bei-ent
497 223 698 264 adversus
717 220 1042 278 rempublicam.
1069 221 1208 262 Lurco
1232 229 1373 262 autem
1399 219 1592 262 tribunus
1609 220 1761 277 plebis,

324 285 365 316 95
379 283 451 337 qui
476 280 774 335 magistratum
809 278 934 320 simul
967 294 1065 320 cum
1099 278 1193 334 lege
1228 277 1342 319 AEiia
1371 277 1482 328 iniit,
1512 277 1673 319 solutus
1695 288 1761 319 est

326 350 371 380 et
403 338 532 389 AElia,
563 348 605 377 et
640 336 777 381 Fufia.
799 346 847 377 ut
883 337 1022 392 legem
1056 336 1108 377 de
1138 336 1302 376 ambitu
1346 333 1499 386 serret3
1531 350 1659 391 quam
1692 335 1762 376 ille

326 396 368 430 96
380 397 496 437 bono
520 394 714 450 auspicio
733 393 907 434 claudus
931 395 1060 434 homo
1084 392 1388 448 promulgavit.
1421 393 1481 432 ita
1509 393 1687 434 comitia
1716 392 1761 433 in

329 465 428 494 ante
447 454 561 494 diem
582 466 646 492 v1.
672 450 770 492 Kal.
795 450 916 491 Sext.
944 449 1077 491 dilata
1100 459 1212 491 sunt.
1235 449 1335 490 novi
1371 460 1435 489 est
1469 450 1508 490 in
1541 449 1634 506 lege
1662 449 1762 500 hoc,

329 522 392 562 ut,
414 513 453 544 97
468 510 540 564 qui
565 523 717 549 numos
748 508 790 547 in
817 508 952 548 tribus
986 506 1295 563 pronunciarit,
1317 506 1350 547 si
1375 521 1461 546 non
1483 507 1662 558 dederit,
1684 507 1763 547 im-

364 582 444 608 une
477 567 557 616 sit;
590 566 654 605 sin
688 565 867 615 dederit,
901 575 962 615 ut,
993 564 1132 620 quoad
1170 564 1300 613 vivat,
1342 563 1521 618 singulis
1563 564 1760 606 tribubus

384 624 432 664 -S
469 638 545 664 cio
583 636 659 663 cm
698 635 775 662 cm
811 621 979 663 debeat.
1042 620 1170 670 Dixi,
1194 620 1304 661 lianc
1326 619 1463 673 legem
1490 622 1540 661 P.
1561 621 1764 663 Clodium

328 683 422 738 jam
455 691 554 722 ante
589 693 798 720 servasse:
833 678 1110 734 pronuntiare
1145 677 1258 718 enim
1290 676 1464 718 solitum
1485 693 1591 730 esse,
1613 689 1655 719 et
1680 692 1765 718 non

291 740 449 782 b.da1·e.
512 737 594 777 Sed
630 737 733 777 heus
767 738 837 778 tu!
878 737 1065 785 videsne,
1099 734 1368 775 consulatum
1404 734 1521 775 illum
1557 746 1766 785 nostrum,

334 811 463 852 quem
498 795 631 836 Curio
668 803 794 834 antea
817 797 996 832 ‹2505ssan
1033 792 1232 842 vocabat,
1265 792 1351 832 93si
1386 790 1457 833 hic
1493 792 1633 834 factus
1671 792 1767 841 erit,

331 858 374 889 99
390 853 533 894 fabam
571 852 702 892 imum
741 850 960 889 futurum?
992 861 1136 902 quare,
1167 858 1214 888 ut
1243 848 1412 903 opinor,
1444 851 1685 899 φιλοσοφητέον,
1724 848 1768 890 id

334 911 450 966 quod
475 919 518 950 tu
544 908 664 957 facis,
685 915 729 946 et
753 907 857 946 istos
879 904 1124 945 consulatus
1153 906 1307 944 ¹00non
1330 905 1456 947 flocci
1478 909 1590 948 ἐοιτὲον.
1638 906 1769 952 Quod

335 969 389 1009 ad
413 981 480 1007 me
501 966 666 1013 scribis,
689 975 731 1004 te
754 962 795 1003 in
815 961 965 1003 Asiam
991 961 1189 1002 statuisse
1212 975 1295 1001 non
1327 961 1412 1012 ire;
1443 963 1642 1018 equidem
1665 962 1769 1003 mal-

333 1025 434 1074 lem,
457 1034 505 1064 ut
527 1024 634 1063 ires:
667 1035 716 1062 ac
740 1034 901 1069 vereor,
924 1033 976 1059 ne
1000 1019 1103 1074 quid
1139 1019 1181 1058 in
1212 1018 1293 1058 ista
1315 1033 1358 1058 re
1382 1019 1521 1060 minus
1543 1021 1770 1061 commode

335 1083 426 1123 fiat.
450 1080 520 1121 sed
544 1089 686 1120 tamen
712 1092 797 1118 non
833 1091 1004 1132 possum
1040 1075 1347 1131 reprehendere
1379 1075 1607 1118 consilium
1631 1087 1767 1128 tuum,

335 1137 577 1195 praesertim
609 1149 706 1176 cum
740 1143 914 1190 egomet
948 1133 993 1174 in
1027 1133 1293 1189 provinciam
1327 1147 1413 1173 nou
1433 1133 1513 1174 sim
1537 1134 1770 1189 profectus.

339 1193 675 1252 Epigrammatis
699 1192 798 1242 tuis,
819 1205 918 1246 quae
941 1191 983 1231 in
1003 1189 1234 1231 Amaltheo
1259 1190 1453 1246 posuisti,
1472 1193 1664 1232 contenti
1689 1192 1771 1232 eri-

336 1269 448 1303 mus,
479 1251 717 1308 praesertim
749 1262 847 1289 cum
883 1257 926 1288 et
959 1247 1126 1289 Chilius
1164 1262 1240 1289 nos
1272 1247 1503 1301 reliquerit,
1525 1258 1569 1288 et
1590 1247 1771 1290 Archias

337 1311 445 1352 nihil
475 1310 527 1350 de
559 1322 628 1348 me
664 1305 904 1362 scripserit;
935 1319 988 1346 ac
1022 1319 1181 1356 vereor,
1209 1308 1217 1335 ¹
1242 1319 1309 1355 ne,
1346 1303 1533 1346 Lucullis
1565 1306 1771 1360 quoniam

338 1430 413 1465 post
442 1434 544 1454 unum
567 1427 623 1453 aut
651 1422 800 1460 primum
827 1430 894 1450 non
918 1420 1038 1451 diserte
1080 1429 1336 1449 commemorare
1353 1419 1466 1450 taedet.
1505 1418 1619 1450 Lectio
1632 1419 1705 1450 edd.
1722 1430 1774 1460 pr.

337 1474 386 1498 est
403 1468 545 1496 alterum
562 1465 611 1494 vel
626 1464 816 1493 secundum.
898 1487 900 1489 μ

379 1512 419 1543 95
443 1509 497 1548 qui
514 1508 751 1545 magistratum
771 1504 1030 1547 simul—-Fufia]

340 1552 414 1582 Hoc
437 1552 489 1580 vix
504 1549 646 1587 intelligi
662 1553 788 1588 potest:
814 1557 874 1578 nec
888 1548 1032 1577 incorru-

338 1600 433 1633 ptum
449 1598 541 1632 puto.
585 1589 793 1627 Tunstauus,
807 1591 861 1629 qui
875 1590 906 1620 id
921 1591 1036 1627 sensit,

337 1646 372 1676 p.
398 1639 452 1669 70.
470 1634 624 1675 conjecit,
648 1633 703 1672 qui
723 1634 953 1670 magistratu-r,
969 1633 989 1662 i.
1006 1643 1036 1662 e.

337 1678 542 1713 tribunum,
571 1675 658 1715 quod
677 1675 728 1705 lex
749 1673 838 1705 AEiia
851 1675 899 1705 ita
914 1674 1034 1705 confir-

340 1724 462 1750 masset
487 1717 768 1754 intercessionem,
784 1722 824 1747 ut
845 1722 916 1747 tuin
931 1717 1036 1747 tribu-

340 1767 439 1792 natus
454 1762 611 1801 incepisse
632 1760 806 1790 videretur.
850 1759 912 1789 Sed
929 1760 1036 1797 magi-

339 1809 465 1834 stratus
487 1804 562 1834 iniit
579 1802 642 1832 dici
657 1802 702 1831 sic
718 1811 784 1831 non
801 1806 920 1841 potest.
965 1801 1037 1840 Ego

339 1847 450 1877 Iocum
466 1846 511 1876 sic
526 1844 754 1884 corrigendum
771 1849 850 1883 puto
865 1856 870 1873 :
894 1845 949 1883 qui
965 1853 1036 1874 ma-

338 1890 521 1928 gistratum
541 1888 643 1917 simul
671 1887 743 1926 (pro
770 1886 923 1926 simulac)
949 1886 1036 1922 iniit,

340 1933 464 1961 solutus
478 1934 524 1960 est
538 1932 608 1968 Iege
620 1928 722 1960 AElia
737 1932 767 1959 et
787 1928 896 1970 Fegfia.
941 1928 1036 1959 Solu-

340 1979 394 2004 tus
409 1978 520 2003 autem
536 1978 587 2002 est
600 1976 732 2001 senatus
748 1971 912 2001 consulto.

384 2015 425 2050 96
449 2017 525 2045 hono
547 2015 690 2053 auspicio
713 2013 851 2043 claudus
867 2012 972 2052 lwmo]
1000 2012 1038 2043 In

343 2058 406 2088 hoe
429 2063 480 2087 est
488 2058 584 2096 jocus
600 2057 786 2086 Ciceronis:
808 2055 933 2086 malum
951 2055 1038 2085 enim

342 2099 525 2139 auspicium
552 2103 636 2136 erat,
662 2098 749 2138 quod
773 2097 880 2137 legem
905 2097 1040 2128 claudus

343 2143 457 2173 ferret.

384 2187 425 2218 97
448 2185 504 2223 qui
518 2193 632 2214 numos
645 2184 680 2213 in
693 2183 782 2213 tribu
790 2180 1037 2222 pronunciarit]

344 2226 388 2258 In
415 2228 503 2257 tribu
525 2226 680 2256 vitiosum
703 2228 771 2255 est:
796 2233 872 2254 nam
896 2224 930 2254 in
953 2224 1042 2254 tribu

338 2270 562 2310 pronunciare
575 2277 643 2298 non
658 2267 789 2298 dicitur.
821 2265 917 2296 Edidi
932 2267 967 2295 z'n
983 2267 1043 2295 tri-

345 2312 423 2342 bus:
452 2311 537 2350 quod
561 2315 595 2341 et
619 2310 828 2349 sequentibus
854 2308 1039 2338 consentit:

343 2354 484 2392 singulis
503 2354 650 2384 tribubus
675 2353 733 2382 διε.
779 2352 831 2381 Sic
845 2359 914 2380 esse
931 2349 1041 2389 legen-

346 2395 425 2426 dum
441 2398 608 2435 conjecere
624 2394 788 2427 Corradus
803 2397 837 2423 et
858 2392 925 2422 alii.
947 2398 982 2423 at
995 2393 1040 2422 sic

345 2442 395 2468 est
412 2438 446 2467 in
461 2438 532 2468 edd.
547 2438 638 2468 Jens.
655 2438 786 2468 Ascens.
822 2435 882 2466 Est
897 2436 986 2465 tribu
1000 2445 1039 2464 ex

343 2479 394 2510 ed.
424 2479 522 2510 Rom.
548 2480 635 2510 unde
659 2478 780 2510 Aldina
801 2477 930 2508 videtur
949 2486 1039 2507 surn-

343 2522 434 2552 sisse.
466 2522 506 2552 In
521 2522 572 2552 ed.
588 2522 685 2552 Rom.
701 2525 751 2550 est
765 2530 842 2551 mox
856 2520 1040 2556 tribulibus,

345 2563 420 2595 inde
435 2566 470 2595 in
485 2565 633 2603 margine
649 2563 699 2594 ed.
724 2563 816 2594 Crat.
839 2567 873 2592 et
895 2563 1043 2592 sestertia

344 2607 414 2637 sine
432 2617 568 2637 numero
584 2609 681 2636 3000.

388 2652 429 2683 98
451 2650 478 2679 si
493 2648 583 2688 hies.
599 2649 642 2688 e.]
667 2648 744 2678 Auli
760 2648 860 2684 filius,
876 2646 1042 2677 Afranius.

345 2690 447 2722 homo
468 2691 713 2731 indignissimus
730 2690 917 2726 consulatu,
934 2694 970 2719 ut
986 2699 1042 2728 pa·

345 2737 397 2763 tet
412 2744 449 2764 ex
464 2743 539 2773 epp.
555 2733 681 2764 ultimis
695 2733 792 2772 hujus
808 2732 893 2762 libri.

387 2780 429 2810 99
453 2777 578 2817 fabam
602 2777 707 2806 imum
723 2773 902 2815 [τηατ-απτ]
935 2772 1038 2803 Valde

347 2819 490 2849 exercuit
510 2818 564 2849 hic
583 2818 673 2848 locus
687 2818 773 2848 viros
793 2817 928 2853 doctos,
953 2815 1039 2845 unde

346 2860 444 2891 variae
471 2865 557 2893 orta
581 2859 792 2902 conjecturor,
820 2868 899 2899 quas
923 2867 1039 2889 omnes

1077 1468 1126 1492 est
1129 1460 1254 1500 fabam
1269 1471 1426 1492 numum:
1442 1461 1608 1492 Victorius
1623 1461 1711 1492 dedit
1709 1461 1774 1501 fa-

1077 1505 1152 1534 bam
1167 1505 1317 1540 mimum,
1331 1503 1477 1542 efabam
1489 1504 1676 1540 minimum,
1689 1504 1776 1544 quod

1078 1547 1111 1576 in
1140 1547 1219 1578 Mss.
1249 1546 1393 1585 antiquis
1422 1546 1574 1576 omnibus
1607 1551 1773 1587 repertum

1079 1588 1193 1626 tradit,
1209 1598 1269 1618 nec
1283 1593 1395 1619 tamen
1410 1589 1440 1618 ei
1457 1587 1590 1619 lectioni
1606 1589 1685 1619 satis
1697 1598 1775 1619 con-

1079 1630 1163 1662 fidit.
1208 1631 1242 1662 Si
1261 1640 1401 1661 numum
1415 1637 1465 1660 est
1478 1641 1497 1660 a
1513 1630 1683 1668 Cicerone,
1699 1641 1774 1661 sen-

1079 1682 1132 1703 sus
1157 1677 1228 1704 est:
1256 1673 1319 1703 crit
1343 1682 1464 1703 nornen
1489 1674 1599 1710 inane,
1616 1678 1655 1704 ut
1677 1674 1775 1710 fabae,

1079 1725 1154 1746 cum
1170 1725 1229 1756 pro
1245 1724 1347 1745 numo
1362 1720 1425 1752 est,
1440 1720 1480 1745 ut
1493 1715 1578 1755 apud
1591 1725 1720 1756 pueros,
1736 1720 1776 1746 ut

1080 1757 1114 1788 in
1137 1767 1246 1789 scena.
1297 1757 1428 1788 Horatii
1456 1757 1547 1788 locus
1577 1763 1676 1788 notus
1704 1762 1773 1788 est:

1079 1800 1159 1839 quid
1172 1800 1290 1830 distent
1305 1809 1372 1830 oera
1386 1801 1517 1839 lupinis,
1533 1801 1553 1830 i.
1567 1811 1596 1831 e.
1608 1809 1702 1830 verus
1716 1810 1778 1830 nu-

1078 1851 1151 1872 mus
1173 1852 1192 1872 a
1207 1842 1333 1883 lupino,
1349 1842 1404 1881 qui
1420 1852 1479 1882 pro
1495 1852 1596 1872 numo
1610 1850 1671 1873 est.
1690 1842 1776 1873 idem

1079 1890 1190 1915 autem
1213 1885 1407 1923 intelligunt
1423 1884 1457 1914 in
1469 1883 1595 1923 fabam
1616 1886 1774 1915 mimum.-

1079 1926 1134 1956 sed
1149 1927 1182 1956 id
1197 1934 1245 1957 est
1263 1926 1386 1963 durius,
1403 1936 1595 1965 quocunque
1613 1926 1709 1957 modo
1722 1938 1777 1957 ex-

1083 1967 1236 2009 plicetur.
1281 1969 1314 1999 Si
1340 1969 1498 2007 conjicere
1520 1969 1660 2009 placeat,
1676 1969 1776 1999 corri-

1083 2020 1158 2050 gam
1173 2010 1300 2050 fabam
1319 2020 1514 2051 puerorum,
1548 2011 1597 2041 vel
1618 2013 1777 2051 pueram,

1083 2052 1169 2092 quod
1197 2060 1231 2083 et
1258 2054 1345 2083 inter
1371 2053 1555 2083 Casauboni
1575 2055 1778 2093 conjecturas

1082 2101 1151 2125 est:
1175 2095 1263 2125 favet
1276 2095 1358 2125 illud
1374 2095 1494 2131 Plauti,
1507 2106 1582 2132 non,
1599 2106 1644 2126 sc.
1660 2097 1778 2136 reperi,

1082 2137 1271 2177 quodpiam-i
1285 2139 1319 2167 in
1320 2136 1411 2176 faba
1423 2151 1432 2167 .·
1446 2138 1542 2178 idque
1553 2138 1692 2168 eundem
1706 2147 1780 2169 sen·

1083 2189 1155 2210 sun]
1171 2180 1283 2216 efficit,
1300 2179 1515 2220 quodfabam
1528 2190 1681 2211 numum.

1131 2225 1188 2252 100
1210 2232 1273 2252 non
1291 2222 1391 2263 flocci
1429 2221 1538 2261 ἐατέον]
1576 2222 1656 2253 Mss.
1694 2226 1779 2253 teste

1083 2264 1231 2295 Victorio
1267 2271 1301 2295 et
1336 2264 1524 2305 Malaspina.
1541 2273 1605 2295 non
1627 2264 1782 2306 flor-cisa-

1084 2311 1183 2337 cteon.
1228 2306 1311 2337 Edd.
1340 2306 1415 2337 inde
1445 2308 1485 2338 ab
1515 2308 1612 2338 Rom.
1643 2309 1716 2338 Asc.
1753 2310 1779 2338 1.

1083 2349 1372 2388 ηοηηεέλοιφητίον.
1418 2350 1466 2380 Ex
1492 2349 1556 2380 illis
1578 2350 1700 2389 recepit
1723 2350 1782 2381 Vi-

1083 2392 1206 2421 ctorius
1215 2392 1516 2432 uonfloccisacteon,
1536 2392 1626 2422 velut
1644 2392 1782 2422 imitati-

1081 2443 1144 2464 one
1152 2433 1190 2463 τῦ
1198 2434 1402 2473 φιλοσοφητέον
1409 2434 1545 2465 factum:
1558 2436 1636 2465 item
1649 2434 1782 2465 Lambi-

1084 2485 1157 2506 nus.
1195 2476 1272 2507 Adr.
1284 2478 1458 2508 Turnebus
1473 2477 1615 2507 correxit
1630 2478 1779 2507 consula-

1085 2522 1138 2548 tus
1165 2528 1228 2548 non
1243 2519 1343 2559 flocci
1372 2519 1484 2549 imin:
1516 2519 1536 2549 i.
1566 2530 1594 2548 e.
1625 2519 1780 2550 mittendi

1085 2561 1287 2598 consulatus,
1314 2567 1353 2592 ut
1380 2571 1429 2592 res
1464 2570 1531 2592 non
1559 2561 1671 2591 flocci:
1709 2571 1782 2599 quae

1085 2604 1244 2633 correctio
1268 2604 1404 2643 probata
1433 2603 1625 2634 casaubono
1646 2604 1680 2634 in
1708 2608 1781 2633 tex-

1084 2650 1158 2675 tum
1175 2651 1305 2685 recepta
1317 2652 1366 2676 est
1379 2657 1398 2676 a
1412 2645 1563 2676 Gruter0.
1582 2650 1694 2684 estque
1709 2645 1780 2676 sine

1085 2687 1183 2717 dubio
1207 2688 1324 2718 melius
1345 2687 1577 2720 Tunstalliano
1595 2698 1628 2728 p.
1645 2690 1696 2722 39.
1714 2689 1782 2727 ἀφι-

1085 2730 1291 2770 aucupando».

1129 2776 1138 2803 l
1165 2783 1205 2803 ne
1219 2783 1307 2803 nunc
1330 2772 1377 2802 ad
1402 2772 1610 2803 Caecilianam
1619 2770 1783 2811 fabulam

1080 2815 1211 2855 spectet]
1236 2816 1257 2845 i.
1273 2826 1303 2846 e.
1320 2824 1361 2845 ne
1385 2824 1474 2845 nunc
1494 2814 1533 2845 de
1554 2814 1713 2851 Metellis,
1729 2815 1784 2853 qui

1083 2858 1218 2889 fuerunt
1227 2857 1403 2896 eCaeeiuis,
1414 2857 1535 2889 scribat
1549 2866 1692 2888 carmen.
1704 2865 1781 2888 nam
