1940 3231
342 140 417 176 513
460 192 464 195 ᾖ
753 134 933 175 EPIST.
961 134 1040 173 AD
1064 133 1350 179 ATTICUM,

343 239 579 282 tradicente
610 247 655 281 et
684 239 792 281 nihil
824 239 1048 282 obtinente
1082 238 1317 294 Torquato.
1351 235 1424 277 sed
1453 248 1602 278 omnes
1633 233 1774 278 absol·

342 307 524 348 ventur3
555 311 634 338 nec
665 296 845 353 posthac
867 297 1091 352 quisquam
1114 294 1403 345 damnabitur,
1425 292 1506 334 nisi
1529 292 1603 348 qui
1632 292 1774 334 homi·

342 369 442 395 nem
464 354 684 396 occiderit.
708 354 790 394 hoc
822 364 962 394 tamen
995 354 1138 410 agitur
1168 352 1368 393 severius.
1389 350 1586 404 42itaque
1609 347 1779 404 judicia

345 412 500 453 calent.
563 411 630 452 M.
654 409 829 451 Fulvius
854 409 1054 451 Nobilior
1075 409 1383 451 condemnatus
1405 415 1484 448 est.
1504 409 1544 437 43
1558 405 1682 447 multi
1705 404 1777 446 alii

345 468 499 509 urbani
524 482 576 508 ne
599 467 856 521 respondent
887 466 1075 521 quidem.
1136 466 1253 512 Quid
1284 465 1395 507 aliud
1428 462 1558 505 novi?
1587 465 1685 504 44et
1715 469 1782 502 ta-

345 540 461 577 men,
503 524 700 565 absoluto
740 523 946 573 Gabinio,
986 522 1305 564 stomachantes
1342 521 1412 563 alii
1447 519 1634 577 judiceS,
1672 517 1781 559 hora

346 591 462 638 post,
498 579 765 620 Antiochum
808 579 1062 630 Gabinium,
1103 580 1247 620 nescio
1285 593 1412 634 quem
1450 593 1474 619 e
1507 580 1547 608 45
1563 574 1781 633 Sopolidis

347 637 604 694 pictoribus,
634 635 884 678 &libertum
918 650 1145 677 accensum
1167 635 1362 687 Gabinii,
1393 635 1488 692 lege
1522 634 1658 689 Papia
1678 645 1784 674 con·

349 695 622 735 demnarunt.
644 693 845 748 47itaque
877 693 990 734 dixit
1020 693 1166 733 statim
1200 707 1295 734 reus
1329 692 1379 733 P.
1401 692 1497 749 lege
1529 689 1785 745 majestatis.

350 754 372 789 ἑ
391 753 420 788 ἐ
437 750 608 803 οἷδ”Ἀςης
627 750 705 800 ἅμα
723 753 864 804 namin?
891 749 1118 790 Pomtinus
1138 749 1229 791 vult
1246 764 1285 790 a.
1301 749 1344 789 d.
1365 763 1414 790 1v
1431 750 1547 791 Non.
1567 746 1787 789 Novemb-

349 804 681 860 48triumphare.
719 804 822 845 huic
864 806 1037 847 obviam
1072 806 1184 847 Cato
1223 814 1266 847 et
1307 805 1528 857 Servilius,
1564 815 1788 860 praetores,

351 870 513 918 aperte,
546 869 590 901 et
624 861 681 906 Q.
714 860 891 902 Mucius
923 863 1134 903 tribunus.
1166 871 1330 919 negant
1361 863 1476 903 enim
1509 862 1697 903 491atum
1733 859 1787 901 de

351 918 560 974 imperio:
592 926 634 957 et
656 926 721 958 est
741 917 876 958 latum
909 918 1080 960 hercule
1115 919 1286 959 insulse.
1320 918 1393 959 sed
1423 919 1505 959 erit
1525 932 1623 960 cum
1656 919 1788 960 Pom-

354 977 447 1016 tino
486 974 655 1030 Appius
685 974 850 1016 consul.
911 975 1022 1017 Cato
1054 985 1195 1016 tamen
1229 976 1428 1026 affirmat,
1462 989 1506 1016 se
1540 976 1637 1018 vivo
1668 975 1790 1017 illum

353 1047 438 1073 non
474 1030 754 1086 triumphare.
785 1031 828 1072 id
859 1047 942 1088 ego
976 1041 1096 1088 puto,
1119 1041 1167 1073 ut
1197 1032 1333 1073 multa
1363 1032 1572 1087 ejusdem,
1599 1033 1652 1073 ad
1681 1031 1792 1073 nihil

353 1102 615 1130 recasurum.
674 1087 843 1144 Appius
876 1090 966 1130 sine
999 1089 1107 1144 lege,
1139 1103 1216 1130 suo
1239 1098 1398 1140 sumtu,
1430 1090 1472 1130 in
1497 1088 1696 1130 Ciliciam
1718 1103 1792 1130 co-

356 1147 482 1201 gitat.
543 1144 771 1186 Paccianae
794 1146 989 1201 epistolae
1011 1146 1239 1201 respondi:
1271 1160 1486 1201 cognosce
1508 1154 1663 1187 cetera.
1723 1145 1792 1187 Ex

355 1202 499 1244 fratris
521 1201 673 1243 litteris
695 1203 964 1245 incredibilia
985 1203 1183 1258 quaedam
1206 1203 1259 1244 de
1282 1202 1465 1244 Caesaris
1485 1203 1529 1243 in
1551 1217 1619 1243 me
1648 1216 1795 1244 amore

355 1259 570 1315 cognovi:
602 1273 737 1313 eaque
767 1269 866 1300 sunt
888 1260 1021 1315 ipsius
1045 1259 1229 1301 Caesaris
1261 1259 1487 1300 uberrimis
1516 1259 1669 1301 litteris
1691 1273 1796 1301 con-

357 1317 542 1357 firmata.
603 1315 843 1357 Britannici
867 1316 968 1357 belli
994 1316 1137 1358 exitus
1159 1325 1449 1372 exspectatur.
1472 1325 1643 1358 constat
1663 1316 1798 1366 enim,

358 1374 500 1414 aditus
535 1372 684 1413 insulae
717 1386 809 1414 esse
838 1373 1028 1414 munitos
1061 1373 1255 1415 mirificis
1291 1373 1492 1414 molibus.
1527 1373 1658 1415 etiam
1691 1373 1797 1414 illud

352 1430 448 1486 jam
472 1431 696 1485 cognitum
719 1439 797 1481 est,
827 1444 967 1486 neque
1001 1431 1169 1486 argenti
1199 1429 1432 1486 scripulum
1464 1444 1556 1471 esse
1588 1430 1721 1472 ullum
1751 1430 1797 1471 in

358 1487 431 1528 illa
452 1487 604 1538 insula,
626 1500 764 1541 neque
785 1486 914 1528 ullam
936 1502 1056 1543 spem
1082 1488 1254 1543 praedae,
1276 1487 1358 1528 nisi
1380 1501 1435 1528 ex
1456 1487 1709 1543 mancipiis:
1740 1486 1798 1528 εἰ(

359 1544 516 1598 quibus
546 1543 683 1584 nullos
714 1552 820 1599 puto
852 1553 894 1585 te
925 1544 1082 1586 litteris
1108 1553 1184 1585 aut
1217 1543 1391 1584 musicis
1421 1543 1612 1585 eruditos
1643 1558 1798 1600 exspe-

360 1611 490 1641 ctare.
552 1600 725 1641 Paullus
759 1601 802 1641 in
834 1601 976 1642 medio
1009 1601 1103 1642 foro
1126 1600 1347 1643 basilicam
1373 1599 1468 1655 jam
1500 1614 1625 1655 paene
1657 1600 1800 1642 texuit

360 1658 513 1706 iis-dem
535 1657 722 1713 antiquis
744 1657 979 1699 columnis:
1012 1656 1127 1699 illam
1155 1665 1314 1707 autem,
1335 1670 1465 1711 quam
1495 1657 1669 1708 locavit,
1693 1657 1802 1698 facit

360 1714 850 1769 magnificentissimam.
872 1715 974 1769 quid
1004 1715 1188 1770 quaeris?
1220 1713 1326 1754 nihil
1358 1713 1521 1769 gratius
1551 1713 1624 1755 illo
1647 1728 1802 1755 monu-

362 1780 525 1821 mento,
556 1771 665 1813 nihil
697 1771 940 1826 gloriosius.
973 1772 1118 1827 itaque
1149 1770 1333 1812 Caesaris
1365 1770 1492 1812 amici
1520 1775 1608 1824 (me
1637 1771 1737 1812 dico
1758 1779 1804 1812 et

366 1828 587 1884 Oppium:
639 1828 947 1884 50dirumparis
988 1828 1134 1878 licetz)
1172 1828 1271 1868 5lin
1314 1837 1643 1869 mouumentum
1681 1827 1803 1880 illud,

363 1950 505 1991 intelligi
532 1954 654 1991 potest,
679 1951 843 1990 quomodo
866 1952 983 1992 aliquis
1005 1952 1064 1983 du-
1108 1962 1168 1983 nee
1195 1961 1267 1991 quae
1290 1951 1532 1982 recentissimus
1556 1950 1752 1983 ‘runstanus
1773 1962 1808 1994 p.

365 1992 470 2023 bitare
487 1995 601 2033 possit,
624 1994 741 2033 aliquis
763 1996 839 2025 talis
857 1996 904 2025 vir
917 1995 1006 2025 domi
1022 2004 1065 2026 an
1111 1996 1181 2025 125.

367 2033 480 2065 absens
495 2036 560 2065 sit?
1150 2038 1190 2067 48
1207 2034 1428 2075 triumphare]
1445 2035 1495 2066 Ex
1516 2034 1747 2076 Allobrogibus
1761 2036 1810 2067 vi·

409 2079 450 2106 42
465 2078 573 2116 itaque
579 2075 711 2116 judicia
725 2077 847 2117 calent]
865 2079 918 2109 Sic
930 2077 1000 2109 edd.
1015 2088 1065 2118 pr.
1108 2077 1182 2109 ctis.
1198 2087 1229 2107 v.
1245 2077 1338 2108 Clav.
1353 2078 1389 2107 in
1405 2078 1592 2109 Pomtinm-

368 2117 463 2149 bene.
486 2119 650 2149 Victorius
673 2126 706 2149 et
729 2119 784 2149 alii
800 2121 921 2151 indicia
935 2133 944 2150 .·
967 2121 1024 2151 sed
1037 2122 1067 2151 ei
1152 2123 1193 2153 49
1216 2121 1324 2149 latum
1345 2120 1384 2150 de
1407 2119 1558 2160 imperio]
1584 2129 1628 2150 se.
1654 2118 1726 2159 lege
1753 2130 1811 2151 cu-

371 2161 469 2192 verbo
484 2170 550 2191 non
564 2161 717 2191 convenit
731 2163 848 2192 calent.
1111 2163 1218 2192 tiata:
1255 2162 1326 2192 sine
1361 2172 1425 2201 qua
1460 2163 1516 2201 qui
1559 2161 1593 2191 in
1629 2162 1812 2202 provincias

413 2204 454 2232 43
471 2212 513 2232 m.
530 2203 590 2233 (ιῖὲὶ
604 2203 723 2232 urbani
737 2213 775 2233 ue
796 2205 986 2243 respondent
1000 2205 1070 2245 qui-
1113 2204 1234 2239 abiere,
1262 2213 1329 2233 non
1359 2210 1498 2244 possunt
1524 2204 1743 2244 triumphare,
1772 2210 1813 2236 ut

372 2243 461 2283 dem]
501 2244 667 2284 frigidum
696 2245 752 2280 sit,
778 2247 919 2277 urbanos
946 2247 1069 2277 intelli·
1113 2247 1167 2285 qui
1186 2246 1359 2286 imperium
1381 2256 1448 2276 nou
1464 2246 1662 2277 habuerunt.
1678 2256 1709 2276 ν.
1726 2246 1813 2277 infra

374 2294 462 2324 gere,
491 2287 547 2325 qui
584 2295 651 2316 non
686 2287 805 2318 absint.
848 2288 951 2319 Recte
977 2289 1009 2319 J.
1037 2289 1072 2319 F.
1114 2299 1164 2327 ep.
1186 2290 1234 2317 18.
1279 2287 1330 2318 De
1350 2287 1464 2319 eadem
1487 2298 1564 2319 mox
1577 2289 1646 2318 sine
1661 2289 1815 2326 lege,suo

378 2327 562 2358 Gronovius
586 2328 664 2359 Obs.
695 2328 740 2366 11,
764 2331 793 2360 8.
817 2329 940 2360 facetos
965 2330 1073 2361 homi·
1115 2333 1226 2359 summ
1249 2329 1270 2358 i.
1293 2339 1320 2359 e.
1345 2330 1415 2360 sine
1437 2329 1568 2360 decreto
1587 2329 1718 2360 viatico.
1739 2334 1815 2361 tum

378 2377 436 2399 nes
468 2370 639 2410 intelligit,
669 2370 724 2400 sed
753 2381 811 2410 per
837 2373 990 2407 ironiam,
1020 2373 1074 2411 qui
1115 2372 1236 2401 insulse
1251 2370 1331 2400 dicit
1353 2371 1472 2408 latum,
1490 2382 1534 2402 sc.
1549 2377 1666 2402 contra
1679 2370 1767 2412 leges
1781 2376 1816 2402 et

379 2419 446 2449 npn
462 2413 660 2452 respondent
675 2412 708 2442 in
720 2412 858 2452 judicio,
877 2413 932 2445 sed
954 2414 1077 2445 abeunt
1119 2422 1280 2452 perverse,
1297 2422 1341 2442 sc.
1360 2420 1398 2443 ut
1412 2414 1478 2444 Dio
1492 2414 1594 2444 tradit
1609 2412 1648 2444 L.
1662 2415 1715 2448 39·
1737 2418 1816 2445 ante

379 2452 413 2482 in
429 2453 564 2484 exilium
580 2453 815 2486 voluntarium.
1119 2455 1225 2485 lucem
1241 2459 1275 2484 et
1297 2455 1436 2493 primam
1459 2456 1573 2486 horam
1586 2470 1595 2487 ι
1619 2459 1697 2486 ante
1717 2465 1816 2495 quam

422 2496 464 2525 44
477 2500 508 2525 et
524 2496 649 2535 tamen]
666 2496 728 2527 int.
745 2500 791 2526 est
805 2506 849 2527 sc.
874 2496 1007 2536 aliquid.
1022 2497 1077 2527 sed
1119 2497 1203 2527 ferre
1218 2506 1284 2526 non
1300 2496 1428 2527 licebat.

382 2543 451 2565 non
486 2536 636 2578 displicet
662 2538 788 2569 Mureti
818 2539 996 2569 correctio:
1033 2544 1077 2570 es!
1163 2542 1202 2569 50
1217 2539 1420 2577 dirumparis
1441 2538 1528 2578 licet]
1554 2539 1615 2570 Per
1631 2540 1746 2579 jocum
1769 2538 1818 2570 di-

382 2581 505 2608 tamen.
1121 2584 1224 2616 ctum,
1241 2580 1327 2619 quod
1340 2581 1466 2620 Appius
1479 2581 1519 2611 ab
1531 2591 1570 2612 ea
1582 2581 1729 2612 amicitia
1742 2591 1817 2612 eum

422 2622 464 2650 45
480 2619 650 2659 Sopolidis]
669 2631 700 2652 v.
719 2621 865 2652 Clavem.
1120 2623 1300 2653 absterrere
1313 2622 1448 2653 solebat.

422 2662 466 2692 46
501 2661 652 2692 libertum
680 2673 721 2694 αι·
747 2662 931 2702 accensum]
962 2673 1002 2693 αι·
1029 2673 1078 2694 se-
1164 2664 1248 2695 51in
1259 2664 1820 2701 monumentuminnah—contemsi-

380 2708 503 2742 quente
525 2705 629 2734 vocali
653 2715 719 2734 non
741 2710 790 2735 est
813 2706 1077 2736 ciceronianum.
1121 2716 1193 2737 mus
1209 2705 1285 2745 &c.]
1310 2707 1358 2742 in,
1379 2706 1464 2745 quod
1486 2706 1577 2736 abest
1598 2705 1670 2737 edd.
1690 2716 1740 2746 pr.
1762 2706 1819 2736 ab·

384 2745 424 2776 ab
439 2745 513 2776 edd.
528 2744 624 2775 Rom.
640 2746 731 2777 Jens.
748 2748 806 2777 ἃς.
825 2747 926 2777 abest.
944 2747 1058 2778 delevi.
1074 2752 1083 2757 ‘
1122 2755 1270 2786 sorptum
1287 2758 1306 2777 a
1320 2748 1416 2778 litera
1430 2753 1598 2787 sequente,
1623 2753 1711 2779 recte
1725 2748 1820 2778 resti-

425 2790 466 2821 47
494 2788 604 2827 itaque
631 2788 879 2829 dia-ic—naeplp]
913 2789 994 2819 Hzec
1021 2799 1080 2819 nec
1123 2790 1188 2820 tuit
1215 2790 1339 2820 Rosius.
1365 2789 1480 2820 deinde
1505 2791 1733 2821 contem-rimus
1755 2788 1822 2820 elc-

385 2828 549 2867 intelligo,
576 2838 636 2859 nec
661 2831 822 2869 corrigere
846 2839 994 2869 possum:
1021 2841 1081 2861 nec
1124 2837 1241 2869 gauter
1277 2841 1336 2871 pro
1371 2831 1557 2868 effudimus,
1588 2831 1819 2872 impendimus.

386 2869 455 2900 aliis
471 2871 558 2902 dicta
572 2871 626 2903 vel
638 2871 787 2912 intelligo
802 2873 880 2904 satis
896 2873 945 2903 vel
968 2873 1077 2912 probo,
1126 2884 1205 2904 mox
1228 2883 1304 2904 cum
1326 2874 1484 2913 privatis,
1506 2873 1655 2915 intellige
1681 2872 1821 2905 dominis
