1940 3231
666 163 872 203 LIBER
905 164 977 202 XI.
1472 170 1548 208 725

103 279 169 308 res
204 268 503 324 comprobare.
545 283 806 325 quamquam
845 267 950 323 quid
983 281 1066 323 ego
1105 266 1158 307 de
1198 265 1437 312 lictoribus.
1476 271 1546 325 qui

102 337 228 379 paene
249 341 304 367 ex
328 326 455 368 Italia
470 327 673 368 decedere
692 327 771 367 sim
788 326 965 382 jussus?
988 339 1087 365 nam
1110 324 1162 365 ad
1185 338 1252 364 me
1273 325 1388 365 misit
1410 327 1549 369 Anto-

97 382 195 422 nius
217 384 465 439 exemplum
489 383 672 425 Caesaris
695 383 747 424 ad
771 398 814 424 sc
845 383 1098 433 litterarum,
1122 382 1165 422 in
1189 382 1347 436 quibus
1372 394 1478 433 erat,
1503 400 1546 424 se

99 440 330 492 audivisse,
354 441 567 482 Catonem
589 450 633 481 et
658 440 705 481 L.
731 440 960 481 Metellum
982 441 1023 481 in
1051 439 1218 480 Italiam
1247 440 1428 490 venisse,
1460 440 1549 481 Ro-

98 509 182 537 mae
207 507 255 538 ut
275 508 416 539 essent
438 498 604 553 palam:
638 498 679 539 id
703 499 785 539 sibi
809 513 896 539 non
920 498 1112 554 placere3
1146 512 1199 537 ne
1230 498 1303 552 qui
1332 507 1470 537 motus
1493 512 1547 538 ex

98 567 151 593 eo
190 555 366 606 fierent;
397 555 704 611 prohiberique
745 568 893 596 omnes
935 555 1075 606 Italia,
1118 555 1198 595 nisi
1239 570 1423 610 quorum
1458 556 1548 610 ipse

94 625 270 652 causam
295 612 596 668 cognovisset:
629 615 767 668 deque
801 628 851 655 eo
875 613 1173 653 vehementius
1204 623 1294 653 crat
1323 613 1548 669 scriptum.

100 666 247 723 itaque
268 667 486 710 Antonius
522 671 698 726 petebat
726 686 750 711 a
778 685 845 711 me
880 685 954 726 per
975 669 1153 720 litteras,
1180 681 1225 710 ut
1244 670 1325 711 sibi
1351 671 1550 726 ignosce-

98 738 215 767 rem:
248 724 390 767 facere
421 742 464 768 se
496 742 582 768 non
615 743 756 784 posse,
781 728 883 783 quin
910 728 960 768 iis
984 727 1137 768 litteris
1172 738 1354 783 pareret.
1383 741 1472 768 tum
1496 728 1549 769 ad

94 795 196 822 eum
233 782 331 824 misi
367 784 415 826 L.
441 785 651 836 Lamiam,
683 786 756 841 qui
789 787 1117 834 demonstraret,
1151 785 1268 826 illum
1304 785 1547 826 Dolabella}

97 838 275 892 dixisse,
305 843 349 872 30
363 851 410 883 ut
440 843 494 884 ad
528 857 594 884 me
626 844 847 894 scriberet,
872 853 919 884 ut
951 843 993 883 in
1030 842 1197 883 Italiam
1225 843 1549 899 quamprimum

95 897 313 940 venirem:
346 899 439 954 ejus
462 915 531 942 me
553 901 706 942 litteris
729 902 910 942 venisse.
935 910 1025 940 tum
1057 900 1124 940 ille
1146 900 1285 941 edixit
1310 901 1385 951 ita,
1411 911 1458 941 ut
1482 915 1549 941 mc

93 953 332 1010 exciperet,
354 960 390 988 3¹
409 968 451 998 et
477 958 658 999 Laelium
682 958 960 1000 nominatim.
991 958 1105 1012 quod
1130 972 1230 998 sanc
1255 958 1426 999 nollem.
1452 969 1549 1014 pot-

93 1021 190 1052 erat
209 1013 341 1065 enim,
363 1015 453 1056 sine
475 1017 666 1067 nomine,
689 1018 730 1046 32
743 1030 787 1056 re
810 1016 901 1071 ipsa
920 1015 1081 1070 excipi.
1105 1029 1132 1054 τ)
1154 1015 1311 1056 multas
1331 1026 1373 1056 et
1395 1030 1548 1072 graves

94 1067 380 1114 offensiones!
413 1087 519 1128 quas
541 1073 732 1129 quidem,
761 1083 807 1113 tu
830 1072 904 1113 das
924 1087 1115 1127 operam,
1140 1082 1187 1113 ut
1210 1072 1358 1114 lenias.
1383 1088 1461 1115 ncc
1485 1083 1549 1114 ta-

94 1139 194 1167 men
226 1127 334 1170 nihil
369 1130 568 1185 proficis:
602 1131 706 1187 quin
741 1130 824 1171 hoc
856 1130 950 1186 ipso
974 1129 1132 1170 minuis
1162 1130 1353 1171 dolorem
1387 1145 1548 1182 meum,

92 1184 226 1238 quod,
250 1195 299 1227 ut
326 1188 511 1240 minuas,
544 1197 632 1229 tam
665 1187 786 1228 valde
817 1186 1012 1228 laboras:
1046 1187 1177 1242 idque
1205 1188 1331 1228 velim
1366 1203 1419 1229 ne
1451 1203 1548 1244 gra-

93 1255 194 1283 vere
213 1257 344 1298 quam
367 1245 604 1301 saepissime
626 1244 781 1287 facere.
802 1245 993 1286 maxime
1015 1253 1161 1286 autem
1186 1260 1411 1301 assequere
1430 1247 1546 1301 quod

93 1298 174 1350 vis,
197 1300 229 1341 si
260 1315 330 1342 me
359 1303 607 1354 adduxeris,
631 1314 678 1344 ut
699 1303 962 1353 existimem,
984 1317 1054 1343 me
1086 1303 1299 1343 bonorum
1325 1303 1543 1358 judicium
1560 1309 1590 1339 b-

91 1369 180 1397 non
213 1356 408 1400 funditus
441 1361 691 1416 perdidisse.
725 1374 987 1416 quamquam
1019 1360 1123 1415 quid
1153 1370 1198 1400 tu
1232 1360 1274 1401 in
1307 1375 1357 1401 eo
1391 1364 1545 1417 potes?

90 1413 200 1456 nihil
233 1415 413 1458 scilicet.
446 1418 535 1469 sed,
568 1418 600 1459 si
633 1418 737 1474 quid
770 1433 835 1459 res
867 1417 989 1458 dabit
1023 1418 1101 1459 tibi
1135 1417 1369 1470 facultatis,
1403 1419 1444 1460 id
1479 1434 1546 1460 me

89 1472 283 1514 maxime
313 1475 528 1517 consolari
560 1476 745 1531 poterit:
785 1475 902 1531 quod
934 1490 1050 1516 nunc
1081 1475 1254 1531 quidem
1289 1476 1414 1517 video
1458 1491 1544 1518 non

87 1542 206 1582 esse3
238 1532 311 1573 sed
344 1532 378 1572 si
401 1533 520 1588 quid,
543 1548 597 1574 ex
620 1533 815 1584 eventis3
848 1542 896 1573 ut
926 1532 1010 1574 hoc
1033 1548 1147 1573 nunc
1173 1533 1346 1575 accidit.
1367 1535 1544 1576 dicebar

87 1586 291 1629 debuisse
312 1604 412 1630 cum
437 1590 649 1647 Pompeio
674 1590 907 1647 proficisci.
939 1590 1083 1632 exitus
1117 1590 1227 1631 illius
1262 1592 1419 1633 minuit
1450 1593 1544 1647 ejus

87 1644 223 1687 officii
257 1647 536 1703 praetermissi
573 1648 967 1705 reprehensionem.
999 1648 1072 1689 sed
1111 1663 1164 1689 ex
1200 1649 1403 1690 omnibus
1435 1650 1544 1692 nihil

87 1703 230 1760 magis
269 1714 411 1746 tamen
449 1705 730 1758 desideratur,
766 1720 896 1762 quam
928 1706 1047 1760 quod
1083 1705 1181 1746 33in
1216 1705 1412 1747 Africam
1454 1722 1542 1750 nou

86 1759 227 1802 ierim.
256 1761 432 1816 judicio
465 1763 550 1805 hoc
594 1778 688 1804 sum
725 1778 840 1815 usus,
874 1778 961 1804 non
1001 1777 1092 1804 esse
1132 1763 1324 1805 barbaris
1369 1765 1542 1806 auxiliis

87 1817 379 1861 fallacissimae
415 1822 558 1877 gentis
597 1821 911 1877 rempublicam
944 1820 1275 1872 defendendam,
1302 1823 1542 1877 praesertim

85 1886 240 1918 contra
256 1878 496 1920 exercitum
516 1893 632 1935 saepe
654 1879 879 1920 victorem.
898 1893 984 1919 non
1008 1879 1196 1936 probant
1214 1879 1411 1920 fortasse.
1432 1881 1542 1922 mul-

90 1944 156 1979 tos
188 1935 304 1977 enim
335 1936 450 1977 viros
484 1938 619 1978 bonos
644 1937 687 1978 in
716 1935 913 1978 Africam
939 1937 1105 1977 venisse
1127 1936 1274 1988 audio,
1293 1946 1336 1977 et
1359 1937 1449 1978 scio
1473 1938 1541 1979 fu-

86 1991 172 2033 isse
204 2002 345 2034 antea.
367 1996 409 2024 34
424 1994 546 2035 valde
569 1995 651 2035 hoc
685 1995 782 2036 loco
806 2009 977 2051 urgeor.
1001 1997 1040 2025 35
1054 1994 1126 2035 hic
1148 2009 1321 2050 quoque
1344 2010 1452 2051 opus
1474 2007 1540 2037 est

84 2064 204 2100 casu,
227 2050 362 2105 aliqui
395 2051 481 2092 sint
514 2067 569 2093 ex
605 2052 673 2103 iis,
701 2061 791 2102 aut,
815 2053 849 2092 si
884 2061 1044 2108 potest,
1071 2066 1235 2103 oinneS‚
1257 2052 1332 2108 qui
1356 2053 1538 2095 salutem

81 2116 368 2164 anteponant.
391 2123 491 2150 nam
513 2110 547 2150 si
572 2118 848 2166 perseverant
869 2120 913 2150 et
934 2109 1162 2161 obtinent3
1192 2110 1298 2165 quid
1321 2111 1447 2152 nobis
1470 2111 1536 2152 fu-

82 2173 229 2207 turum
252 2166 321 2217 sit,
358 2166 490 2208 vides.
524 2167 656 2218 dices,
679 2167 783 2223 quid
816 2167 914 2219 illis,
938 2168 971 2208 si
998 2167 1101 2208 victi
1127 2171 1281 2210 erunt?
1314 2167 1538 2211 honestior

81 2232 150 2264 est
169 2223 311 2280 plaga.
364 2222 478 2265 Haec
501 2239 569 2265 me
590 2225 859 2266 excruciant.
913 2224 1094 2280 Sulpicii
1121 2234 1266 2266 autem
1290 2226 1535 2278 consilium,

81 2293 171 2322 non
195 2281 421 2338 scripsisti,
440 2297 517 2323 cur
537 2296 634 2323 meo
654 2297 739 2323 uon
764 2293 1074 2338 anteponeres:
1099 2283 1215 2338 quod
1238 2283 1317 2324 etsi
1339 2298 1425 2324 non
1447 2293 1533 2325 tam

80 2338 320 2394 gloriosum
358 2349 438 2391 est,
474 2354 604 2395 quam
643 2339 841 2393 Catonis,
873 2352 1017 2381 tamen
1053 2350 1096 2380 et
1131 2340 1323 2396 periculo
1350 2356 1533 2384 vacuum

120 2474 162 2503 30
184 2475 223 2502 ut
237 2471 284 2502 ad
302 2481 353 2503 me
371 2472 536 2507 scriberet,
553 2470 605 2510 ut]
632 2471 780 2501 Primum

76 2518 116 2545 ut
131 2514 248 2545 melius
263 2515 404 2552 abesset,
420 2520 460 2545 ut
472 2514 545 2545 aliis
561 2513 641 2544 locis
665 2514 781 2544 simili-

77 2558 140 2588 bus
153 2557 257 2588 abest.

119 2602 157 2630 31
182 2605 215 2630 et
242 2599 400 2640 Loelium]
436 2600 482 2631 D,
512 2598 653 2629 Laelium
682 2599 779 2629 Pom-

76 2642 248 2684 peianum.
266 2653 296 2673 v.
314 2642 408 2673 Clav.

120 2686 162 2716 32
183 2694 221 2715 re
242 2685 312 2724 ipsa
337 2685 455 2725 excipi]
480 2683 545 2714 Alii
570 2683 646 2714 libri
667 2691 728 2713 scr.
746 2687 781 2713 et

32 2738 39 2749 ²
75 2726 150 2759 edd.
167 2736 219 2757 res
233 2728 315 2767 ipsa.
332 2737 398 2758 non
410 2726 509 2758 male.

118 2771 174 2800 33·
192 2769 229 2799 in
256 2768 411 2810 Africam
445 2779 510 2800 non
539 2768 651 2808 ierim]
692 2771 779 2801 Cum

75 2812 269 2853 Pompeiani
283 2822 336 2842 me
350 2812 589 2853 Imperatorem
607 2811 779 2848 dixissent,

75 2857 115 2885 ut
131 2855 187 2894 qui
202 2854 276 2896 plus
290 2854 443 2885 omnibus
458 2855 494 2885 in
508 2853 566 2885 illo
583 2853 670 2884 bello
684 2853 780 2884 vidis-

74 2906 156 2928 sem.

117 2941 160 2971 34
189 2938 285 2973 valde
308 2940 367 2971 hoc
396 2940 460 2970 loco
486 2938 621 2979 urgeor]
648 2938 779 2971 Abeun-

825 2471 948 2501 dumne
964 2471 1007 2501 sit
1023 2470 1057 2500 in
1073 2470 1232 2508 Africam,
1251 2481 1311 2501 nec
1325 2481 1385 2502 ne:
1412 2472 1468 2503 sed
1485 2473 1530 2504 vi-

825 2514 923 2544 detur
951 2513 1125 2543 inclinasse
1161 2514 1196 2543 in
1231 2513 1325 2545 illud.
1351 2515 1531 2547 nam‘mox

827 2555 967 2596 Sulpicii
985 2557 1155 2586 consilium
1171 2557 1311 2596 opponit
1333 2566 1412 2587 suo:
1437 2560 1530 2598 atqui

825 2599 989 2638 Sulpicius
1016 2598 1050 2627 in
1080 2598 1178 2629 Italia
1203 2606 1383 2636 manserat,
1407 2610 1468 2630 nec
1496 2602 1530 2632 in

823 2640 967 2671 Africam
985 2641 1069 2671 ierat
1085 2650 1161 2671 cum
1177 2640 1248 2671 aliis
1263 2641 1340 2671 viris
1356 2642 1461 2672 bonis.

866 2686 906 2714 35
930 2685 982 2714 Iu‘c
1006 2693 1128 2723 quoque
1155 2692 1233 2722 opus
1260 2688 1307 2714 est
1333 2684 1426 2724 casu]
1455 2685 1529 2715 Hoc

820 2725 903 2756 mihi
930 2735 996 2756 non
1025 2726 1106 2755 satis
1129 2727 1304 2756 convenire
1328 2726 1458 2757 videtur
1479 2736 1530 2757 se-

822 2769 1010 2808 quentibus.
1027 2778 1103 2798 nam
1119 2777 1212 2799 casus
1228 2774 1279 2798 est
1293 2769 1327 2798 in
1344 2768 1423 2798 hoc:
1447 2778 1528 2799 nam

821 2811 849 2841 .ςὶ
867 2815 1079 2850 perseverant
1103 2812 1165 2842 δερ.
1203 2811 1321 2845 Verbo.
1337 2820 1404 2840 non
1428 2811 1526 2842 intel-

822 2853 890 2893 ligo
912 2853 1035 2890 lomm,
1059 2862 1120 2885 nec
1141 2854 1350 2885 satisfaciunt
1364 2853 1524 2893 interpr-e»

823 2901 885 2927 tes.

730 2986 858 3023 3Α3
