1940 3231
754 130 962 169 LIBER
995 130 1062 170 IV.
1557 138 1634 180 525

225 243 334 276 viatus
366 237 568 288 populique
593 235 779 283 judicium
815 236 1057 274 Ptolemaeum
1090 238 1129 272 in
1160 248 1313 278 remum
1343 239 1569 277 reduvisset:
1599 246 1637 277 et

227 293 390 341 quaedam
412 292 502 333 alia,
521 292 583 327 sed
597 290 776 337 pleraque
790 290 943 337 privata
962 293 1075 338 atque
1094 278 1303 325 domestica.
1350 289 1452 326 Inter
1468 295 1635 339 proxime

225 346 423 393 superioris
443 344 527 379 libri
544 342 727 391 epistolas
751 346 862 389 alque
878 340 999 388 hujus,
1027 353 1163 378 menses
1191 342 1495 392 octofluxeiQunt
1525 347 1632 381 nimi-

228 407 308 433 rum
329 410 372 433 ex
393 396 562 433 Calendis
580 394 668 431 Jan.
689 395 738 430 ad
757 394 884 430 Nonas
903 394 1006 442 Sept

610 477 849 519 CICERO
880 476 1112 519 ATTICO
1145 477 1190 519 S.
1648 501 1665 535 1

179 537 326 590 CUM
351 546 537 603 primum
561 545 751 588 Romam
775 546 889 597 veni,
917 545 1102 601 fuitque,
1135 546 1205 587 cui
1239 555 1355 588 recte
1377 546 1430 588 ad
1452 555 1494 588 te
1516 547 1632 589 litte-

177 620 244 647 ras
265 606 426 655 darem,
449 603 559 645 nihil
593 604 709 661 prius
733 603 981 645 faciendum
1004 603 1111 645 mihi
1141 604 1307 660 putavi,
1329 619 1457 660 quam
1484 616 1531 647 ut
1551 606 1634 648 tibi

178 662 345 704 absenti
368 662 422 703 de
444 662 584 703 reditu
609 671 757 703 nostro
779 661 1031 718 gratularer.
1052 676 1291 718 cognoram
1305 663 1436 714 enim,
1454 667 1522 717 (ut
1538 678 1637 706 vere

179 720 401 770 scribam)
423 729 465 760 te
485 719 527 760 in
551 719 744 761 consiliis
765 719 871 760 mihi
893 719 1047 761 dandis
1071 733 1150 760 nec
1174 718 1414 772 fortiorem,
1435 735 1514 762 nec
1535 736 1636 778 pru-

178 775 436 829 dentimem,
458 792 589 832 quam
623 792 692 818 me
724 778 884 842 ipsum,
910 791 988 818 nec
1021 777 1169 830 etiam,
1193 792 1271 833 pro
1296 779 1519 834 praeterita
1540 794 1637 821 mea

179 835 225 876 in
249 844 291 877 te
312 835 605 886 observantia,
639 835 822 876 nimium
856 835 900 876 in
925 835 1124 876 custodia
1146 835 1294 877 salutis
1319 850 1426 878 meae
1450 837 1637 894 diligen-

180 902 295 945 tem;
326 893 600 949 eundemque
634 902 691 944 te,
713 893 788 949 qui
823 893 974 950 primis
1006 893 1274 958 temporibus
1304 894 1460 935 err'olls
1483 895 1635 948 nostri,

179 959 256 992 aut
279 951 424 1007 potius
455 951 612 992 furoris
646 951 876 1007 particeps,
907 961 950 992 et
984 950 1078 992 falsi
1104 951 1272 992 timoris
1300 952 1443 993 socius
1466 951 1636 1005 fuisses,

180 1009 458 1050 acerbissime
480 1008 711 1050 discidium
735 1018 932 1050 nostrum
955 1008 1117 1060 tulisse,
1136 1008 1456 1065 plurimumque
1475 1025 1637 1066 operae,

180 1067 329 1119 studii,
361 1067 619 1123 dilioentiae,
652 1066 811 1108 laboris
845 1067 897 1108 ad
926 1065 1247 1108 conficiendum
1281 1067 1465 1108 reditum
1491 1083 1636 1110 meum

179 1125 430 1167 contulisse.
494 1124 648 1180 Itaque
682 1124 765 1166 hoc
801 1123 880 1165 tibi
914 1138 1011 1165 v·eie
1033 1124 1251 1175 affirmo,
1243 1139 1284 1165 ln
1310 1125 1503 1167 maxima
1524 1126 1636 1168 laeti-

181 1182 258 1235 tia,
290 1193 334 1224 et
372 1182 706 1238 exoptatissima
738 1181 1045 1239 gratulatione,
1081 1196 1213 1222 unum
1238 1183 1290 1223 ad
1325 1183 1637 1226 cumulandum

181 1241 390 1296 gaudium
413 1249 713 1297 conspectum,
731 1250 805 1281 aut
830 1240 974 1296 potius
991 1239 1271 1296 complexum
1286 1240 1394 1281 mihi
1419 1250 1540 1282 tuum
1563 1242 1638 1283 de-

182 1298 340 1351 fuisse·
374 1312 502 1353 quem
540 1297 671 1339 semel
709 1306 862 1339 nactus
901 1312 1136 1363 numquam
1178 1297 1404 1340 dimisero:
1445 1314 1511 1350 ac,
1554 1300 1638 1340 nisi

180 1357 312 1397 etiam
349 1356 662 1412 praetermissos
691 1354 857 1397 finctus
881 1365 968 1396 tue
992 1356 1217 1397 suavitatis
1246 1357 1505 1412 1[ρι··3εὶειίῑί
1530 1366 1639 1398 tem-

185 1415 319 1470 poris]
355 1428 505 1455 omnes
541 1428 746 1470 exegero,
787 1413 983 1470 profecto
1016 1413 1098 1456 hac
1138 1414 1414 1455 restitutione
1448 1414 1680 1458 f-ontunaep-
1700 1418 1753 1447 53·

181 1486 252 1513 me
274 1471 366 1528 ipse
400 1486 486 1513 non
511 1471 614 1512 satis
637 1471 818 1526 dignum
849 1471 1076 1527 judicabo.
1139 1471 1233 1512 Nos
1256 1472 1430 1514 adhuc
1422 1488 1464 1514 in
1491 1470 1670 1515 nostroa

182 1538 312 1581 s-,tatu
355 1529 476 1585 quod
507 1528 764 1571 difficillime
797 1529 1040 1586 recuperari
1085 1544 1212 1586 posse
1241 1530 1438 1571 arbitiati
1476 1546 1639 1583 sumus,

182 1562 455 1644 splen'doiem
480 1595 675 1628 nostrum
699 1586 818 1628 illum
839 1587 1071 1638 forensem,
1093 1596 1137 1628 et
1160 1587 1202 1628 in
1228 1597 1377 1629 senatu
1402 1589 1638 1630 auctorita-

182 1655 286 1697 tem,
306 1655 349 1686 et
372 1645 491 1702 apud
510 1645 625 1686 viros
650 1646 787 1687 bonos
811 1646 1012 1701 gratiam,
1042 1646 1196 1702 magis,
1218 1660 1347 1701 quam
1373 1657 1639 1702 optaramus,

180 1704 406 1745 consecuti
427 1717 589 1744 sumuS.
613 1703 658 1744 in
678 1717 723 1744 re
745 1713 891 1745 autem
913 1703 1130 1755 familiari,
1150 1718 1247 1759 quae
1270 1705 1641 1759 quemadmodum

182 1761 336 1813 fracta,
359 1761 583 1818 dissipata,
605 1761 776 1818 direpti
797 1762 867 1812 sit,
890 1776 977 1803 non
1002 1762 1191 1818 ignmas,
1226 1762 1350 1803 valde
1378 1762 1641 1815 laboramus,

182 1828 445 1875 tuarumque
478 1834 564 1861 non
598 1830 686 1860 tam
717 1819 988 1871 facultatum,
1022 1834 1128 1875 quas
1162 1834 1245 1876 ego
1268 1829 1435 1861 nostras
1459 1821 1642 1876 essejn-

182 1877 298 1930 dico,
328 1892 459 1935 quam
493 1877 773 1918 consiliomm
797 1877 849 1918 ad
873 1878 1138 1934 colligendas
1160 1887 1204 1919 et
1227 1879 1553 1920 constituendas
1576 1893 1642 1921 re·-

182 1935 339 1992 liquias
378 1945 546 1977 nostras
582 1936 844 1992 indigemus.
907 1936 1053 1987 Nunc,
1087 1936 1168 1976 etsi
1203 1936 1352 1977 omnia
1383 1946 1457 1977 aut
1480 1937 1641 1993 scripta

182 2007 279 2034 esse
307 2009 332 2035 a
361 1994 447 2034 tuis
480 1994 683 2046 arbitror,
711 2002 786 2035 aut
815 1994 947 2035 etiam
984 1994 1148 2035 nuntiis
1181 2008 1231 2035 ac
1255 2008 1426 2035 rumore
1450 1994 1638 2051 perlata:

179 2053 208 2083 ⁶1
225 2062 370 2093 tamen
392 2065 442 2092 ea
464 2051 647 2093 scribam
674 2052 809 2103 brevi,
836 2067 935 2107 quae
961 2061 1002 2093 te
1025 2060 1131 2108 puto
1154 2051 1430 2108 potissimum
1453 2067 1508 2094 ex
1533 2053 1642 2094 meis

181 2109 341 2151 litteris
370 2108 476 2150 velle
507 2124 788 2165 cognoscere.
852 2110 999 2152 Pridie
1043 2109 1194 2151 Nonas
1230 2110 1353 2151 Sext.
1394 2110 1641 2166 Dyrrachio

182 2182 278 2209 sum
310 2166 548 2224 profectus,
580 2168 709 2223 3ipso
750 2167 822 2209 illo
854 2168 938 2219 die,
975 2183 1061 2224 quo
1093 2167 1164 2209 lex
1196 2179 1262 2209 est
1294 2168 1380 2209 lata
1410 2169 1464 2210 de
1497 2169 1641 2210 nobis.

184 2226 467 2267 Brundisium
508 2225 605 2267 veni
646 2225 786 2267 Nonis
827 2226 951 2267 Sext.
984 2226 1044 2268 ibi
1079 2226 1185 2267 mihi
1218 2225 1403 2268 Tulliola
1434 2241 1530 2268 mea
1558 2227 1643 2268 fuit

218 2294 362 2335 mesto,
387 2283 518 2324 natali
554 2298 631 2324 suo
665 2283 759 2340 ipso
794 2284 878 2335 die,
911 2285 986 2340 qui
1018 2299 1120 2326 casu
1152 2284 1265 2325 idem
1296 2284 1455 2326 natalis
1485 2294 1578 2326 erat
1599 2294 1645 2326 et

186 2299 463 2384 grundisinae
495 2341 681 2383 coloniae
704 2344 777 2383 4et
809 2351 896 2383 tuae
930 2343 1085 2384 vicinae
1120 2342 1296 2383 Salutis.
1322 2357 1419 2398 quae
1454 2357 1518 2384 res
1551 2343 1644 2384 ani-

186 2401 412 2442 madversa
428 2415 453 2440 3
472 2399 766 2451 multitudine,
787 2414 955 2441 summa
972 2401 1334 2442 B1u11disin01um
1352 2401 1647 2457 gratulatione

185 2458 402 2500 celebrata
424 2467 503 2499 est.
564 2457 681 2499 Ante
705 2458 819 2498 diem
842 2472 890 2499 v1
919 2457 984 2500 Id.
1009 2459 1132 2500 Sext.
1156 2459 1362 2515 cognovi,
1381 2473 1480 2499 cum
1502 2458 1647 2501 Brun·

186 2516 283 2557 disii
317 2530 470 2567 essem,
491 2515 647 2557 litteris
678 2515 836 2563 Quinti
870 2515 1028 2567 framis,
1063 2516 1247 2557 mirifico
1280 2517 1424 2557 studio
1447 2518 1646 2559 omnium

184 2584 365 2616 astatum
397 2584 528 2629 atque
560 2574 777 2625 ordinum,
802 2573 1046 2616 incredibili
1077 2589 1292 2616 concursu
1317 2573 1474 2627 Italiae,
1502 2574 1645 2632 legem

231 2702 244 2729 l
277 2700 443 2740 praeteriti
479 2699 648 2741 temporis]
698 2699 772 2731 Hoc
809 2699 893 2731 mihi
936 2705 1058 2742 potest.

189 2741 332 2781 glossam
359 2743 441 2775 olet.
469 2752 548 2774 nam
571 2742 604 2773 id
627 2746 678 2774 est
700 2744 739 2773 inv
751 2747 893 2783 proeter-
980 2748 999 2776 3
1021 2746 1089 2784 ipso
1104 2746 1160 2775 illo
1186 2743 1251 2783 die]
1280 2741 1402 2774 Melius
1427 2743 1493 2775 MS.
1524 2743 1643 2775 Faerni

188 2785 309 2816 missos.
937 2789 994 2820 illo
1008 2789 1088 2828 ipsa,
1104 2793 1147 2818 ut
1159 2786 1237 2818 alibi
1253 2792 1314 2817 est.

232 2828 252 2857 2
274 2831 384 2858 tamen
407 2837 446 2858 ea
469 2829 612 2859 scribam
628 2828 730 2870 brevi]
756 2829 810 2860 Sic
826 2829 892 2860 Ms.
981 2835 1002 2862 4
1023 2836 1054 2861 et
1077 2835 1142 2861 tuoe
1163 2830 1278 2860 vicinae
1301 2829 1444 2868 Salutis]
1471 2829 1562 2860 AEdis
1586 2830 1645 2861 Sa-

190 2868 335 2900 Helnist.
353 2875 388 2900 et
403 2870 470 2901 alii.
487 2877 588 2903 recte.
632 2872 756 2913 Vulgg.
775 2873 893 2903 inseri·
937 2873 1028 2910 lutis,
1044 2883 1116 2913 quae
1131 2877 1204 2904 erat
1219 2873 1328 2905 vicina
1343 2872 1466 2905 aedibus
1480 2872 1586 2905 Attici
1608 2873 1645 2905 in

190 2913 278 2950 bam,
309 2912 397 2953 quod
424 2913 518 2946 nuno
547 2914 645 2947 modo
674 2924 788 2950 verum
824 2924 893 2948 esse
938 2924 1054 2951 monte
1070 2914 1246 2957 Quirinali.
