1940 3231
718 108 927 146 LIBER
959 108 1047 147 XV.
1523 113 1599 149 855

160 226 286 254 orum
312 211 441 254 diem.
504 212 702 264 Brutum,
727 221 774 253 ut
796 212 962 263 scribis,
992 211 1133 252 visum
1160 210 1211 251 iri
1233 225 1258 251 a
1281 200 1492 266 messmto.
1515 228 1599 270 ego

161 269 264 312 hinc
286 270 383 311 volo
405 269 514 326 prid.
542 270 639 312 Kal.

595 357 830 400 CICERO
861 355 1090 400 ATTICO
1122 356 1167 398 S.
1196 388 1198 391 v

160 414 260 467 DE
282 427 322 457 54
336 427 491 475 Quinti
523 426 702 482 negotio
726 427 849 468 video
880 442 904 467 a
937 435 978 466 te
1002 425 1149 467 omnia
1182 423 1311 465 facta.
1345 422 1415 464 ille
1448 431 1592 465 tamen

154 484 286 535 dolet,
309 485 525 534 dubitans,
548 487 587 514 55
604 493 744 525 utrum
770 498 932 526 morem
954 492 1076 540 gerat
1100 483 1265 538 Leptae,
1288 496 1340 522 an
1372 481 1501 522 fidem
1525 481 1590 522 in-

154 541 298 582 firmet
337 541 444 582 filio.
502 539 703 582 Inaudivi
755 541 803 582 L.
848 541 1052 584 Pisonem
1092 539 1197 581 velle
1238 538 1356 580 exire
1396 539 1587 594 legatum

150 600 397 653 ψευὸεγιγξοέφᾳ
419 608 590 639 senatus
615 598 828 640 consulto.
848 598 976 640 velim
998 598 1120 647 scire,
1142 596 1245 652 quid
1266 596 1335 638 sit,
1390 595 1586 637 Tabella-
1598 610 1632 640 p.
1645 601 1716 634 249.

154 654 242 695 rius
264 655 347 705 isse,
368 669 498 709 quem
526 656 604 696 tibi
627 656 822 697 dixeram
852 672 878 697 a
901 670 971 697 me
998 655 1052 696 ad
1082 655 1267 696 Brutum
1294 668 1385 694 esse
1407 654 1585 694 missum
1597 653 1630 674 ²²·

150 710 196 751 in
227 711 522 766 Anagninum,
553 714 605 754 ad
639 728 707 754 me
732 714 846 755 venit
877 727 927 754 ea
955 720 1099 763 nocte,
1129 726 1225 767 quae
1260 711 1459 766 proxima
1486 720 1586 752 ante

153 767 252 810 Kal.
285 768 384 820 fuit,
415 769 664 826 litterasque
695 771 747 813 ad
779 786 848 813 me
878 770 1049 812 attulit:
1082 770 1125 809 in
1148 769 1304 824 quibus
1330 783 1462 808 unum
1485 768 1586 810 alie-

147 839 252 867 num
275 826 316 856 56
332 841 499 869 summa
530 844 606 869 sua
635 828 877 884 prudentia,
903 827 965 882 [id
989 836 1053 868 est
1075 825 1214 879 illud,]
1240 834 1285 867 ut
1307 835 1497 881 spectem
1522 825 1586 866 lu-

146 883 225 923 dos
258 898 371 925 suos.
405 886 603 941 rescripsi
627 886 804 935 scilicet,
830 886 1018 943 primum
1042 898 1109 924 me
1135 883 1229 939 jam
1255 882 1513 939 profectum,
1537 891 1585 924 ut

146 954 234 981 non
273 940 490 998 integrum
529 945 607 985 sit:
640 943 754 994 dein,
786 946 999 984 ἀτοπώτατον
1034 955 1139 992 esse,
1172 955 1256 992 me,
1285 941 1356 995 qui
1395 940 1584 982 Romam

145 998 324 1039 omnino
349 1010 446 1056 post
470 1000 564 1042 haec
592 1015 711 1042 arma
732 1015 819 1041 nou
847 999 1113 1049 accesserim,
1135 1012 1274 1053 neque
1296 998 1338 1038 id
1364 1007 1447 1038 tam
1472 998 1584 1053 peri-

145 1055 231 1096 culi
266 1057 351 1097 mei
381 1073 510 1098 causa
542 1057 733 1109 fecerim,
766 1072 894 1113 quam
928 1055 1168 1112 dignitatiS,
1196 1055 1340 1096 subito
1374 1055 1426 1095 ad
1459 1054 1582 1096 ludos

148 1113 306 1154 venire.
342 1115 415 1155 tali
448 1116 563 1156 enim
598 1124 806 1171 tempore,
839 1114 962 1155 ludos
996 1113 1136 1155 facere
1164 1111 1224 1153 illi
1247 1112 1476 1152 honestum
1502 1122 1582 1164 est,

144 1171 214 1211 cui
238 1185 409 1212 necesse
435 1183 525 1214 est:
558 1182 765 1228 spectare,
789 1172 895 1213 mihi
930 1180 978 1211 ut
1009 1185 1095 1212 non
1124 1179 1190 1211 est
1219 1183 1406 1220 necesse,
1437 1169 1497 1210 sic
1528 1184 1582 1210 ne

143 1227 373 1270 honestum
395 1230 569 1285 quidem
593 1240 671 1271 est.
695 1230 894 1285 equidem
920 1229 1011 1270 illos
1034 1227 1254 1278 celebrari,
1278 1236 1321 1268 et
1339 1241 1430 1267 esse
1451 1241 1581 1282 quam

140 1285 410 1340 gratissimos
433 1287 688 1328 mirabiliter
709 1287 865 1343 cupi03
899 1286 1027 1341 idque
1055 1286 1116 1328 ita
1140 1285 1333 1326 futurum
1363 1299 1453 1325 esse
1476 1299 1581 1325 con-

141 1342 254 1385 fido:
288 1353 332 1384 et
359 1353 502 1386 tecum
536 1360 635 1402 ago,
671 1355 718 1385 ut
743 1345 838 1400 jam
866 1345 920 1385 ab
951 1345 1045 1399 ipsa
1072 1342 1376 1384 commissione
1409 1341 1463 1382 ad
1495 1356 1579 1394 me,

139 1401 506 1455 quemadmodum
539 1402 836 1459 accipiantur3
869 1405 907 1435 57
923 1401 1076 1442 deinde
1108 1400 1286 1441 omnino
1316 1399 1579 1454 reliquorum

140 1457 231 1498 dies
254 1459 446 1513 singulos
478 1473 746 1515 persequare.
782 1459 853 1500 sed
884 1459 935 1499 de
964 1458 1075 1499 ludis
1106 1458 1331 1498 hactenus.
1393 1455 1580 1512 Reliqua

140 1529 239 1570 pars
265 1516 462 1571 epistolae
490 1526 554 1557 est
581 1517 652 1558 illa
672 1516 846 1572 quidem
875 1517 917 1556 in
944 1525 1170 1571 utramque
1195 1525 1385 1571 partem:
1419 1514 1490 1554 sed
1516 1524 1579 1555 ta-

135 1587 236 1613 men
259 1574 487 1615 nonnullos
511 1574 726 1615 interdum
742 1574 854 1628 jacit
878 1572 1090 1629 igniculos
1115 1572 1280 1613 viriles:
1313 1571 1429 1627 quod
1452 1571 1578 1627 quale

140 1629 216 1670 tibi
250 1630 480 1682 videretur,
504 1641 553 1672 ut
579 1646 723 1687 posses
748 1631 1033 1686 interpretari,
1063 1629 1162 1670 misi
1185 1629 1238 1670 ad
1264 1638 1304 1670 te
1327 1628 1577 1685 exemplum

138 1687 350 1743 epistolae.
389 1703 652 1745 quamquam
688 1688 794 1730 mibi
828 1687 1072 1729 tabellarius
1103 1696 1250 1728 noster
1280 1686 1462 1737 dixerat,
1495 1687 1576 1728 tibi

133 1759 306 1800 quoque
330 1760 373 1787 se
395 1745 590 1788 attulisse
619 1746 782 1787 litteras
816 1761 840 1786 a
866 1745 1019 1797 Bruto,
1041 1758 1196 1800 easque
1223 1744 1277 1785 ad
1300 1754 1343 1785 te
1365 1758 1387 1784 e
1411 1743 1577 1785 Tuscu-

133 1801 232 1844 lano
254 1817 346 1844 esse
368 1803 545 1846 delatas.
608 1803 705 1861 Ego
729 1804 884 1845 itinera
906 1803 967 1845 sic
991 1815 1335 1859 composueram,
1360 1810 1406 1842 ut
1428 1805 1467 1833 58
1484 1801 1577 1843 Νο-

1606 355 1662 397 26

172 1945 215 1974 54
235 1943 280 1984 Q.
296 1943 436 1984 negotio]
460 1944 601 1976 Videtur
617 1954 714 1976 causa
737 1954 834 1986 pecu·
877 1945 946 1976 dat.
964 1953 1041 1975 nam
1057 1953 1133 1975 eum
1149 1952 1192 1974 aes
1216 1942 1361 1974 alienum
1375 1942 1578 1973 contraxisse

130 1986 235 2017 niaria
251 1986 360 2024 fuisse,
377 1995 457 2017 nata
471 1998 490 2018 a
506 1988 586 2018 filio.
878 1992 1020 2018 constat.

172 2031 212 2059 55
235 2032 351 2059 utrum
373 2039 496 2060 morem
519 2036 619 2069 gerat
641 2030 765 2070 Leptae,
789 2041 835 2061 an

115 2068 154 2110 f.
170 2071 193 2100 i.
211 2069 304 2101 Silio.
342 2070 512 2112 Inaudz'vi]
539 2073 592 2103 Sic
602 2073 723 2112 legitur
735 2073 831 2104 hodie

126 2123 145 2143 e
171 2113 374 2144 correctione
396 2114 505 2144 Bosii:
529 2115 585 2153 qui
605 2115 691 2145 hanc
714 2115 830 2146 lectio-

128 2164 206 2185 nem
221 2164 253 2186 se
269 2155 349 2186 dicit
363 2156 477 2187 fecisse
492 2167 510 2187 e
531 2157 596 2187 ΜΞ.
612 2158 828 2195 Cruscellino,

129 2197 165 2228 in
187 2208 251 2237 quo
266 2202 351 2228 esset
374 2198 456 2229 Silio
470 2200 646 2230 inaudibili
662 2199 828 2232 Pisonem.

128 2238 192 2271 Sed
214 2241 260 2271 sic
281 2245 353 2271 erat
369 2242 442 2280 jam
456 2243 491 2271 in
504 2241 554 2272 ed.
570 2242 667 2273 Rom.
711 2241 827 2273 Lectio

125 2282 262 2322 vulgata
281 2286 357 2312 tum
379 2287 451 2314 erat
467 2284 549 2314 Silio
563 2284 750 2315 Mandihili.
775 2285 826 2317 ed.

124 2324 217 2356 Jens.
242 2325 428 2366 habetfilio
451 2326 630 2357 Mandibili
651 2326 726 2358 Pis.
741 2328 828 2366 quod

124 2370 160 2398 et
176 2367 340 2398 Victorius
364 2367 467 2399 edidit
490 2369 525 2398 in
544 2368 596 2399 ed.
615 2372 646 2400 2.
673 2369 707 2400 in
721 2371 828 2410 prima

124 2409 214 2440 enim
238 2409 328 2440 dedit
338 2410 413 2451 filio
433 2411 609 2441 inaudibili
623 2422 641 2442 e
653 2411 828 2443 Jensonia-

123 2460 179 2488 na,
195 2451 251 2483 sed
266 2452 301 2481 in
316 2454 403 2484 notis
416 2452 560 2493 ejusdem
572 2453 623 2484 ed.
639 2453 720 2485 Silio
728 2454 830 2486 ,Μανι-

122 2494 216 2524 ἀὶὒίἷέ
229 2494 435 2534 praeferebat,
451 2505 650 2535 quamquam
672 2496 828 2529 vitiosum

122 2536 312 2568 fatebatur:
336 2542 371 2568 et
395 2538 483 2569 inter
503 2538 562 2568 has
577 2537 656 2569 duas
670 2539 828 2570 lectiones

120 2578 287 2609 fluctuant
300 2579 372 2610 edd.
389 2584 472 2612 vett.
515 2581 599 2611 Rem
622 2581 823 2621 ignoramus.

121 2621 234 2659 itaque
250 2630 310 2651 nec
330 2626 380 2652 est
396 2622 519 2662 aliquid
533 2623 626 2655 certi.
672 2623 750 2654 Non
773 2624 824 2655 in-

119 2663 250 2702 tellig-o,
273 2663 350 2702 quid
374 2664 418 2694 sit
432 2665 537 2706 fidem
558 2665 706 2706 infirmet
728 2666 823 2698 Silio.

120 2704 193 2745 Ego
224 2704 427 2745 praetulerim
443 2708 540 2748 filio:
564 2713 603 2739 ut
626 2718 738 2739 sensus
766 2710 822 2746 sit,

119 2753 236 2778 utrum
248 2746 363 2788 Leptae
376 2758 502 2780 morem
516 2755 622 2789 gerat,
635 2755 670 2782 et
685 2761 743 2792 pro
754 2751 824 2781 filio

119 2790 228 2820 solvat
257 2790 444 2830 pecuniam,
468 2801 566 2831 quam
590 2793 646 2823 ille
669 2793 821 2832 debebat,

120 2841 164 2863 an
180 2841 246 2862 non
261 2832 416 2863 solvendo
430 2833 543 2871 faciat,
557 2834 656 2865 fidem
669 2837 698 2866 ci
713 2841 752 2867 ut
767 2846 824 2867 ne-

120 2884 176 2908 mo
200 2874 346 2917 posthaec
360 2874 493 2916 habeat,
509 2881 544 2909 et
560 2878 737 2918 pecuniam
754 2889 824 2910 cre-

922 2031 962 2060 56
989 2038 1121 2060 summa
1148 2038 1210 2058 sua
1233 2026 1428 2067 prudentia]
1466 2036 1529 2057 sua
1558 2037 1577 2058 e

875 2071 955 2102 Mss.
969 2082 1028 2112 pro
1043 2076 1102 2102 tua
1114 2082 1147 2103 se
1160 2070 1295 2101 edidisse
1308 2070 1388 2100 dicit
1397 2069 1578 2100 Victorius.

874 2114 928 2144 sed
945 2114 976 2144 id
987 2115 1059 2153 jam
1075 2119 1148 2145 erat
1164 2114 1197 2143 in
1214 2112 1285 2143 edd.
1302 2122 1354 2152 pr.
1370 2113 1466 2143 Rom.
1483 2112 1574 2143 dens.

875 2158 966 2188 Crat.
983 2161 1043 2188 tua
1059 2158 1234 2196 irrepserat
1253 2155 1334 2185 vitio
1349 2164 1524 2194 operarum
1539 2155 1576 2186 in

873 2199 923 2230 ed.
946 2201 1081 2231 Ascens,
1104 2200 1170 2229 sive
1192 2208 1232 2229 ea
1253 2208 1270 2227 e
1294 2197 1383 2228 Med.
1405 2197 1517 2233 habet,
1540 2202 1576 2228 et

872 2247 1091 2282 propagatum
1106 2246 1177 2272 erat
1194 2241 1228 2270 in
1242 2239 1314 2270 edd.
1330 2239 1416 2269 Aldi.
1453 2238 1574 2270 Paulus

871 2283 965 2316 Man.
991 2285 1091 2315 etiam
1119 2293 1181 2314 sua
1210 2282 1367 2313 restituit.
1392 2286 1467 2312 tum
1496 2291 1576 2313 cum

871 2325 1001 2357 Graevio
1016 2326 1101 2357 edidi
1123 2326 1159 2356 id
1172 2330 1218 2356 est
1230 2325 1326 2361 illud,
1341 2334 1414 2364 pro,
1429 2324 1515 2354 idem
1534 2325 1575 2354 il-

872 2369 940 2400 lud.
985 2368 1048 2399 Ille
1071 2369 1163 2404 dicit,
1186 2378 1219 2398 se
1244 2368 1277 2397 in
1293 2367 1358 2397 Ms.
1373 2366 1506 2398 Balliol.
1522 2376 1573 2396 re-

871 2412 1003 2451 perisse.
1019 2415 1055 2442 at
1067 2412 1113 2441 sic
1128 2415 1163 2441 et
1178 2409 1250 2440 edd.
1271 2410 1369 2440 Rom.
1388 2409 1480 2439 Jens.
1497 2409 1572 2440 Asc.

871 2453 946 2486 Ald.
963 2455 1023 2485 διο.
1069 2453 1132 2484 Sed
1147 2458 1261 2483 tamen
1283 2458 1318 2482 et
1339 2451 1402 2482 hoc
1424 2451 1574 2481 deletum

872 2495 1019 2533 mallem,
1036 2505 1095 2526 nee
1111 2495 1226 2525 dubito
1247 2503 1315 2524 esse
1337 2504 1356 2524 a
1379 2493 1572 2533 glossatore.

870 2539 964 2568 uncis
979 2538 1108 2570 inclusi.

910 2583 949 2614 57
966 2581 997 2611 d.
1014 2582 1143 2611 omnino
1157 2580 1358 2619 reliquorum
1373 2578 1404 2608 d.
1421 2577 1465 2617 s.]
1495 2576 1569 2609 edd.

866 2633 915 2663 pr.
931 2622 1057 2653 addunt
1079 2624 1242 2657 ludorum,
1259 2621 1345 2661 quod
1359 2624 1431 2651 erat
1446 2631 1466 2650 a
1480 2620 1568 2659 glos-

865 2670 986 2696 satore.
1004 2666 1130 2696 habent
1144 2666 1245 2695 etiam
1262 2664 1372 2694 omnia
1385 2676 1394 2693 .·
1417 2662 1504 2702 quod
1518 2671 1569 2694 re-

866 2713 918 2739 cte
934 2713 1118 2738 correctum
1134 2712 1184 2737 est
1198 2707 1338 2737 omnino.

909 2752 949 2781 58
974 2750 1081 2781 Nonis
1095 2749 1254 2791 Quintil]
1273 2747 1448 2789 Quomodo
1460 2746 1571 2787 ‚Quin-

866 2793 977 2823 tilibus
999 2803 1057 2833 per
1078 2803 1129 2829 ea,
1152 2801 1226 2832 quae
1248 2799 1326 2822 ante
1350 2794 1429 2820 sunt
1447 2788 1490 2819 de
1513 2788 1572 2819 illo

867 2835 986 2866 itinere
1014 2845 1065 2876 ep.
1088 2837 1139 2867 25.
1163 2833 1220 2867 sed
1246 2834 1367 2865 iterum
1390 2833 1436 2862 sic
1459 2835 1510 2862 est
1530 2830 1572 2862 L„

868 2877 961 2917 XVI,
984 2880 1010 2909 1.

810 2926 930 2963 314
