<?xml version="1.0" encoding="UTF-8"?>
<!DOCTYPE html PUBLIC "-//W3C//DTD XHTML 1.0 Transitional//EN"
    "http://www.w3.org/TR/xhtml1/DTD/xhtml1-transitional.dtd">
<html xmlns="http://www.w3.org/1999/xhtml" xml:lang="en" lang="en">
 <head>
  <title>
</title>
<meta http-equiv="Content-Type" content="text/html;charset=utf-8" />
  <meta name='ocr-system' content='tesseract 3.04.00' />
  <meta name='ocr-capabilities' content='ocr_page ocr_carea ocr_par ocr_line ocrx_word'/>
</head>
<body>
  <div class='ocr_page' id='page_1' title='image "./p2operaomnia03ciceuoft_0039.png"; bbox 0 0 1940 3231; ppageno 0'>
   <div class='ocr_carea' id='block_1_1' title="bbox 728 136 1589 176">
    <p class='ocr_par' dir='ltr' id='par_1_1' title="bbox 728 136 1589 176">
     <span class='ocr_line' id='line_1_1' title="bbox 728 136 1589 176; baseline -0.001 0"><span class='ocrx_word' id='word_1_1' title='bbox 728 136 935 176; x_wconf 88' lang='lat' dir='ltr'>LIBER</span> <span class='ocrx_word' id='word_1_2' title='bbox 971 136 1004 174; x_wconf 90' lang='lat'>1.</span> <span class='ocrx_word' id='word_1_3' title='bbox 1512 141 1589 175; x_wconf 79' lang='lat'>463</span> 
     </span>
    </p>
   </div>
   <div class='ocr_carea' id='block_1_2' title="bbox 143 238 1651 2196">
    <p class='ocr_par' dir='ltr' id='par_1_2' title="bbox 143 238 1651 2196">
     <span class='ocr_line' id='line_1_2' title="bbox 143 238 1592 301; baseline -0.003 -14"><span class='ocrx_word' id='word_1_4' title='bbox 143 258 265 299; x_wconf 83' lang='lat' dir='ltr'>quar,</span> <span class='ocrx_word' id='word_1_5' title='bbox 294 244 402 286; x_wconf 85' lang='lat' dir='ltr'>nihil</span> <span class='ocrx_word' id='word_1_6' title='bbox 427 243 606 301; x_wconf 78' lang='lat' dir='ltr'>fingam,</span> <span class='ocrx_word' id='word_1_7' title='bbox 639 241 748 284; x_wconf 88' lang='lat' dir='ltr'>nihil</span> <span class='ocrx_word' id='word_1_8' title='bbox 770 240 1052 290; x_wconf 80' lang='lat' dir='ltr'>dissimulem,</span> <span class='ocrx_word' id='word_1_9' title='bbox 1081 238 1189 280; x_wconf 92' lang='lat' dir='ltr'>nihil</span> <span class='ocrx_word' id='word_1_10' title='bbox 1216 239 1437 295; x_wconf 85' lang='lat' dir='ltr'>obtegam.</span> <span class='ocrx_word' id='word_1_11' title='bbox 1469 241 1592 282; x_wconf 83' lang='lat' dir='ltr'>abest</span> 
     </span>
     <span class='ocr_line' id='line_1_3' title="bbox 144 296 1593 351; baseline -0.003 -9"><span class='ocrx_word' id='word_1_12' title='bbox 144 303 257 343; x_wconf 89' lang='lat' dir='ltr'>enim</span> <span class='ocrx_word' id='word_1_13' title='bbox 284 303 413 343; x_wconf 84' lang='lat' dir='ltr'>frater</span> <span class='ocrx_word' id='word_1_14' title='bbox 434 305 639 351; x_wconf 67' lang='grc' dir='ltr'>ἀφελὲςιιτος</span> <span class='ocrx_word' id='word_1_15' title='bbox 661 312 704 341; x_wconf 89' lang='lat' dir='ltr'>et</span> <span class='ocrx_word' id='word_1_16' title='bbox 726 299 1073 340; x_wconf 77' lang='lat' dir='ltr'>amantissimus:</span> <span class='ocrx_word' id='word_1_17' title='bbox 1109 296 1312 337; x_wconf 78' lang='lat' dir='ltr'>Meteilus</span> <span class='ocrx_word' id='word_1_18' title='bbox 1337 311 1420 337; x_wconf 90' lang='lat' dir='ltr'>non</span> <span class='ocrx_word' id='word_1_19' title='bbox 1446 296 1593 349; x_wconf 83' lang='lat' dir='ltr'>homo,</span> 
     </span>
     <span class='ocr_line' id='line_1_4' title="bbox 148 354 1594 413; baseline -0.003 -13"><span class='ocrx_word' id='word_1_20' title='bbox 148 360 221 400; x_wconf 85' lang='lat' dir='ltr'>sed</span> <span class='ocrx_word' id='word_1_21' title='bbox 253 360 387 410; x_wconf 87' lang='lat' dir='ltr'>littus,</span> <span class='ocrx_word' id='word_1_22' title='bbox 417 370 546 413; x_wconf 85' lang='lat' dir='ltr'>atque</span> <span class='ocrx_word' id='word_1_23' title='bbox 570 357 655 408; x_wconf 81' lang='lat' dir='ltr'>a&#39;er,</span> <span class='ocrx_word' id='word_1_24' title='bbox 684 368 727 398; x_wconf 89' lang='lat' dir='ltr'>et</span> <span class='ocrx_word' id='word_1_25' title='bbox 764 356 952 397; x_wconf 82' lang='lat' dir='ltr'>solitudo</span> <span class='ocrx_word' id='word_1_26' title='bbox 991 369 1132 396; x_wconf 82' lang='lat' dir='ltr'>mera:</span> <span class='ocrx_word' id='word_1_27' title='bbox 1165 365 1210 395; x_wconf 90' lang='lat' dir='ltr'>tu</span> <span class='ocrx_word' id='word_1_28' title='bbox 1236 363 1395 404; x_wconf 84' lang='lat' dir='ltr'>autem,</span> <span class='ocrx_word' id='word_1_29' title='bbox 1418 354 1489 408; x_wconf 87' lang='lat' dir='ltr'>qui</span> <span class='ocrx_word' id='word_1_30' title='bbox 1515 369 1594 395; x_wconf 78' lang='lat' dir='ltr'>sae-</span> 
     </span>
     <span class='ocr_line' id='line_1_5' title="bbox 146 412 1594 472; baseline -0.003 -16"><span class='ocrx_word' id='word_1_31' title='bbox 146 417 322 472; x_wconf 87' lang='lat' dir='ltr'>pissime</span> <span class='ocrx_word' id='word_1_32' title='bbox 346 431 492 458; x_wconf 85' lang='lat' dir='ltr'>curam</span> <span class='ocrx_word' id='word_1_33' title='bbox 524 426 567 455; x_wconf 86' lang='lat' dir='ltr'>et</span> <span class='ocrx_word' id='word_1_34' title='bbox 590 429 797 471; x_wconf 80' lang='lat' dir='ltr'>angorem</span> <span class='ocrx_word' id='word_1_35' title='bbox 830 413 962 454; x_wconf 83' lang='lat' dir='ltr'>animi</span> <span class='ocrx_word' id='word_1_36' title='bbox 996 412 1078 453; x_wconf 87' lang='lat' dir='ltr'>mci</span> <span class='ocrx_word' id='word_1_37' title='bbox 1112 426 1308 452; x_wconf 80' lang='lat' dir='ltr'>sermone</span> <span class='ocrx_word' id='word_1_38' title='bbox 1339 421 1382 451; x_wconf 88' lang='lat' dir='ltr'>et</span> <span class='ocrx_word' id='word_1_39' title='bbox 1413 412 1594 452; x_wconf 86' lang='lat' dir='ltr'>consilio</span> 
     </span>
     <span class='ocr_line' id='line_1_6' title="bbox 144 469 1596 529; baseline -0.004 -15"><span class='ocrx_word' id='word_1_40' title='bbox 144 473 295 514; x_wconf 82' lang='lat' dir='ltr'>levasti</span> <span class='ocrx_word' id='word_1_41' title='bbox 331 485 426 525; x_wconf 83' lang='lat' dir='ltr'>tuo;</span> <span class='ocrx_word' id='word_1_42' title='bbox 462 473 532 529; x_wconf 84' lang='lat' dir='ltr'>qui</span> <span class='ocrx_word' id='word_1_43' title='bbox 565 472 670 513; x_wconf 79' lang='lat' dir='ltr'>milii</span> <span class='ocrx_word' id='word_1_44' title='bbox 693 482 735 513; x_wconf 85' lang='lat' dir='ltr'>et</span> <span class='ocrx_word' id='word_1_45' title='bbox 763 472 806 514; x_wconf 93' lang='lat' dir='ltr'>in</span> <span class='ocrx_word' id='word_1_46' title='bbox 845 471 1016 527; x_wconf 87' lang='lat' dir='ltr'>publica</span> <span class='ocrx_word' id='word_1_47' title='bbox 1045 484 1088 510; x_wconf 92' lang='lat' dir='ltr'>re</span> <span class='ocrx_word' id='word_1_48' title='bbox 1107 471 1264 519; x_wconf 85' lang='lat' dir='ltr'>socius,</span> <span class='ocrx_word' id='word_1_49' title='bbox 1283 479 1327 510; x_wconf 86' lang='lat' dir='ltr'>et</span> <span class='ocrx_word' id='word_1_50' title='bbox 1350 469 1393 509; x_wconf 91' lang='lat' dir='ltr'>in</span> <span class='ocrx_word' id='word_1_51' title='bbox 1416 469 1596 524; x_wconf 85' lang='lat' dir='ltr'>privatis</span> 
     </span>
     <span class='ocr_line' id='line_1_7' title="bbox 144 526 1598 580; baseline -0.005 -8"><span class='ocrx_word' id='word_1_52' title='bbox 144 532 347 572; x_wconf 82' lang='lat' dir='ltr'>omuibus</span> <span class='ocrx_word' id='word_1_53' title='bbox 370 531 584 580; x_wconf 88' lang='lat' dir='ltr'>conscius,</span> <span class='ocrx_word' id='word_1_54' title='bbox 608 540 652 570; x_wconf 89' lang='lat' dir='ltr'>et</span> <span class='ocrx_word' id='word_1_55' title='bbox 671 531 867 570; x_wconf 85' lang='lat' dir='ltr'>omnium</span> <span class='ocrx_word' id='word_1_56' title='bbox 900 542 1094 569; x_wconf 87' lang='lat' dir='ltr'>meorum</span> <span class='ocrx_word' id='word_1_57' title='bbox 1120 541 1366 568; x_wconf 80' lang='lat' dir='ltr'>sermonum</span> <span class='ocrx_word' id='word_1_58' title='bbox 1390 536 1432 566; x_wconf 89' lang='lat' dir='ltr'>et</span> <span class='ocrx_word' id='word_1_59' title='bbox 1455 526 1598 566; x_wconf 87' lang='lat' dir='ltr'>consi-</span> 
     </span>
     <span class='ocr_line' id='line_1_8' title="bbox 143 584 1598 644; baseline -0.003 -16"><span class='ocrx_word' id='word_1_60' title='bbox 143 588 296 628; x_wconf 89' lang='lat' dir='ltr'>liorum</span> <span class='ocrx_word' id='word_1_61' title='bbox 324 589 537 644; x_wconf 79' lang='lat' dir='ltr'>particeps</span> <span class='ocrx_word' id='word_1_62' title='bbox 557 602 648 628; x_wconf 85' lang='lat' dir='ltr'>esse</span> <span class='ocrx_word' id='word_1_63' title='bbox 668 587 791 637; x_wconf 84' lang='lat' dir='ltr'>soles,</span> <span class='ocrx_word' id='word_1_64' title='bbox 813 586 984 627; x_wconf 82' lang='lat' dir='ltr'>ubinam</span> <span class='ocrx_word' id='word_1_65' title='bbox 1010 587 1083 625; x_wconf 86' lang='lat' dir='ltr'>es?</span> <span class='ocrx_word' id='word_1_66' title='bbox 1117 586 1176 625; x_wconf 86' lang='lat' dir='ltr'>ita</span> <span class='ocrx_word' id='word_1_67' title='bbox 1200 600 1292 626; x_wconf 83' lang='lat' dir='ltr'>sum</span> <span class='ocrx_word' id='word_1_68' title='bbox 1317 585 1371 624; x_wconf 88' lang='lat' dir='ltr'>ab</span> <span class='ocrx_word' id='word_1_69' title='bbox 1395 584 1598 624; x_wconf 86' lang='lat' dir='ltr'>omnibus</span> 
     </span>
     <span class='ocr_line' id='line_1_9' title="bbox 143 643 1599 699; baseline -0.003 -13"><span class='ocrx_word' id='word_1_70' title='bbox 143 645 391 697; x_wconf 79' lang='lat' dir='ltr'>destitutus,</span> <span class='ocrx_word' id='word_1_71' title='bbox 413 656 459 686; x_wconf 86' lang='lat' dir='ltr'>ut</span> <span class='ocrx_word' id='word_1_72' title='bbox 475 655 644 686; x_wconf 84' lang='lat' dir='ltr'>tantum</span> <span class='ocrx_word' id='word_1_73' title='bbox 663 645 867 699; x_wconf 73' lang='lat' dir='ltr'>requietis</span> <span class='ocrx_word' id='word_1_74' title='bbox 888 643 1086 692; x_wconf 77' lang='lat' dir='ltr'>habeam,</span> <span class='ocrx_word' id='word_1_75' title='bbox 1105 653 1313 696; x_wconf 82' lang='lat' dir='ltr'>quantum</span> <span class='ocrx_word' id='word_1_76' title='bbox 1331 656 1429 682; x_wconf 89' lang='lat' dir='ltr'>cum</span> <span class='ocrx_word' id='word_1_77' title='bbox 1450 655 1599 689; x_wconf 82' lang='lat' dir='ltr'>uxore,</span> 
     </span>
     <span class='ocr_line' id='line_1_10' title="bbox 145 699 1601 754; baseline -0.003 -10"><span class='ocrx_word' id='word_1_78' title='bbox 145 711 189 744; x_wconf 85' lang='lat' dir='ltr'>et</span> <span class='ocrx_word' id='word_1_79' title='bbox 225 702 372 754; x_wconf 87' lang='lat' dir='ltr'>filiola,</span> <span class='ocrx_word' id='word_1_80' title='bbox 407 714 450 743; x_wconf 86' lang='lat' dir='ltr'>et</span> <span class='ocrx_word' id='word_1_81' title='bbox 475 702 637 743; x_wconf 83' lang='lat' dir='ltr'>mellito</span> <span class='ocrx_word' id='word_1_82' title='bbox 667 702 879 742; x_wconf 73' lang='lat' dir='ltr'>Cicerone</span> <span class='ocrx_word' id='word_1_83' title='bbox 902 699 1188 741; x_wconf 74' lang='lat' dir='ltr'>consumitur.</span> <span class='ocrx_word' id='word_1_84' title='bbox 1219 714 1316 740; x_wconf 83' lang='lat' dir='ltr'>nam</span> <span class='ocrx_word' id='word_1_85' title='bbox 1350 699 1432 740; x_wconf 87' lang='lat' dir='ltr'>illae</span> <span class='ocrx_word' id='word_1_86' title='bbox 1462 699 1601 739; x_wconf 89' lang='lat' dir='ltr'>ambi-</span> 
     </span>
     <span class='ocr_line' id='line_1_11' title="bbox 149 756 1601 815; baseline -0.003 -15"><span class='ocrx_word' id='word_1_87' title='bbox 149 759 272 801; x_wconf 88' lang='lat' dir='ltr'>tiosae</span> <span class='ocrx_word' id='word_1_88' title='bbox 296 771 454 801; x_wconf 84' lang='lat' dir='ltr'>nostrae</span> <span class='ocrx_word' id='word_1_89' title='bbox 479 760 728 815; x_wconf 68' lang='lat' dir='ltr'>fucosaeque</span> <span class='ocrx_word' id='word_1_90' title='bbox 751 758 956 800; x_wconf 80' lang='lat' dir='ltr'>amicitiae</span> <span class='ocrx_word' id='word_1_91' title='bbox 981 758 1144 797; x_wconf 79' lang='lat' dir='ltr'>suntin</span> <span class='ocrx_word' id='word_1_92' title='bbox 1161 757 1349 812; x_wconf 83' lang='lat' dir='ltr'>quodam</span> <span class='ocrx_word' id='word_1_93' title='bbox 1373 756 1601 812; x_wconf 83' lang='lat' dir='ltr'>splendore</span> 
     </span>
     <span class='ocr_line' id='line_1_12' title="bbox 149 815 1602 870; baseline -0.003 -12"><span class='ocrx_word' id='word_1_94' title='bbox 149 816 332 869; x_wconf 81' lang='lat' dir='ltr'>forensi3</span> <span class='ocrx_word' id='word_1_95' title='bbox 365 817 553 858; x_wconf 84' lang='lat' dir='ltr'>fructum</span> <span class='ocrx_word' id='word_1_96' title='bbox 580 817 867 858; x_wconf 83' lang='lat' dir='ltr'>domesticum</span> <span class='ocrx_word' id='word_1_97' title='bbox 887 830 972 856; x_wconf 83' lang='lat' dir='ltr'>non</span> <span class='ocrx_word' id='word_1_98' title='bbox 997 815 1174 856; x_wconf 84' lang='lat' dir='ltr'>habent.</span> <span class='ocrx_word' id='word_1_99' title='bbox 1198 815 1471 870; x_wconf 84' lang='lat' dir='ltr'>itaque,cum</span> <span class='ocrx_word' id='word_1_100' title='bbox 1494 815 1602 855; x_wconf 89' lang='lat' dir='ltr'>bene</span> 
     </span>
     <span class='ocr_line' id='line_1_13' title="bbox 147 871 1604 931; baseline -0.003 -16"><span class='ocrx_word' id='word_1_101' title='bbox 147 876 362 931; x_wconf 77' lang='lat' dir='ltr'>completa</span> <span class='ocrx_word' id='word_1_102' title='bbox 388 875 540 916; x_wconf 81' lang='lat' dir='ltr'>domus</span> <span class='ocrx_word' id='word_1_103' title='bbox 564 884 642 926; x_wconf 88' lang='lat' dir='ltr'>est,</span> <span class='ocrx_word' id='word_1_104' title='bbox 674 884 869 931; x_wconf 86' lang='lat' dir='ltr'>tempore</span> <span class='ocrx_word' id='word_1_105' title='bbox 906 873 1134 924; x_wconf 86' lang='lat' dir='ltr'>matutino,</span> <span class='ocrx_word' id='word_1_106' title='bbox 1157 887 1255 913; x_wconf 90' lang='lat' dir='ltr'>cum</span> <span class='ocrx_word' id='word_1_107' title='bbox 1279 872 1331 913; x_wconf 83' lang='lat' dir='ltr'>ad</span> <span class='ocrx_word' id='word_1_108' title='bbox 1356 871 1498 912; x_wconf 83' lang='lat' dir='ltr'>forum</span> <span class='ocrx_word' id='word_1_109' title='bbox 1527 872 1604 911; x_wconf 89' lang='lat' dir='ltr'>sti-</span> 
     </span>
     <span class='ocr_line' id='line_1_14' title="bbox 147 931 1606 989; baseline -0.002 -17"><span class='ocrx_word' id='word_1_110' title='bbox 147 934 236 986; x_wconf 89' lang='lat' dir='ltr'>pati</span> <span class='ocrx_word' id='word_1_111' title='bbox 273 933 478 989; x_wconf 61' lang='lat' dir='ltr'>gregibus</span> <span class='ocrx_word' id='word_1_112' title='bbox 514 932 754 974; x_wconf 84' lang='lat' dir='ltr'>amicorum</span> <span class='ocrx_word' id='word_1_113' title='bbox 783 931 1100 979; x_wconf 79' lang='lat' dir='ltr'>descendimus,</span> <span class='ocrx_word' id='word_1_114' title='bbox 1132 931 1317 985; x_wconf 84' lang='lat' dir='ltr'>reperire</span> <span class='ocrx_word' id='word_1_115' title='bbox 1353 943 1407 970; x_wconf 68' lang='lat' dir='ltr'>ex</span> <span class='ocrx_word' id='word_1_116' title='bbox 1445 943 1606 985; x_wconf 83' lang='lat' dir='ltr'>magna</span> 
     </span>
     <span class='ocr_line' id='line_1_15' title="bbox 146 988 1606 1046; baseline -0.001 -17"><span class='ocrx_word' id='word_1_117' title='bbox 146 991 274 1031; x_wconf 87' lang='lat' dir='ltr'>turba</span> <span class='ocrx_word' id='word_1_118' title='bbox 311 992 526 1031; x_wconf 85' lang='lat' dir='ltr'>neminem</span> <span class='ocrx_word' id='word_1_119' title='bbox 561 1004 803 1046; x_wconf 89' lang='lat' dir='ltr'>possumus,</span> <span class='ocrx_word' id='word_1_120' title='bbox 839 1002 1027 1043; x_wconf 88' lang='lat' dir='ltr'>quocum</span> <span class='ocrx_word' id='word_1_121' title='bbox 1069 996 1144 1028; x_wconf 81' lang='lat' dir='ltr'>aut</span> <span class='ocrx_word' id='word_1_122' title='bbox 1170 988 1311 1042; x_wconf 84' lang='lat' dir='ltr'>jocari</span> <span class='ocrx_word' id='word_1_123' title='bbox 1349 988 1494 1036; x_wconf 87' lang='lat' dir='ltr'>libere,</span> <span class='ocrx_word' id='word_1_124' title='bbox 1529 997 1606 1027; x_wconf 81' lang='lat' dir='ltr'>aut</span> 
     </span>
     <span class='ocr_line' id='line_1_16' title="bbox 147 1047 1606 1103; baseline -0.002 -16"><span class='ocrx_word' id='word_1_125' title='bbox 147 1048 362 1103; x_wconf 82' lang='lat' dir='ltr'>suspirare</span> <span class='ocrx_word' id='word_1_126' title='bbox 396 1048 664 1088; x_wconf 79' lang='lat' dir='ltr'>familiariter</span> <span class='ocrx_word' id='word_1_127' title='bbox 701 1047 930 1103; x_wconf 89' lang='lat' dir='ltr'>possimus.</span> <span class='ocrx_word' id='word_1_128' title='bbox 962 1058 1094 1100; x_wconf 84' lang='lat' dir='ltr'>quare</span> <span class='ocrx_word' id='word_1_129' title='bbox 1134 1055 1176 1085; x_wconf 86' lang='lat' dir='ltr'>te</span> <span class='ocrx_word' id='word_1_130' title='bbox 1209 1054 1529 1100; x_wconf 82' lang='lat' dir='ltr'>exspectamus,</span> <span class='ocrx_word' id='word_1_131' title='bbox 1563 1055 1606 1084; x_wconf 89' lang='lat' dir='ltr'>te</span> 
     </span>
     <span class='ocr_line' id='line_1_17' title="bbox 147 1102 1605 1160; baseline -0.003 -14"><span class='ocrx_word' id='word_1_132' title='bbox 147 1104 457 1156; x_wconf 77' lang='lat' dir='ltr'>desideramus,</span> <span class='ocrx_word' id='word_1_133' title='bbox 497 1115 537 1145; x_wconf 86' lang='lat' dir='ltr'>te</span> <span class='ocrx_word' id='word_1_134' title='bbox 563 1106 655 1160; x_wconf 87' lang='lat' dir='ltr'>jam</span> <span class='ocrx_word' id='word_1_135' title='bbox 690 1105 819 1144; x_wconf 87' lang='lat' dir='ltr'>etiam</span> <span class='ocrx_word' id='word_1_136' title='bbox 855 1102 1125 1143; x_wconf 79' lang='lat' dir='ltr'>arcessimus.</span> <span class='ocrx_word' id='word_1_137' title='bbox 1171 1105 1206 1136; x_wconf 91' lang='lat'>19</span> <span class='ocrx_word' id='word_1_138' title='bbox 1222 1103 1357 1142; x_wconf 86' lang='lat' dir='ltr'>multa</span> <span class='ocrx_word' id='word_1_139' title='bbox 1388 1102 1504 1142; x_wconf 90' lang='lat' dir='ltr'>enim</span> <span class='ocrx_word' id='word_1_140' title='bbox 1537 1116 1605 1142; x_wconf 90' lang='lat' dir='ltr'>me</span> 
     </span>
     <span class='ocr_line' id='line_1_18' title="bbox 148 1159 1604 1218; baseline -0.002 -16"><span class='ocrx_word' id='word_1_141' title='bbox 148 1163 383 1204; x_wconf 75' lang='lat' dir='ltr'>sollicitant</span> <span class='ocrx_word' id='word_1_142' title='bbox 406 1174 674 1218; x_wconf 82' lang='lat' dir='ltr'>auguntque,</span> <span class='ocrx_word' id='word_1_143' title='bbox 704 1176 802 1216; x_wconf 83' lang='lat' dir='ltr'>quae</span> <span class='ocrx_word' id='word_1_144' title='bbox 826 1159 932 1201; x_wconf 85' lang='lat' dir='ltr'>mihi</span> <span class='ocrx_word' id='word_1_145' title='bbox 958 1159 1121 1210; x_wconf 82' lang='lat' dir='ltr'>videor,</span> <span class='ocrx_word' id='word_1_146' title='bbox 1151 1174 1274 1200; x_wconf 88' lang='lat' dir='ltr'>aures</span> <span class='ocrx_word' id='word_1_147' title='bbox 1307 1168 1459 1200; x_wconf 85' lang='lat' dir='ltr'>nactus</span> <span class='ocrx_word' id='word_1_148' title='bbox 1495 1169 1604 1210; x_wconf 85' lang='lat' dir='ltr'>tuas,</span> 
     </span>
     <span class='ocr_line' id='line_1_19' title="bbox 150 1216 1651 1273; baseline -0.002 -14"><span class='ocrx_word' id='word_1_149' title='bbox 150 1222 277 1261; x_wconf 86' lang='lat' dir='ltr'>unius</span> <span class='ocrx_word' id='word_1_150' title='bbox 301 1220 609 1261; x_wconf 81' lang='lat' dir='ltr'>ambulationis</span> <span class='ocrx_word' id='word_1_151' title='bbox 634 1233 831 1259; x_wconf 86' lang='lat' dir='ltr'>sermone</span> <span class='ocrx_word' id='word_1_152' title='bbox 853 1217 1083 1258; x_wconf 80' lang='lat' dir='ltr'>exhaurire</span> <span class='ocrx_word' id='word_1_153' title='bbox 1107 1232 1248 1273; x_wconf 87' lang='lat' dir='ltr'>posse.</span> <span class='ocrx_word' id='word_1_154' title='bbox 1307 1216 1375 1257; x_wconf 89' lang='lat' dir='ltr'>Ac</span> <span class='ocrx_word' id='word_1_155' title='bbox 1398 1216 1603 1257; x_wconf 87' lang='lat' dir='ltr'>domesti-</span> <span class='ocrx_word' id='word_1_156' title='bbox 1617 1234 1651 1265; x_wconf 71' lang='lat' dir='ltr'>b,</span> 
     </span>
     <span class='ocr_line' id='line_1_20' title="bbox 149 1274 1606 1334; baseline -0.003 -16"><span class='ocrx_word' id='word_1_157' title='bbox 149 1292 298 1319; x_wconf 84' lang='lat' dir='ltr'>carum</span> <span class='ocrx_word' id='word_1_158' title='bbox 334 1278 508 1334; x_wconf 87' lang='lat' dir='ltr'>quidem</span> <span class='ocrx_word' id='word_1_159' title='bbox 542 1277 882 1317; x_wconf 82' lang='lat' dir='ltr'>sollicitudinum</span> <span class='ocrx_word' id='word_1_160' title='bbox 919 1275 1089 1315; x_wconf 84' lang='lat' dir='ltr'>aculeos</span> <span class='ocrx_word' id='word_1_161' title='bbox 1124 1290 1273 1316; x_wconf 87' lang='lat' dir='ltr'>omnes</span> <span class='ocrx_word' id='word_1_162' title='bbox 1310 1285 1353 1315; x_wconf 89' lang='lat' dir='ltr'>et</span> <span class='ocrx_word' id='word_1_163' title='bbox 1382 1274 1606 1330; x_wconf 81' lang='lat' dir='ltr'>scrupulos</span> 
     </span>
     <span class='ocr_line' id='line_1_21' title="bbox 151 1332 1608 1390; baseline -0.002 -15"><span class='ocrx_word' id='word_1_164' title='bbox 151 1336 410 1376; x_wconf 81' lang='lat' dir='ltr'>occultabo:</span> <span class='ocrx_word' id='word_1_165' title='bbox 444 1337 484 1366; x_wconf 73' lang='lat'>90</span> <span class='ocrx_word' id='word_1_166' title='bbox 499 1349 638 1390; x_wconf 89' lang='lat' dir='ltr'>neque</span> <span class='ocrx_word' id='word_1_167' title='bbox 671 1349 754 1390; x_wconf 85' lang='lat' dir='ltr'>ego</span> <span class='ocrx_word' id='word_1_168' title='bbox 789 1334 890 1374; x_wconf 88' lang='lat' dir='ltr'>huic</span> <span class='ocrx_word' id='word_1_169' title='bbox 921 1332 1117 1389; x_wconf 83' lang='lat' dir='ltr'>epistolae</span> <span class='ocrx_word' id='word_1_170' title='bbox 1141 1342 1271 1388; x_wconf 87' lang='lat' dir='ltr'>atque</span> <span class='ocrx_word' id='word_1_171' title='bbox 1295 1333 1447 1388; x_wconf 84' lang='lat' dir='ltr'>ignoto</span> <span class='ocrx_word' id='word_1_172' title='bbox 1471 1332 1608 1372; x_wconf 85' lang='lat' dir='ltr'>tabel-</span> 
     </span>
     <span class='ocr_line' id='line_1_22' title="bbox 151 1390 1610 1447; baseline -0.001 -15"><span class='ocrx_word' id='word_1_173' title='bbox 151 1391 257 1434; x_wconf 86' lang='lat' dir='ltr'>lario</span> <span class='ocrx_word' id='word_1_174' title='bbox 279 1393 568 1433; x_wconf 83' lang='lat' dir='ltr'>committam.</span> <span class='ocrx_word' id='word_1_175' title='bbox 629 1391 776 1447; x_wconf 90' lang='lat' dir='ltr'>Atque</span> <span class='ocrx_word' id='word_1_176' title='bbox 799 1392 842 1432; x_wconf 85' lang='lat' dir='ltr'>hi</span> <span class='ocrx_word' id='word_1_177' title='bbox 879 1391 999 1444; x_wconf 89' lang='lat' dir='ltr'>(nolo</span> <span class='ocrx_word' id='word_1_178' title='bbox 1022 1391 1138 1430; x_wconf 87' lang='lat' dir='ltr'>enim</span> <span class='ocrx_word' id='word_1_179' title='bbox 1163 1401 1204 1430; x_wconf 93' lang='lat' dir='ltr'>te</span> <span class='ocrx_word' id='word_1_180' title='bbox 1227 1390 1489 1446; x_wconf 85' lang='lat' dir='ltr'>permoveri)</span> <span class='ocrx_word' id='word_1_181' title='bbox 1522 1404 1610 1430; x_wconf 89' lang='lat' dir='ltr'>non</span> 
     </span>
     <span class='ocr_line' id='line_1_23' title="bbox 150 1446 1610 1505; baseline -0.002 -15"><span class='ocrx_word' id='word_1_182' title='bbox 150 1460 252 1504; x_wconf 81' lang='lat' dir='ltr'>sunt</span> <span class='ocrx_word' id='word_1_183' title='bbox 283 1450 544 1505; x_wconf 66' lang='lat' dir='ltr'>permolesss,</span> <span class='ocrx_word' id='word_1_184' title='bbox 583 1450 655 1490; x_wconf 87' lang='lat' dir='ltr'>sed</span> <span class='ocrx_word' id='word_1_185' title='bbox 693 1460 835 1489; x_wconf 83' lang='lat' dir='ltr'>tamen</span> <span class='ocrx_word' id='word_1_186' title='bbox 877 1448 1067 1489; x_wconf 86' lang='lat' dir='ltr'>insident</span> <span class='ocrx_word' id='word_1_187' title='bbox 1100 1458 1144 1488; x_wconf 88' lang='lat' dir='ltr'>et</span> <span class='ocrx_word' id='word_1_188' title='bbox 1183 1457 1352 1504; x_wconf 86' lang='lat' dir='ltr'>urgent,</span> <span class='ocrx_word' id='word_1_189' title='bbox 1383 1459 1425 1488; x_wconf 87' lang='lat' dir='ltr'>et</span> <span class='ocrx_word' id='word_1_190' title='bbox 1453 1446 1610 1488; x_wconf 85' lang='lat' dir='ltr'>nullius</span> 
     </span>
     <span class='ocr_line' id='line_1_24' title="bbox 151 1504 1612 1560; baseline -0.001 -13"><span class='ocrx_word' id='word_1_191' title='bbox 151 1508 336 1548; x_wconf 83' lang='lat' dir='ltr'>amantis</span> <span class='ocrx_word' id='word_1_192' title='bbox 379 1508 561 1549; x_wconf 86' lang='lat' dir='ltr'>consilio</span> <span class='ocrx_word' id='word_1_193' title='bbox 596 1516 670 1547; x_wconf 83' lang='lat' dir='ltr'>aut</span> <span class='ocrx_word' id='word_1_194' title='bbox 706 1521 902 1547; x_wconf 88' lang='lat' dir='ltr'>sermone</span> <span class='ocrx_word' id='word_1_195' title='bbox 942 1505 1232 1560; x_wconf 81' lang='lat' dir='ltr'>requiescunt.</span> <span class='ocrx_word' id='word_1_196' title='bbox 1296 1505 1346 1546; x_wconf 92' lang='lat' dir='ltr'>In</span> <span class='ocrx_word' id='word_1_197' title='bbox 1388 1504 1612 1560; x_wconf 84' lang='lat' dir='ltr'>republica</span> 
     </span>
     <span class='ocr_line' id='line_1_25' title="bbox 153 1563 1610 1620; baseline -0.001 -16"><span class='ocrx_word' id='word_1_198' title='bbox 153 1579 270 1615; x_wconf 87' lang='lat' dir='ltr'>vero,</span> <span class='ocrx_word' id='word_1_199' title='bbox 308 1580 569 1620; x_wconf 83' lang='lat' dir='ltr'>quamquam</span> <span class='ocrx_word' id='word_1_200' title='bbox 609 1565 778 1605; x_wconf 83' lang='lat' dir='ltr'>animus</span> <span class='ocrx_word' id='word_1_201' title='bbox 821 1574 886 1604; x_wconf 86' lang='lat' dir='ltr'>est</span> <span class='ocrx_word' id='word_1_202' title='bbox 928 1577 1134 1619; x_wconf 86' lang='lat' dir='ltr'>praesens,</span> <span class='ocrx_word' id='word_1_203' title='bbox 1167 1565 1204 1592; x_wconf 82' lang='lat'>21</span> <span class='ocrx_word' id='word_1_204' title='bbox 1224 1572 1366 1604; x_wconf 88' lang='lat' dir='ltr'>tamen</span> <span class='ocrx_word' id='word_1_205' title='bbox 1412 1563 1610 1611; x_wconf 67' lang='lat' dir='ltr'>voluntas</span> 
     </span>
     <span class='ocr_line' id='line_1_26' title="bbox 151 1619 1611 1678; baseline -0.002 -15"><span class='ocrx_word' id='word_1_206' title='bbox 151 1623 285 1663; x_wconf 77' lang='lat' dir='ltr'>etiam</span> <span class='ocrx_word' id='word_1_207' title='bbox 308 1632 438 1678; x_wconf 85' lang='lat' dir='ltr'>atque</span> <span class='ocrx_word' id='word_1_208' title='bbox 471 1624 603 1663; x_wconf 87' lang='lat' dir='ltr'>etiam</span> <span class='ocrx_word' id='word_1_209' title='bbox 628 1624 721 1678; x_wconf 85' lang='lat' dir='ltr'>ipsa</span> <span class='ocrx_word' id='word_1_210' title='bbox 744 1622 1006 1663; x_wconf 85' lang='lat' dir='ltr'>medicinam</span> <span class='ocrx_word' id='word_1_211' title='bbox 1029 1619 1199 1676; x_wconf 81' lang='lat' dir='ltr'>effugit.</span> <span class='ocrx_word' id='word_1_212' title='bbox 1225 1635 1339 1670; x_wconf 85' lang='lat' dir='ltr'>nain,</span> <span class='ocrx_word' id='word_1_213' title='bbox 1363 1631 1411 1661; x_wconf 88' lang='lat' dir='ltr'>ut</span> <span class='ocrx_word' id='word_1_214' title='bbox 1442 1634 1492 1660; x_wconf 87' lang='lat' dir='ltr'>ea</span> <span class='ocrx_word' id='word_1_215' title='bbox 1514 1621 1611 1661; x_wconf 91' lang='lat' dir='ltr'>bre-</span> 
     </span>
     <span class='ocr_line' id='line_1_27' title="bbox 152 1677 1612 1736; baseline -0.002 -15"><span class='ocrx_word' id='word_1_216' title='bbox 152 1680 278 1731; x_wconf 86' lang='lat' dir='ltr'>viter,</span> <span class='ocrx_word' id='word_1_217' title='bbox 308 1695 405 1736; x_wconf 87' lang='lat' dir='ltr'>quae</span> <span class='ocrx_word' id='word_1_218' title='bbox 445 1690 545 1736; x_wconf 84' lang='lat' dir='ltr'>post</span> <span class='ocrx_word' id='word_1_219' title='bbox 582 1688 704 1720; x_wconf 88' lang='lat' dir='ltr'>tuum</span> <span class='ocrx_word' id='word_1_220' title='bbox 737 1680 973 1720; x_wconf 86' lang='lat' dir='ltr'>discessum</span> <span class='ocrx_word' id='word_1_221' title='bbox 1008 1688 1105 1719; x_wconf 82' lang='lat' dir='ltr'>acta</span> <span class='ocrx_word' id='word_1_222' title='bbox 1139 1688 1254 1729; x_wconf 84' lang='lat' dir='ltr'>sunt,</span> <span class='ocrx_word' id='word_1_223' title='bbox 1279 1677 1612 1734; x_wconf 82' lang='lat' dir='ltr'>colligam,jam</span> 
     </span>
     <span class='ocr_line' id='line_1_28' title="bbox 151 1736 1611 1791; baseline -0.001 -13"><span class='ocrx_word' id='word_1_224' title='bbox 151 1738 370 1778; x_wconf 80' lang='lat' dir='ltr'>exclames</span> <span class='ocrx_word' id='word_1_225' title='bbox 391 1752 565 1779; x_wconf 88' lang='lat' dir='ltr'>necesse</span> <span class='ocrx_word' id='word_1_226' title='bbox 587 1747 666 1789; x_wconf 88' lang='lat' dir='ltr'>est,</span> <span class='ocrx_word' id='word_1_227' title='bbox 692 1752 756 1778; x_wconf 85' lang='lat' dir='ltr'>res</span> <span class='ocrx_word' id='word_1_228' title='bbox 790 1737 1011 1778; x_wconf 80' lang='lat' dir='ltr'>Romanas</span> <span class='ocrx_word' id='word_1_229' title='bbox 1035 1736 1199 1777; x_wconf 84' lang='lat' dir='ltr'>diutius</span> <span class='ocrx_word' id='word_1_230' title='bbox 1223 1748 1335 1777; x_wconf 83' lang='lat' dir='ltr'>stare</span> <span class='ocrx_word' id='word_1_231' title='bbox 1359 1750 1442 1777; x_wconf 90' lang='lat' dir='ltr'>non</span> <span class='ocrx_word' id='word_1_232' title='bbox 1469 1749 1611 1791; x_wconf 84' lang='lat' dir='ltr'>posse.</span> 
     </span>
     <span class='ocr_line' id='line_1_29' title="bbox 147 1793 1612 1851; baseline -0.001 -16"><span class='ocrx_word' id='word_1_233' title='bbox 147 1794 344 1846; x_wconf 81' lang='lat' dir='ltr'>Etenim,</span> <span class='ocrx_word' id='word_1_234' title='bbox 377 1806 475 1851; x_wconf 88' lang='lat' dir='ltr'>post</span> <span class='ocrx_word' id='word_1_235' title='bbox 510 1794 825 1851; x_wconf 83' lang='lat' dir='ltr'>profectionem</span> <span class='ocrx_word' id='word_1_236' title='bbox 864 1804 997 1844; x_wconf 87' lang='lat' dir='ltr'>tuam,</span> <span class='ocrx_word' id='word_1_237' title='bbox 1021 1795 1062 1825; x_wconf 69' lang='lat'>22</span> <span class='ocrx_word' id='word_1_238' title='bbox 1080 1793 1257 1849; x_wconf 88' lang='lat' dir='ltr'>primus,</span> <span class='ocrx_word' id='word_1_239' title='bbox 1281 1804 1329 1835; x_wconf 90' lang='lat' dir='ltr'>ut</span> <span class='ocrx_word' id='word_1_240' title='bbox 1350 1794 1522 1849; x_wconf 91' lang='lat' dir='ltr'>opinor,</span> <span class='ocrx_word' id='word_1_241' title='bbox 1545 1793 1612 1834; x_wconf 87' lang='lat' dir='ltr'>in-</span> 
     </span>
     <span class='ocr_line' id='line_1_30' title="bbox 155 1851 1610 1908; baseline -0.002 -15"><span class='ocrx_word' id='word_1_242' title='bbox 155 1854 309 1894; x_wconf 84' lang='lat' dir='ltr'>troitus</span> <span class='ocrx_word' id='word_1_243' title='bbox 334 1852 418 1894; x_wconf 91' lang='lat' dir='ltr'>fuit</span> <span class='ocrx_word' id='word_1_244' title='bbox 441 1854 484 1894; x_wconf 89' lang='lat' dir='ltr'>in</span> <span class='ocrx_word' id='word_1_245' title='bbox 508 1867 680 1893; x_wconf 80' lang='lat' dir='ltr'>causam</span> <span class='ocrx_word' id='word_1_246' title='bbox 706 1852 864 1893; x_wconf 82' lang='lat' dir='ltr'>fabulae</span> <span class='ocrx_word' id='word_1_247' title='bbox 891 1851 1140 1902; x_wconf 83' lang='lat' dir='ltr'>Clodianae3</span> <span class='ocrx_word' id='word_1_248' title='bbox 1174 1851 1215 1890; x_wconf 90' lang='lat' dir='ltr'>in</span> <span class='ocrx_word' id='word_1_249' title='bbox 1237 1866 1322 1906; x_wconf 88' lang='lat' dir='ltr'>qua</span> <span class='ocrx_word' id='word_1_250' title='bbox 1344 1866 1427 1908; x_wconf 80' lang='lat' dir='ltr'>ego</span> <span class='ocrx_word' id='word_1_251' title='bbox 1442 1860 1610 1902; x_wconf 87' lang='lat' dir='ltr'>nactus,</span> 
     </span>
     <span class='ocr_line' id='line_1_31' title="bbox 155 1907 1611 1960; baseline -0.001 -10"><span class='ocrx_word' id='word_1_252' title='bbox 155 1920 204 1951; x_wconf 89' lang='lat' dir='ltr'>ut</span> <span class='ocrx_word' id='word_1_253' title='bbox 226 1911 332 1951; x_wconf 85' lang='lat' dir='ltr'>mihi</span> <span class='ocrx_word' id='word_1_254' title='bbox 360 1911 548 1959; x_wconf 86' lang='lat' dir='ltr'>videbar,</span> <span class='ocrx_word' id='word_1_255' title='bbox 581 1910 723 1951; x_wconf 90' lang='lat' dir='ltr'>locum</span> <span class='ocrx_word' id='word_1_256' title='bbox 759 1909 1003 1951; x_wconf 77' lang='lat' dir='ltr'>resecandae</span> <span class='ocrx_word' id='word_1_257' title='bbox 1038 1908 1247 1960; x_wconf 87' lang='lat' dir='ltr'>libidinis,</span> <span class='ocrx_word' id='word_1_258' title='bbox 1279 1919 1323 1950; x_wconf 90' lang='lat' dir='ltr'>et</span> <span class='ocrx_word' id='word_1_259' title='bbox 1358 1907 1611 1950; x_wconf 80' lang='lat' dir='ltr'>co‘e&#39;rcendae</span> 
     </span>
     <span class='ocr_line' id='line_1_32' title="bbox 147 1965 1612 2023; baseline -0.001 -15"><span class='ocrx_word' id='word_1_260' title='bbox 147 1968 410 2023; x_wconf 84' lang='lat' dir='ltr'>juventutis,</span> <span class='ocrx_word' id='word_1_261' title='bbox 435 1968 666 2009; x_wconf 88' lang='lat' dir='ltr'>vehemens</span> <span class='ocrx_word' id='word_1_262' title='bbox 693 1968 771 2018; x_wconf 86' lang='lat' dir='ltr'>fui,</span> <span class='ocrx_word' id='word_1_263' title='bbox 806 1978 849 2008; x_wconf 85' lang='lat' dir='ltr'>et</span> <span class='ocrx_word' id='word_1_264' title='bbox 882 1981 1032 2007; x_wconf 90' lang='lat' dir='ltr'>omnes</span> <span class='ocrx_word' id='word_1_265' title='bbox 1056 1965 1228 2022; x_wconf 89' lang='lat' dir='ltr'>profudi</span> <span class='ocrx_word' id='word_1_266' title='bbox 1256 1968 1365 2008; x_wconf 89' lang='lat' dir='ltr'>vires</span> <span class='ocrx_word' id='word_1_267' title='bbox 1388 1965 1524 2007; x_wconf 81' lang='lat' dir='ltr'>animi</span> <span class='ocrx_word' id='word_1_268' title='bbox 1547 1974 1612 2007; x_wconf 83' lang='lat' dir='ltr'>at-</span> 
     </span>
     <span class='ocr_line' id='line_1_33' title="bbox 155 2023 1612 2081; baseline -0.001 -16"><span class='ocrx_word' id='word_1_269' title='bbox 155 2039 240 2080; x_wconf 84' lang='lat' dir='ltr'>que</span> <span class='ocrx_word' id='word_1_270' title='bbox 276 2025 440 2081; x_wconf 84' lang='lat' dir='ltr'>ingenii</span> <span class='ocrx_word' id='word_1_271' title='bbox 477 2026 576 2076; x_wconf 89' lang='lat' dir='ltr'>mei,</span> <span class='ocrx_word' id='word_1_272' title='bbox 600 2041 685 2066; x_wconf 90' lang='lat' dir='ltr'>non</span> <span class='ocrx_word' id='word_1_273' title='bbox 710 2025 811 2066; x_wconf 88' lang='lat' dir='ltr'>odio</span> <span class='ocrx_word' id='word_1_274' title='bbox 840 2025 1053 2065; x_wconf 84' lang='lat' dir='ltr'>adductus</span> <span class='ocrx_word' id='word_1_275' title='bbox 1082 2023 1280 2079; x_wconf 80' lang='lat' dir='ltr'>alicujuS,</span> <span class='ocrx_word' id='word_1_276' title='bbox 1315 2024 1389 2066; x_wconf 88' lang='lat' dir='ltr'>scd</span> <span class='ocrx_word' id='word_1_277' title='bbox 1427 2037 1502 2080; x_wconf 87' lang='lat' dir='ltr'>spe</span> <span class='ocrx_word' id='word_1_278' title='bbox 1531 2023 1612 2064; x_wconf 88' lang='lat' dir='ltr'>rei-</span> 
     </span>
     <span class='ocr_line' id='line_1_34' title="bbox 156 2081 1613 2139; baseline -0.002 -16"><span class='ocrx_word' id='word_1_279' title='bbox 156 2082 344 2138; x_wconf 84' lang='lat' dir='ltr'>publicae</span> <span class='ocrx_word' id='word_1_280' title='bbox 369 2083 654 2139; x_wconf 83' lang='lat' dir='ltr'>corrigendae,</span> <span class='ocrx_word' id='word_1_281' title='bbox 685 2093 728 2123; x_wconf 89' lang='lat' dir='ltr'>et</span> <span class='ocrx_word' id='word_1_282' title='bbox 762 2083 964 2123; x_wconf 84' lang='lat' dir='ltr'>sanandae</span> <span class='ocrx_word' id='word_1_283' title='bbox 993 2081 1201 2123; x_wconf 84' lang='lat' dir='ltr'>civitatis.</span> <span class='ocrx_word' id='word_1_284' title='bbox 1261 2081 1442 2123; x_wconf 81' lang='lat' dir='ltr'>Afflicta</span> <span class='ocrx_word' id='word_1_285' title='bbox 1466 2095 1613 2136; x_wconf 89' lang='lat' dir='ltr'>respu-</span> 
     </span>
     <span class='ocr_line' id='line_1_35' title="bbox 159 2138 1614 2196; baseline -0.001 -16"><span class='ocrx_word' id='word_1_286' title='bbox 159 2140 272 2181; x_wconf 91' lang='lat' dir='ltr'>blica</span> <span class='ocrx_word' id='word_1_287' title='bbox 307 2152 373 2181; x_wconf 89' lang='lat' dir='ltr'>est</span> <span class='ocrx_word' id='word_1_288' title='bbox 405 2141 445 2171; x_wconf 70' lang='lat'>23</span> <span class='ocrx_word' id='word_1_289' title='bbox 460 2150 578 2182; x_wconf 89' lang='lat' dir='ltr'>emto</span> <span class='ocrx_word' id='word_1_290' title='bbox 611 2150 983 2196; x_wconf 82' lang='lat' dir='ltr'>constupratoque</span> <span class='ocrx_word' id='word_1_291' title='bbox 1010 2138 1198 2196; x_wconf 87' lang='lat' dir='ltr'>judicio.</span> <span class='ocrx_word' id='word_1_292' title='bbox 1234 2139 1347 2191; x_wconf 87' lang='lat' dir='ltr'>vide,</span> <span class='ocrx_word' id='word_1_293' title='bbox 1384 2153 1483 2195; x_wconf 85' lang='lat' dir='ltr'>quae</span> <span class='ocrx_word' id='word_1_294' title='bbox 1524 2138 1614 2179; x_wconf 80' lang='lat' dir='ltr'>sint</span> 
     </span>
    </p>
   </div>
   <div class='ocr_carea' id='block_1_3' title="bbox 154 2271 1622 2952">
    <p class='ocr_par' dir='ltr' id='par_1_3' title="bbox 154 2271 1615 2571">
     <span class='ocr_line' id='line_1_36' title="bbox 202 2271 1614 2314; baseline -0.001 -8"><span class='ocrx_word' id='word_1_295' title='bbox 202 2279 239 2310; x_wconf 88' lang='grc'>19</span> <span class='ocrx_word' id='word_1_296' title='bbox 263 2277 372 2306; x_wconf 83' lang='lat' dir='ltr'>multa</span> <span class='ocrx_word' id='word_1_297' title='bbox 400 2278 487 2306; x_wconf 75' lang='lat' dir='ltr'>enim</span> <span class='ocrx_word' id='word_1_298' title='bbox 517 2286 569 2306; x_wconf 83' lang='lat' dir='ltr'>me</span> <span class='ocrx_word' id='word_1_299' title='bbox 592 2271 774 2306; x_wconf 65' lang='lat' dir='ltr'>sollicitant</span> <span class='ocrx_word' id='word_1_300' title='bbox 801 2286 861 2306; x_wconf 82' lang='lat' dir='ltr'>an·</span> <span class='ocrx_word' id='word_1_301' title='bbox 906 2279 1018 2307; x_wconf 80' lang='lat' dir='ltr'>tamen</span> <span class='ocrx_word' id='word_1_302' title='bbox 1033 2275 1185 2305; x_wconf 74' lang='lat' dir='ltr'>voluntas</span> <span class='ocrx_word' id='word_1_303' title='bbox 1200 2283 1228 2305; x_wconf 83' lang='lat' dir='ltr'>e.</span> <span class='ocrx_word' id='word_1_304' title='bbox 1242 2282 1276 2304; x_wconf 84' lang='grc' dir='ltr'>α.</span> <span class='ocrx_word' id='word_1_305' title='bbox 1291 2282 1318 2303; x_wconf 84' lang='lat' dir='ltr'>e.</span> <span class='ocrx_word' id='word_1_306' title='bbox 1335 2272 1407 2312; x_wconf 78' lang='lat' dir='ltr'>ipsa</span> <span class='ocrx_word' id='word_1_307' title='bbox 1423 2283 1475 2303; x_wconf 84' lang='lat' dir='ltr'>me</span> <span class='ocrx_word' id='word_1_308' title='bbox 1492 2273 1614 2314; x_wconf 55' lang='lat' dir='ltr'>deficit,</span> 
     </span>
     <span class='ocr_line' id='line_1_37' title="bbox 154 2316 1614 2359; baseline -0.002 -11"><span class='ocrx_word' id='word_1_309' title='bbox 154 2323 316 2358; x_wconf 74' lang='lat' dir='ltr'>guntque,</span> <span class='ocrx_word' id='word_1_310' title='bbox 333 2328 404 2359; x_wconf 80' lang='lat' dir='ltr'>quoe</span> <span class='ocrx_word' id='word_1_311' title='bbox 419 2329 464 2350; x_wconf 81' lang='lat' dir='ltr'>m.</span> <span class='ocrx_word' id='word_1_312' title='bbox 479 2318 526 2358; x_wconf 83' lang='lat' dir='ltr'>v.]</span> <span class='ocrx_word' id='word_1_313' title='bbox 556 2319 653 2348; x_wconf 82' lang='lat' dir='ltr'>Hanc</span> <span class='ocrx_word' id='word_1_314' title='bbox 669 2318 861 2355; x_wconf 86' lang='lat' dir='ltr'>lectionem,</span> <span class='ocrx_word' id='word_1_315' title='bbox 906 2318 995 2357; x_wconf 79' lang='lat' dir='ltr'>quod</span> <span class='ocrx_word' id='word_1_316' title='bbox 1022 2327 1089 2347; x_wconf 90' lang='lat' dir='ltr'>non</span> <span class='ocrx_word' id='word_1_317' title='bbox 1117 2316 1238 2357; x_wconf 83' lang='lat' dir='ltr'>placet.</span> <span class='ocrx_word' id='word_1_318' title='bbox 1259 2316 1352 2356; x_wconf 82' lang='lat' dir='ltr'>(nam</span> <span class='ocrx_word' id='word_1_319' title='bbox 1375 2317 1528 2346; x_wconf 76' lang='lat' dir='ltr'>voluntas</span> <span class='ocrx_word' id='word_1_320' title='bbox 1543 2319 1614 2356; x_wconf 89' lang='lat' dir='ltr'>qui-</span> 
     </span>
     <span class='ocr_line' id='line_1_38' title="bbox 155 2358 1614 2401; baseline -0.001 -10"><span class='ocrx_word' id='word_1_321' title='bbox 155 2371 253 2400; x_wconf 76' lang='lat' dir='ltr'>quam</span> <span class='ocrx_word' id='word_1_322' title='bbox 266 2372 304 2391; x_wconf 76' lang='lat' dir='ltr'>ex</span> <span class='ocrx_word' id='word_1_323' title='bbox 327 2367 421 2401; x_wconf 80' lang='lat' dir='ltr'>parte</span> <span class='ocrx_word' id='word_1_324' title='bbox 436 2361 604 2391; x_wconf 83' lang='lat' dir='ltr'>Victorius</span> <span class='ocrx_word' id='word_1_325' title='bbox 620 2371 637 2391; x_wconf 89' lang='lat' dir='ltr'>e</span> <span class='ocrx_word' id='word_1_326' title='bbox 654 2362 717 2391; x_wconf 82' lang='lat' dir='ltr'>Ms.</span> <span class='ocrx_word' id='word_1_327' title='bbox 736 2371 795 2390; x_wconf 90' lang='lat' dir='ltr'>suo</span> <span class='ocrx_word' id='word_1_328' title='bbox 809 2361 863 2391; x_wconf 87' lang='lat' dir='ltr'>de·</span> <span class='ocrx_word' id='word_1_329' title='bbox 907 2361 982 2390; x_wconf 78' lang='lat' dir='ltr'>dem</span> <span class='ocrx_word' id='word_1_330' title='bbox 1005 2361 1093 2390; x_wconf 82' lang='lat' dir='ltr'>bona</span> <span class='ocrx_word' id='word_1_331' title='bbox 1111 2359 1306 2390; x_wconf 80' lang='lat' dir='ltr'>Ciceronem</span> <span class='ocrx_word' id='word_1_332' title='bbox 1331 2367 1400 2388; x_wconf 86' lang='lat' dir='ltr'>non</span> <span class='ocrx_word' id='word_1_333' title='bbox 1423 2358 1556 2397; x_wconf 85' lang='lat' dir='ltr'>defecit,</span> <span class='ocrx_word' id='word_1_334' title='bbox 1579 2364 1614 2390; x_wconf 78' lang='lat' dir='ltr'>et</span> 
     </span>
     <span class='ocr_line' id='line_1_39' title="bbox 155 2400 1613 2444; baseline -0.001 -11"><span class='ocrx_word' id='word_1_335' title='bbox 155 2404 217 2441; x_wconf 82' lang='lat' dir='ltr'>dit,</span> <span class='ocrx_word' id='word_1_336' title='bbox 237 2403 368 2444; x_wconf 82' lang='lat' dir='ltr'>praetuli</span> <span class='ocrx_word' id='word_1_337' title='bbox 393 2404 503 2440; x_wconf 84' lang='lat' dir='ltr'>alteri,</span> <span class='ocrx_word' id='word_1_338' title='bbox 529 2405 638 2434; x_wconf 82' lang='lat' dir='ltr'>multa</span> <span class='ocrx_word' id='word_1_339' title='bbox 661 2405 747 2434; x_wconf 81' lang='lat' dir='ltr'>enim</span> <span class='ocrx_word' id='word_1_340' title='bbox 767 2408 857 2441; x_wconf 77' lang='lat' dir='ltr'>sunt,</span> <span class='ocrx_word' id='word_1_341' title='bbox 902 2413 941 2433; x_wconf 82' lang='lat' dir='ltr'>ea</span> <span class='ocrx_word' id='word_1_342' title='bbox 963 2408 1014 2433; x_wconf 87' lang='lat' dir='ltr'>est</span> <span class='ocrx_word' id='word_1_343' title='bbox 1039 2403 1081 2432; x_wconf 85' lang='lat' dir='ltr'>ab</span> <span class='ocrx_word' id='word_1_344' title='bbox 1106 2402 1140 2432; x_wconf 85' lang='lat' dir='ltr'>h.</span> <span class='ocrx_word' id='word_1_345' title='bbox 1165 2401 1189 2432; x_wconf 90' lang='lat' dir='ltr'>l.</span> <span class='ocrx_word' id='word_1_346' title='bbox 1214 2400 1335 2438; x_wconf 82' lang='lat' dir='ltr'>aliena,</span> <span class='ocrx_word' id='word_1_347' title='bbox 1352 2406 1432 2431; x_wconf 86' lang='lat' dir='ltr'>nata</span> <span class='ocrx_word' id='word_1_348' title='bbox 1447 2411 1468 2431; x_wconf 81' lang='lat' dir='ltr'>a</span> <span class='ocrx_word' id='word_1_349' title='bbox 1489 2400 1613 2441; x_wconf 80' lang='lat' dir='ltr'>glossa—</span> 
     </span>
     <span class='ocr_line' id='line_1_40' title="bbox 155 2443 1613 2486; baseline -0.001 -10"><span class='ocrx_word' id='word_1_350' title='bbox 155 2456 226 2486; x_wconf 80' lang='lat' dir='ltr'>quae</span> <span class='ocrx_word' id='word_1_351' title='bbox 242 2456 286 2476; x_wconf 89' lang='lat' dir='ltr'>m.</span> <span class='ocrx_word' id='word_1_352' title='bbox 298 2456 324 2476; x_wconf 79' lang='lat' dir='ltr'>s.</span> <span class='ocrx_word' id='word_1_353' title='bbox 338 2450 541 2486; x_wconf 59' lang='lat' dir='ltr'>augiamque,</span> <span class='ocrx_word' id='word_1_354' title='bbox 556 2456 626 2486; x_wconf 76' lang='lat' dir='ltr'>quoe</span> <span class='ocrx_word' id='word_1_355' title='bbox 637 2447 716 2476; x_wconf 79' lang='lat' dir='ltr'>mihi</span> <span class='ocrx_word' id='word_1_356' title='bbox 729 2446 858 2479; x_wconf 55' lang='lat' dir='ltr'>videon</span> <span class='ocrx_word' id='word_1_357' title='bbox 903 2445 1003 2485; x_wconf 89' lang='lat' dir='ltr'>tore.)</span> <span class='ocrx_word' id='word_1_358' title='bbox 1032 2445 1102 2484; x_wconf 85' lang='lat' dir='ltr'>Ego</span> <span class='ocrx_word' id='word_1_359' title='bbox 1120 2445 1166 2474; x_wconf 86' lang='lat' dir='ltr'>sic</span> <span class='ocrx_word' id='word_1_360' title='bbox 1192 2443 1340 2481; x_wconf 81' lang='lat' dir='ltr'>corrigo:</span> <span class='ocrx_word' id='word_1_361' title='bbox 1366 2448 1478 2473; x_wconf 79' lang='lat' dir='ltr'>tamen</span> <span class='ocrx_word' id='word_1_362' title='bbox 1494 2454 1519 2474; x_wconf 83' lang='lat' dir='ltr'>e.</span> <span class='ocrx_word' id='word_1_363' title='bbox 1535 2454 1569 2474; x_wconf 88' lang='grc' dir='ltr'>α.</span> <span class='ocrx_word' id='word_1_364' title='bbox 1585 2455 1613 2475; x_wconf 85' lang='lat' dir='ltr'>e.</span> 
     </span>
     <span class='ocr_line' id='line_1_41' title="bbox 156 2484 1614 2529; baseline -0.001 -11"><span class='ocrx_word' id='word_1_365' title='bbox 156 2489 191 2518; x_wconf 85' lang='lat' dir='ltr'>in</span> <span class='ocrx_word' id='word_1_366' title='bbox 212 2499 275 2528; x_wconf 86' lang='lat' dir='ltr'>qua</span> <span class='ocrx_word' id='word_1_367' title='bbox 299 2489 454 2529; x_wconf 84' lang='lat' dir='ltr'>repetitio</span> <span class='ocrx_word' id='word_1_368' title='bbox 480 2498 562 2528; x_wconf 78' lang='lat' dir='ltr'>quoe,</span> <span class='ocrx_word' id='word_1_369' title='bbox 580 2498 653 2529; x_wconf 81' lang='lat' dir='ltr'>que,</span> <span class='ocrx_word' id='word_1_370' title='bbox 669 2498 751 2528; x_wconf 77' lang='lat' dir='ltr'>quoe,</span> <span class='ocrx_word' id='word_1_371' title='bbox 769 2488 861 2528; x_wconf 78' lang='lat' dir='ltr'>frigi·</span> <span class='ocrx_word' id='word_1_372' title='bbox 903 2489 1010 2528; x_wconf 78' lang='lat' dir='ltr'>ipsam</span> <span class='ocrx_word' id='word_1_373' title='bbox 1041 2487 1241 2517; x_wconf 77' lang='lat' dir='ltr'>medicinam</span> <span class='ocrx_word' id='word_1_374' title='bbox 1266 2484 1396 2524; x_wconf 76' lang='lat' dir='ltr'>refugit</span> <span class='ocrx_word' id='word_1_375' title='bbox 1410 2494 1456 2516; x_wconf 89' lang='lat' dir='ltr'>sc.</span> <span class='ocrx_word' id='word_1_376' title='bbox 1473 2487 1614 2517; x_wconf 83' lang='lat' dir='ltr'>animus.</span> 
     </span>
     <span class='ocr_line' id='line_1_42' title="bbox 156 2527 1615 2571; baseline -0.002 -10"><span class='ocrx_word' id='word_1_377' title='bbox 156 2531 229 2561; x_wconf 84' lang='lat' dir='ltr'>dior</span> <span class='ocrx_word' id='word_1_378' title='bbox 242 2536 305 2568; x_wconf 80' lang='lat' dir='ltr'>est,</span> <span class='ocrx_word' id='word_1_379' title='bbox 321 2537 356 2561; x_wconf 85' lang='lat' dir='ltr'>et</span> <span class='ocrx_word' id='word_1_380' title='bbox 370 2536 444 2561; x_wconf 85' lang='lat' dir='ltr'>tota</span> <span class='ocrx_word' id='word_1_381' title='bbox 460 2531 567 2561; x_wconf 84' lang='lat' dir='ltr'>forma</span> <span class='ocrx_word' id='word_1_382' title='bbox 583 2531 732 2571; x_wconf 82' lang='lat' dir='ltr'>languet.</span> <span class='ocrx_word' id='word_1_383' title='bbox 907 2530 960 2560; x_wconf 89' lang='lat' dir='ltr'>Sic</span> <span class='ocrx_word' id='word_1_384' title='bbox 984 2530 1102 2568; x_wconf 82' lang='lat' dir='ltr'>Virgil.</span> <span class='ocrx_word' id='word_1_385' title='bbox 1124 2529 1202 2559; x_wconf 80' lang='lat' dir='ltr'>AEn.</span> <span class='ocrx_word' id='word_1_386' title='bbox 1218 2527 1265 2565; x_wconf 86' lang='lat'>11,</span> <span class='ocrx_word' id='word_1_387' title='bbox 1285 2529 1334 2559; x_wconf 74' lang='lat'>12.</span> <span class='ocrx_word' id='word_1_388' title='bbox 1351 2529 1485 2559; x_wconf 79' lang='lat' dir='ltr'>animus</span> <span class='ocrx_word' id='word_1_389' title='bbox 1501 2529 1615 2560; x_wconf 82' lang='lat' dir='ltr'>memi-</span> 
     </span>
    </p>

    <p class='ocr_par' dir='ltr' id='par_1_4' title="bbox 157 2569 1620 2740">
     <span class='ocr_line' id='line_1_43' title="bbox 199 2569 1618 2613; baseline -0.001 -10"><span class='ocrx_word' id='word_1_390' title='bbox 199 2575 240 2604; x_wconf 66' lang='grc'>20</span> <span class='ocrx_word' id='word_1_391' title='bbox 263 2583 364 2613; x_wconf 81' lang='lat' dir='ltr'>neque</span> <span class='ocrx_word' id='word_1_392' title='bbox 383 2583 442 2612; x_wconf 84' lang='lat' dir='ltr'>ego</span> <span class='ocrx_word' id='word_1_393' title='bbox 457 2573 546 2613; x_wconf 73' lang='lat' dir='ltr'>huie]</span> <span class='ocrx_word' id='word_1_394' title='bbox 573 2584 631 2612; x_wconf 82' lang='lat' dir='ltr'>ego</span> <span class='ocrx_word' id='word_1_395' title='bbox 658 2584 710 2604; x_wconf 89' lang='lat' dir='ltr'>me</span> <span class='ocrx_word' id='word_1_396' title='bbox 735 2583 864 2613; x_wconf 83' lang='lat' dir='ltr'>semper</span> <span class='ocrx_word' id='word_1_397' title='bbox 907 2575 991 2602; x_wconf 78' lang='lat' dir='ltr'>nisse</span> <span class='ocrx_word' id='word_1_398' title='bbox 1002 2573 1124 2608; x_wconf 80' lang='lat' dir='ltr'>horret,</span> <span class='ocrx_word' id='word_1_399' title='bbox 1139 2573 1292 2610; x_wconf 77' lang='lat' dir='ltr'>luctuque</span> <span class='ocrx_word' id='word_1_400' title='bbox 1302 2569 1444 2610; x_wconf 57' lang='lat' dir='ltr'>refugit.</span> <span class='ocrx_word' id='word_1_401' title='bbox 1458 2571 1539 2602; x_wconf 83' lang='lat' dir='ltr'>item</span> <span class='ocrx_word' id='word_1_402' title='bbox 1549 2572 1618 2612; x_wconf 90' lang='lat' dir='ltr'>ipse</span> 
     </span>
     <span class='ocr_line' id='line_1_44' title="bbox 158 2612 1620 2655; baseline -0.002 -9"><span class='ocrx_word' id='word_1_403' title='bbox 158 2616 311 2653; x_wconf 82' lang='lat' dir='ltr'>offendit,</span> <span class='ocrx_word' id='word_1_404' title='bbox 338 2616 529 2655; x_wconf 83' lang='lat' dir='ltr'>conjecique</span> <span class='ocrx_word' id='word_1_405' title='bbox 553 2616 586 2645; x_wconf 86' lang='lat' dir='ltr'>id</span> <span class='ocrx_word' id='word_1_406' title='bbox 607 2623 667 2646; x_wconf 87' lang='lat' dir='ltr'>aut</span> <span class='ocrx_word' id='word_1_407' title='bbox 687 2615 864 2646; x_wconf 88' lang='lat' dir='ltr'>delendum</span> <span class='ocrx_word' id='word_1_408' title='bbox 909 2615 1046 2651; x_wconf 84' lang='lat' dir='ltr'>Cicero;</span> <span class='ocrx_word' id='word_1_409' title='bbox 1070 2619 1109 2644; x_wconf 87' lang='lat' dir='ltr'>ut</span> <span class='ocrx_word' id='word_1_410' title='bbox 1126 2612 1213 2643; x_wconf 90' lang='lat' dir='ltr'>Phil.</span> <span class='ocrx_word' id='word_1_411' title='bbox 1240 2613 1334 2650; x_wconf 80' lang='lat' dir='ltr'>xlv,</span> <span class='ocrx_word' id='word_1_412' title='bbox 1357 2615 1388 2644; x_wconf 92' lang='lat'>3.</span> <span class='ocrx_word' id='word_1_413' title='bbox 1412 2614 1545 2644; x_wconf 74' lang='lat' dir='ltr'>animus</span> <span class='ocrx_word' id='word_1_414' title='bbox 1567 2623 1620 2644; x_wconf 80' lang='lat' dir='ltr'>re-</span> 
     </span>
     <span class='ocr_line' id='line_1_45' title="bbox 157 2655 1279 2698; baseline -0.004 -10"><span class='ocrx_word' id='word_1_415' title='bbox 157 2668 240 2696; x_wconf 85' lang='lat' dir='ltr'>esse,</span> <span class='ocrx_word' id='word_1_416' title='bbox 257 2664 315 2688; x_wconf 85' lang='lat' dir='ltr'>aut</span> <span class='ocrx_word' id='word_1_417' title='bbox 332 2657 508 2697; x_wconf 79' lang='lat' dir='ltr'>legendum</span> <span class='ocrx_word' id='word_1_418' title='bbox 521 2668 581 2694; x_wconf 77' lang='lat' dir='ltr'>eos,</span> <span class='ocrx_word' id='word_1_419' title='bbox 593 2658 680 2698; x_wconf 89' lang='lat' dir='ltr'>quod</span> <span class='ocrx_word' id='word_1_420' title='bbox 692 2664 727 2689; x_wconf 86' lang='lat' dir='ltr'>et</span> <span class='ocrx_word' id='word_1_421' title='bbox 740 2658 863 2690; x_wconf 86' lang='lat' dir='ltr'>Ursino</span> <span class='ocrx_word' id='word_1_422' title='bbox 894 2657 998 2698; x_wconf 69' lang='lat' dir='ltr'>fugit</span> <span class='ocrx_word' id='word_1_423' title='bbox 1017 2666 1057 2687; x_wconf 85' lang='lat' dir='ltr'>ac</span> <span class='ocrx_word' id='word_1_424' title='bbox 1070 2655 1279 2697; x_wconf 78' lang='lat' dir='ltr'>reformidat.</span> 
     </span>
     <span class='ocr_line' id='line_1_46' title="bbox 161 2696 1619 2740; baseline -0.003 -10"><span class='ocrx_word' id='word_1_425' title='bbox 161 2700 320 2740; x_wconf 79' lang='lat' dir='ltr'>placuisse</span> <span class='ocrx_word' id='word_1_426' title='bbox 335 2701 412 2731; x_wconf 87' lang='lat' dir='ltr'>vidi.</span> <span class='ocrx_word' id='word_1_427' title='bbox 951 2702 991 2730; x_wconf 72' lang='lat'>22</span> <span class='ocrx_word' id='word_1_428' title='bbox 1012 2696 1424 2740; x_wconf 79' lang='lat' dir='ltr'>primus—introitmsuit</span> <span class='ocrx_word' id='word_1_429' title='bbox 1433 2697 1469 2727; x_wconf 86' lang='lat' dir='ltr'>in</span> <span class='ocrx_word' id='word_1_430' title='bbox 1482 2704 1619 2731; x_wconf 76' lang='lat' dir='ltr'>causam</span> 
     </span>
    </p>

    <p class='ocr_par' dir='ltr' id='par_1_5' title="bbox 158 2740 1622 2952">
     <span class='ocr_line' id='line_1_47' title="bbox 203 2740 1621 2783; baseline -0.002 -10"><span class='ocrx_word' id='word_1_431' title='bbox 203 2746 240 2774; x_wconf 62' lang='lat'>2¹1</span> <span class='ocrx_word' id='word_1_432' title='bbox 267 2747 378 2773; x_wconf 78' lang='lat' dir='ltr'>tamen</span> <span class='ocrx_word' id='word_1_433' title='bbox 400 2744 553 2773; x_wconf 77' lang='lat' dir='ltr'>voluntas</span> <span class='ocrx_word' id='word_1_434' title='bbox 568 2752 596 2774; x_wconf 86' lang='lat' dir='ltr'>e.</span> <span class='ocrx_word' id='word_1_435' title='bbox 615 2752 648 2774; x_wconf 86' lang='lat' dir='ltr'>a.</span> <span class='ocrx_word' id='word_1_436' title='bbox 665 2752 692 2773; x_wconf 89' lang='lat' dir='ltr'>e.</span> <span class='ocrx_word' id='word_1_437' title='bbox 708 2743 780 2782; x_wconf 79' lang='lat' dir='ltr'>ipsa</span> <span class='ocrx_word' id='word_1_438' title='bbox 799 2752 864 2772; x_wconf 82' lang='lat' dir='ltr'>me·</span> <span class='ocrx_word' id='word_1_439' title='bbox 895 2741 1030 2783; x_wconf 79' lang='lat' dir='ltr'>fabulae</span> <span class='ocrx_word' id='word_1_440' title='bbox 1064 2740 1242 2780; x_wconf 76' lang='lat' dir='ltr'>Clodianoe]</span> <span class='ocrx_word' id='word_1_441' title='bbox 1271 2740 1458 2770; x_wconf 80' lang='lat' dir='ltr'>Gronovius</span> <span class='ocrx_word' id='word_1_442' title='bbox 1482 2740 1621 2779; x_wconf 85' lang='lat' dir='ltr'>corrigit</span> 
     </span>
     <span class='ocr_line' id='line_1_48' title="bbox 160 2781 1621 2825; baseline -0.002 -11"><span class='ocrx_word' id='word_1_443' title='bbox 160 2783 307 2815; x_wconf 71' lang='lat' dir='ltr'>dic-inam</span> <span class='ocrx_word' id='word_1_444' title='bbox 335 2783 470 2825; x_wconf 63' lang='lat' dir='ltr'>qfficgit]</span> <span class='ocrx_word' id='word_1_445' title='bbox 515 2785 595 2816; x_wconf 80' lang='lat' dir='ltr'>Haec</span> <span class='ocrx_word' id='word_1_446' title='bbox 621 2791 672 2816; x_wconf 86' lang='lat' dir='ltr'>est</span> <span class='ocrx_word' id='word_1_447' title='bbox 697 2785 868 2825; x_wconf 81' lang='lat' dir='ltr'>antiquior</span> <span class='ocrx_word' id='word_1_448' title='bbox 898 2784 1029 2825; x_wconf 79' lang='lat' dir='ltr'>fabula</span> <span class='ocrx_word' id='word_1_449' title='bbox 1057 2784 1228 2815; x_wconf 74' lang='lat' dir='ltr'>Clodiana.</span> <span class='ocrx_word' id='word_1_450' title='bbox 1253 2791 1321 2812; x_wconf 85' lang='lat' dir='ltr'>uon</span> <span class='ocrx_word' id='word_1_451' title='bbox 1345 2781 1444 2819; x_wconf 84' lang='lat' dir='ltr'>male,</span> <span class='ocrx_word' id='word_1_452' title='bbox 1468 2781 1524 2812; x_wconf 83' lang='lat' dir='ltr'>sed</span> <span class='ocrx_word' id='word_1_453' title='bbox 1553 2791 1621 2812; x_wconf 85' lang='lat' dir='ltr'>non</span> 
     </span>
     <span class='ocr_line' id='line_1_49' title="bbox 160 2825 1142 2877; baseline 0 -21"><span class='ocrx_word' id='word_1_454' title='bbox 160 2825 261 2857; x_wconf 81' lang='lat' dir='ltr'>lectio</span> <span class='ocrx_word' id='word_1_455' title='bbox 276 2827 326 2858; x_wconf 87' lang='lat' dir='ltr'>ed.</span> <span class='ocrx_word' id='word_1_456' title='bbox 342 2828 434 2858; x_wconf 73' lang='lat' dir='ltr'>JenS.</span> <span class='ocrx_word' id='word_1_457' title='bbox 454 2827 542 2877; x_wconf 46' lang='lat' dir='ltr'>Aldi,</span> <span class='ocrx_word' id='word_1_458' title='bbox 560 2827 621 2870; x_wconf 53' lang='lat' dir='ltr'>nip&#39;</span> <span class='ocrx_word' id='word_1_459' title='bbox 634 2828 722 2867; x_wconf 86' lang='lat' dir='ltr'>quod</span> <span class='ocrx_word' id='word_1_460' title='bbox 736 2826 794 2858; x_wconf 81' lang='lat' dir='ltr'>illa</span> <span class='ocrx_word' id='word_1_461' title='bbox 809 2827 867 2858; x_wconf 88' lang='lat' dir='ltr'>ha-</span> <span class='ocrx_word' id='word_1_462' title='bbox 912 2836 1043 2858; x_wconf 86' lang='lat' dir='ltr'>necesse</span> <span class='ocrx_word' id='word_1_463' title='bbox 1058 2832 1142 2857; x_wconf 85' lang='lat' dir='ltr'>erat.</span> 
     </span>
     <span class='ocr_line' id='line_1_50' title="bbox 158 2864 1622 2911; baseline -0.001 -13"><span class='ocrx_word' id='word_1_464' title='bbox 158 2867 215 2898; x_wconf 83' lang='lat' dir='ltr'>bet</span> <span class='ocrx_word' id='word_1_465' title='bbox 230 2869 390 2900; x_wconf 67' lang='lat' dir='ltr'>medicina</span> <span class='ocrx_word' id='word_1_466' title='bbox 401 2882 415 2907; x_wconf 83' lang='grc'>,-</span> <span class='ocrx_word' id='word_1_467' title='bbox 438 2869 536 2900; x_wconf 86' lang='lat' dir='ltr'>Rom.</span> <span class='ocrx_word' id='word_1_468' title='bbox 554 2871 654 2901; x_wconf 87' lang='lat' dir='ltr'>etiam</span> <span class='ocrx_word' id='word_1_469' title='bbox 669 2869 780 2911; x_wconf 73' lang='lat' dir='ltr'>efficit.</span> <span class='ocrx_word' id='word_1_470' title='bbox 796 2869 869 2901; x_wconf 86' lang='lat' dir='ltr'>aliae</span> <span class='ocrx_word' id='word_1_471' title='bbox 955 2871 995 2901; x_wconf 71' lang='lat'>23</span> <span class='ocrx_word' id='word_1_472' title='bbox 1019 2873 1104 2900; x_wconf 81' lang='lat' dir='ltr'>emto</span> <span class='ocrx_word' id='word_1_473' title='bbox 1124 2872 1338 2910; x_wconf 68' lang='lat' dir='ltr'>stuprumque</span> <span class='ocrx_word' id='word_1_474' title='bbox 1342 2864 1487 2908; x_wconf 74' lang='lat' dir='ltr'>judicio]</span> <span class='ocrx_word' id='word_1_475' title='bbox 1512 2867 1564 2899; x_wconf 88' lang='lat' dir='ltr'>De</span> <span class='ocrx_word' id='word_1_476' title='bbox 1582 2876 1622 2897; x_wconf 88' lang='lat' dir='ltr'>eo</span> 
     </span>
     <span class='ocr_line' id='line_1_51' title="bbox 163 2907 1619 2952; baseline -0.001 -11"><span class='ocrx_word' id='word_1_477' title='bbox 163 2911 271 2948; x_wconf 74' lang='lat' dir='ltr'>aliter,</span> <span class='ocrx_word' id='word_1_478' title='bbox 287 2911 344 2942; x_wconf 83' lang='lat' dir='ltr'>sed</span> <span class='ocrx_word' id='word_1_479' title='bbox 358 2922 375 2941; x_wconf 90' lang='lat' dir='ltr'>e</span> <span class='ocrx_word' id='word_1_480' title='bbox 392 2913 602 2951; x_wconf 77' lang='lat' dir='ltr'>conjectura:</span> <span class='ocrx_word' id='word_1_481' title='bbox 619 2917 657 2943; x_wconf 85' lang='lat' dir='ltr'>ut</span> <span class='ocrx_word' id='word_1_482' title='bbox 673 2913 709 2942; x_wconf 84' lang='lat' dir='ltr'>P.</span> <span class='ocrx_word' id='word_1_483' title='bbox 721 2912 871 2943; x_wconf 70' lang='lat' dir='ltr'>Manutii</span> <span class='ocrx_word' id='word_1_484' title='bbox 912 2922 1011 2952; x_wconf 84' lang='lat' dir='ltr'>supra</span> <span class='ocrx_word' id='word_1_485' title='bbox 1037 2921 1088 2951; x_wconf 87' lang='lat' dir='ltr'>ep.</span> <span class='ocrx_word' id='word_1_486' title='bbox 1119 2911 1169 2941; x_wconf 86' lang='lat'>16.</span> <span class='ocrx_word' id='word_1_487' title='bbox 1217 2909 1310 2941; x_wconf 74' lang='lat' dir='ltr'>Edidi</span> <span class='ocrx_word' id='word_1_488' title='bbox 1332 2918 1372 2938; x_wconf 76' lang='lat' dir='ltr'>ex</span> <span class='ocrx_word' id='word_1_489' title='bbox 1391 2907 1462 2939; x_wconf 81' lang='lat' dir='ltr'>edd.</span> <span class='ocrx_word' id='word_1_490' title='bbox 1479 2919 1527 2952; x_wconf 84' lang='lat' dir='ltr'>pr.</span> <span class='ocrx_word' id='word_1_491' title='bbox 1547 2916 1619 2940; x_wconf 62' lang='lat' dir='ltr'>can&lt;</span> 
     </span>
    </p>
   </div>
  </div>
 </body>
</html>
