1940 3231
266 383 354 421 28*

333 152 414 190 '594
759 145 944 185 EPIST.
971 145 1050 184 AD
1076 143 1371 191 ATT'I'CUM,

334 250 530 293 Atticam
561 250 804 304 nuntiabat,
825 261 868 293 et
889 251 1051 293 litteras
1087 266 1130 292 se
1162 251 1320 293 habere
1341 251 1496 304 aiebat,
1530 253 1674 295 statim
1709 256 1773 304 ads-

336 317 378 349 te
400 308 513 350 misi.

335 436 596 489 HORTOS
616 446 819 501 quoniam
841 446 969 487 hodie
988 461 1078 487 eras
1102 448 1385 503 inspecturus,
1403 447 1505 503 quid
1527 447 1664 490 visum
1684 449 1771 496 tibi·

332 505 403 554 sit,
436 519 528 545 cras
562 503 740 543 scilicet.
802 503 870 544 De
908 503 1089 544 Faberio
1124 517 1282 556 autem,
1320 520 1417 547 cum
1458 506 1635 547 venerit.
1695 503 1772 547 De⁴

330 560 514 617 epistola
535 560 587 600 ad
611 560 841 610 Caesarem,
858 559 1005 615 jurato
1030 560 1134 600 mihi
1158 563 1294 612 crede,
1319 566 1336 595 7
1353 577 1435 603 non
1461 577 1661 618 possum3
1685 576 1763 605 nec

331 633 401 661 me
433 617 654 675 turpitudo
686 615 884 667 deterret,
917 617 996 657 etsi
1029 618 1216 658 maxime
1247 619 1450 664 debebat.
1481 634 1608 675 quam
1646 620 1764 662 enim

332 674 469 730 turpis
494 684 557 713 est
587 674 834 724 assentatio,
851 689 947 714 cum
971 674 1111 714 vivere
1130 675 1271 730 ipsum
1296 682 1417 731 turpe
1439 677 1493 716 sit
1513 677 1667 719 nobis?
1689 678 1763 719 sed

331 740 379 772 ut
409 731 542 789 coepi,
565 744 650 771 non
685 745 754 771 me
775 730 859 771 hoc
894 742 1021 786 turpe
1051 731 1252 772 deterret.
1294 746 1343 772 ac
1381 732 1529 773 vellem
1562 734 1764 789 quidem;

330 793 484 839 (essem
507 787 637 838 enim,
661 787 765 843 ssqui
789 802 880 828 esse
901 789 1109 829 debebam
1128 790 1157 838 z)
1189 789 1260 829 sed
1286 789 1327 829 in
1352 798 1538 830 mentem
1559 790 1667 832 nihil
1691 806 1762 832 ve-

328 845 409 886 nit.
441 859 554 895 nam,
577 859 673 900 quae
697 854 796 885 sunt
827 845 879 886 ad
901 844 1196 886 Alexandrum
1225 845 1447 886 hominum
1470 846 1762 902 eloquentium

277 915 292 950 ·,
327 910 372 942 et
407 902 632 942 doctorum
672 902 904 952 suasiones,
938 902 1054 942 vides
1088 904 1243 956 quibus
1281 903 1325 942 in
1364 904 1488 943 rebus
1528 915 1760 947 versentur.

328 958 657 1010 adolescentem,
697 959 918 1000 incensum
951 959 1189 1015 cupiditate
1228 959 1459 1000 verissimae
1491 959 1655 1015 gloriae,
1685 978 1762 1004 cu-

307 1016 519 1072 .pientem
543 1016 623 1056 sibi
657 1015 814 1071 aliquid
851 1016 1016 1058 consilii
1048 1016 1155 1067 dari,
1177 1016 1294 1072 quod
1324 1017 1375 1057 ad
1407 1016 1574 1062 laudem
1605 1021 1760 1076 sempi-

309 1083 493 1114 ·ternam
518 1072 690 1123 valeret,
712 1072 1006 1114 cohortantur.
1029 1073 1079 1114 ad
1104 1074 1232 1114 decus
1254 1088 1339 1115 non
1363 1074 1482 1120 deest
1503 1074 1656 1121 oratio,
1677 1090 1760 1132 ego

327 1131 428 1194 quid
468 1132 665 1186 possum?
699 1140 839 1171 tamen
862 1136 882 1165 9
898 1131 1043 1171 nescio
1066 1131 1170 1186 quid
1192 1145 1214 1171 e
1237 1145 1395 1186 quercu
1426 1132 1759 1187 exsculpseram,

326 1188 442 1243 quod
468 1188 681 1228 videretur
704 1187 841 1229 simile
864 1187 1093 1228 simulacri.
1131 1188 1173 1228 in
1208 1202 1258 1228 eo
1293 1189 1394 1243 quia
1416 1189 1620 1230 nonnulla
1640 1200 1773 1236 erant,

326 1245 469 1301 paullo
492 1244 682 1295 meliora,
705 1259 831 1299 quam
856 1259 919 1296 ea,
942 1260 1038 1300 quae
1062 1244 1172 1289 fiunt
1192 1255 1233 1286 et
1253 1244 1369 1286 facta
1392 1255 1504 1296 sunt,
1529 1247 1759 1302 reprehen-

326 1302 510 1344 duntur:
550 1302 663 1356 quod
696 1316 764 1343 me
799 1302 975 1342 minime
1007 1303 1208 1357 poenitet.
1253 1302 1288 1345 si
1321 1303 1434 1344 enim
1467 1305 1760 1358 pervenissent

295 1358 308 1367 ”
326 1360 420 1400 istae
444 1359 612 1409 litterae,
631 1358 734 1399 mihi
757 1360 896 1410 crede,
919 1374 996 1399 nos
1020 1359 1266 1414 poeniteret.
1298 1360 1430 1414 quid?
1463 1371 1506 1402 tu
1531 1375 1616 1402 non
1641 1361 1758 1402 vides

249 2125 304 2168 29

322 1418 463 1471 ipsum
489 1415 604 1456 illum
628 1415 873 1459 Aristotelis
895 1416 1169 1472 discipulum,
1192 1431 1359 1460 summo
1382 1416 1573 1473 ingenio,
1593 1433 1760 1459 summa

320 1473 547 1523 modestia,
571 1483 846 1528 posteaquam
879 1488 952 1514 rex
977 1473 1213 1529 appellatus
1238 1474 1306 1524 sit,
1332 1476 1578 1529 superbum,
1608 1475 1758 1517 crude-

320 1531 419 1580 lem,
456 1530 786 1571 immoderatum
825 1530 984 1572 fuisse?
1034 1531 1165 1585 quid?
1208 1540 1254 1571 tu
1294 1531 1454 1573 1011unc
1493 1532 1545 1572 de
1584 1548 1758 1588 pompa,

323 1586 495 1643 Quirini
519 1586 884 1638 contubernalem,
908 1588 972 1628 his
996 1588 1150 1628 nostris
1169 1587 1400 1629 moderatis
1421 1588 1613 1644 epistolis
1635 1590 1756 1630 laeta-

321 1653 466 1697 turum
489 1647 641 1700 putas?
673 1644 742 1685 ille
777 1658 875 1685 vcro
909 1644 1052 1700 potius
1075 1659 1161 1686 non
1189 1645 1349 1699 scripta
1377 1645 1601 1696 desideret,
1624 1660 1757 1701 quam

321 1698 482 1757 scripta
504 1715 589 1742 non
615 1702 783 1756 probet.
849 1702 1085 1752 Postremo,
1109 1711 1156 1742 ut
1192 1701 1319 1743 volet.
1349 1703 1457 1743 abiit
1487 1702 1605 1754 illud,
1637 1703 1754 1758 quod

322 1769 412 1799 tum
437 1772 504 1799 me
535 1758 798 1809 stimulabat,
832 1762 863 1789 1¹
883 1758 997 1813 quod
1032 1759 1111 1800 tibi
1139 1759 1293 1800 dabam
1317 1760 1751 1815 xgo'ssznpm’Agxtfcn'Bmv.

319 1814 457 1856 multo
489 1815 730 1856 mehercule
760 1816 899 1871 magis
931 1830 1044 1856 nunc
1081 1826 1185 1872 opto
1217 1830 1363 1856 casum
1405 1815 1539 1867 illum,
1575 1817 1752 1871 l9quem

320 1880 413 1913 tum
449 1872 670 1923 timebam,
705 1872 771 1913 vel
810 1887 938 1928 quem
968 1873 1134 1914 libebit.
1196 1872 1292 1914 Nisi
1317 1871 1420 1927 quid
1453 1881 1494 1912 te
1527 1872 1640 1913 aliud
1671 1873 1754 1914 im«

319 1929 480 1985 p‘ediet,
513 1926 619 1970 mihi
652 1938 802 1986 optato
839 1930 1020 1971 veneris.
1082 1929 1230 1971 Nicias
1267 1945 1292 1971 a
1331 1928 1556 1970 Dolabella
1593 1944 1753 1985 magno

319 1986 449 2041 opere
482 1987 723 2038 arcessitus,
745 1986 847 2041 (legi
871 1987 985 2027 enim
1009 1987 1206 2036 litteras)
1228 1987 1308 2027 etsi
1344 1986 1481 2027 invito
1504 2001 1586 2039 me,
1609 1996 1763 2036 tamen

318 2043 471 2090 eodem
490 2058 558 2084 me
580 2055 755 2086 auctore
778 2043 995 2100 profectus
1018 2054 1097 2085 est.
1159 2043 1259 2085 Hoc
1281 2057 1411 2084 manu
1432 2057 1545 2088 mea.

743 2131 978 2174 CICERO
1007 2131 1235 2174 ATTICO
1268 2132 1312 2174 S.

318 2190 356 2218 ¹3
372 2187 516 2241 CUM
539 2199 659 2255 quasi
682 2199 784 2240 alias
808 2214 873 2240 res
895 2214 1131 2255 quaererem
1152 2200 1205 2241 de
1227 2200 1458 2257 philologis
1477 2214 1501 2241 e
1520 2200 1664 2252 Nicia,
1682 2201 1751 2242 inq

314 2256 498 2320 cidimus
522 2258 564 2298 in
587 2256 780 2299 Talnam.
806 2257 875 2298 ille
896 2258 949 2298 de
981 2257 1154 2314 ingenio
1178 2258 1285 2298 nihil
1317 2259 1471 2300 nimis:
1503 2258 1762 2328 modestum,-

356 2390 376 2421 7
399 2396 463 2417 non
484 2385 630 2426 possum]
663 2395 708 2417 se.
736 2390 865 2417 mutare
890 2386 1012 2426 episto-
1053 2390 1088 2417 et
1100 2388 1206 2418 simile
1219 2388 1403 2419 simulacri.
1593 2404 1596 2405 ν

313 2429 394 2467 lam,
421 2428 473 2459 vel
495 2429 594 2460 aliam
617 2429 768 2466 scribere,
793 2438 865 2468 quae
886 2428 1012 2459 diversa
1101 2432 1138 2460 10
1160 2431 1246 2460 Immo
1262 2431 1300 2460 cle
1317 2428 1453 2470 pompa]
1481 2416 1682 2467 Kiordaciter
1696 2428 1745 2461 di-

314 2470 461 2500 suadeat.
1054 2476 1146 2502 etum
1164 2473 1198 2501 in
1213 2473 1350 2502 Caesaris
1364 2472 1558 2501 vanitatem.

358 2515 376 2542 8
399 2514 453 2552 qui
475 2522 537 2543 csse
559 2512 724 2551 debebam]
756 2512 899 2544 Restitui
921 2512 1009 2542 debe-
1098 2517 1130 2544 ll
1149 2514 1233 2554 quod
1245 2515 1302 2544 tibi
1315 2515 1480 2545 dabam-rr.
1493 2513 1555 2552 'A.]
1572 2511 1748 2552 Quomodo

313 2554 402 2590 bant,
418 2555 503 2592 quod
516 2555 631 2584 Rosius
643 2555 677 2584 in
690 2555 821 2585 debeam
832 2558 949 2584 contra
961 2554 1009 2584 la·
1051 2565 1178 2596 possem
1193 2557 1354 2587 Caesarem
1365 2555 1444 2586 mihi
1456 2555 1644 2592 conciliare,
1657 2556 1747 2587 salva

310 2597 483 2627 tinitatem
507 2597 668 2626 mutavit:
699 2597 851 2627 similiter
873 2602 908 2626 et
929 2602 1008 2626 ante
1051 2599 1212 2628 bonorum
1236 2598 1475 2634 benevolentia,
1491 2597 1578 2637 quod
1598 2602 1670 2628 erat
1690 2598 1747 2629 ad-

312 2638 442 2678 reposui
465 2638 595 2668 debebat
618 2642 692 2677 post
718 2639 868 2674 deterret,
891 2648 929 2668 ex
953 2639 1007 2669 ed.
1052 2640 1186 2670 modum
1200 2640 1340 2670 difficile.

312 2680 412 2712 Rom.
434 2680 521 2719 quod
543 2689 635 2710 aures
658 2680 771 2710 latinae
789 2680 885 2711 facile
906 2681 1007 2711 senti·
1097 2686 1133 2713 12
1154 2692 1248 2722 quem
1274 2687 1344 2712 tum
1371 2680 1539 2720 timebam]
1577 2681 1630 2711 Sic
1657 2687 1746 2713 recte

312 2723 384 2758 ent,
402 2733 513 2752 verum
528 2731 607 2752 esse.
1050 2724 1122 2754 edd.
1146 2734 1195 2764 pr.
1219 2733 1294 2754 nam
1311 2729 1345 2753 et
1360 2724 1507 2762 sequitur
1530 2726 1582 2753 vel
1595 2733 1688 2763 quem
1703 2725 1743 2754 li·

353 2768 374 2798 9
396 2765 498 2794 neseio
513 2765 592 2803 quid
612 2773 629 2794 c
644 2773 763 2803 quercu
787 2763 861 2802 δια]
887 2763 1008 2796 Omnia
1052 2767 1143 2796 hcbit.
1166 2765 1250 2795 male
1264 2765 1458 2796 recentiores
1474 2775 1586 2806 quam,
1602 2766 1744 2797 referen-

310 2803 382 2837 haec
406 2808 573 2846 pertinent
595 2805 637 2837 ad
658 2806 885 2838 minuendum.
906 2808 1011 2836 nescio
1051 2813 1101 2838 tes
1116 2807 1156 2837 ad
1173 2809 1289 2846 magis.

311 2849 403 2886 quid,
421 2858 449 2878 v.
474 2848 566 2878 Clav.
585 2857 722 2887 quercus
736 2848 876 2877 materia
890 2857 1006 2887 parum
1099 2853 1135 2880 13
1163 2850 1198 2879 C.
1222 2849 1316 2889 quusi
1338 2849 1423 2879 alias
1447 2860 1498 2879 res
1512 2859 1687 2888 quoererem
1703 2849 1743 2879 de

311 2884 389 2930 :i'pta
419 2890 460 2933 ad
482 2890 604 2932 aliquid
625 2889 731 2931 pulei-i
757 2889 1005 2929 elaborandum,
1043 2891 1119 2931 pla]
1145 2890 1486 2933 Cumbinterrogarem
1502 2891 1646 2930 Niciam,
1669 2891 1743 2931 qui-
