1940 3231
740 127 944 168 Lmen
980 128 1068 178 vif-
1549 135 1620 171 591

181 246 266 288 que
302 233 552 277 Academiae
585 233 842 275 fecerimus?
880 241 1002 288 put-o,
1037 231 1220 286 inquies,
1257 246 1360 288 ergo
1399 234 1442 274 id
1482 236 1626 291 ipsum

184 292 343 333 scribes
367 292 418 333 ad
442 307 524 333 me.
556 290 752 346 equidem
778 290 901 330 valde
932 290 1046 344 ipsas
1068 288 1263 329 Athenas
1284 304 1397 330 amo.
1420 292 1517 333 volo
1537 308 1627 335 esse

181 348 355 404 aliquod
378 357 720 391 monumentum.
753 349 793 381 59
810 347 880 388 odi
903 346 1030 387 falsas
1054 346 1358 402 inscriptiones
1387 356 1627 391 statuarum

183 405 433 448 alienarum.
475 406 547 446 sed
581 413 628 445 ut
668 404 748 445 tibi
790 404 1006 461 placebit:
1042 404 1260 459 faciesque
1296 418 1379 455 me,
1403 404 1463 454 ⁴in
1499 420 1629 460 quem

185 463 299 504 diem
334 463 531 505 Romana
563 461 758 503 incidant
790 461 1011 518 mysteria,
1032 463 1275 513 certiorem,
1306 470 1350 502 et
1383 476 1468 517 quo
1501 464 1629 505 modo

185 518 403 562 hiemaris.
457 519 574 560 Cura
596 528 644 559 ut
667 519 822 560 valeas.
860 520 901 550 60
917 519 1024 560 Post
1048 519 1319 561 Leuctricam
1342 533 1534 576 pugnam
1562 521 1631 562 die

190 576 574 634 septingentesimo
597 577 869 633 sexagesimo
890 577 1061 632 quinto.

621 665 858 708 CICERO
888 665 1119 708 ATTICO
1158 666 1203 708 S.
1645 671 1672 706 2

188 721 333 775 CUM
369 733 646 792 PhilogeneS,
678 736 857 778 libertus
891 746 1004 789 tuuS,
1031 736 1288 778 Laodiceam
1323 735 1375 777 ad
1410 750 1491 787 me,
1523 736 1635 778 salu-

186 791 305 838 tandi
337 806 480 843 causa,
504 794 704 845 venisset,
727 804 771 835 et
798 808 840 835 se
873 794 1019 835 statim
1055 795 1106 835 ad
1135 804 1176 835 te
1210 794 1511 849 navigaturum
1543 809 1636 836 esse

187 848 376 902 diceret3
408 850 485 891 has
517 851 555 891 ei
587 851 751 893 litteras
772 851 896 894 dedi:
929 852 1086 907 quibus
1115 852 1168 893 ad
1193 866 1262 892 eas
1295 851 1506 907 rescripsi,
1529 867 1634 907 quas

187 920 437 962 acceperam
462 922 486 948 a
510 907 631 949 Bruti
660 908 899 950 tabellario,
960 908 1017 949 Et
1044 909 1314 966 respondebo
1338 911 1524 964 primum
1558 925 1637 966 po-

186 972 356 1005 stremae
377 974 464 1006 tuae
485 967 680 1022 paginae3
705 981 802 1022 quae
825 966 933 1007 mihi
957 981 1127 1022 magnae
1149 965 1356 1007 molestiae
1380 966 1488 1019 fuit,
1519 967 1637 1023 quod

187 1020 241 1061 ad
272 1029 314 1062 te
347 1023 557 1078 scriptum
590 1031 655 1064 est
687 1038 710 1064 a
735 1022 891 1065 Cincio
924 1023 961 1054 61
978 1024 1031 1064 dc
1058 1023 1186 1064 Statii
1219 1038 1438 1066 sermone:
1472 1026 1515 1065 in
1549 1040 1636 1080 quo

185 1077 271 1120 hoc
314 1079 666 1122 molestissimum
702 1089 781 1131 est,
816 1080 1004 1122 Statium
1039 1081 1195 1131 dicere,
1224 1096 1249 1121 a
1281 1095 1351 1121 me
1382 1096 1555 1137 quoque
1593 1083 1637 1123 id

187 1136 416 1178 consilium
450 1138 492 1168 62
505 1137 694 1194 probari.
722 1138 896 1194 probari
928 1140 1102 1180 autem?
1133 1138 1185 1178 de
1219 1137 1302 1179 isto
1328 1138 1549 1180 hactenus.
1572 1139 1639 1180 di-

185 1193 326 1235 xerim
350 1195 389 1225 63
405 1209 472 1236 me
503 1194 569 1236 vel
603 1195 787 1251 plurima
811 1194 951 1236 vincla
973 1204 1117 1237 tecum
1155 1209 1335 1237 summac
1360 1197 1636 1251 conjunctio-

189 1251 257 1291 nis
280 1260 454 1307 optare:
487 1252 529 1284 64
541 1254 621 1294 etsi
645 1263 740 1293 sunt
764 1253 923 1294 amoris
945 1252 1210 1294 arctissima:
1244 1262 1412 1294 tantum
1435 1254 1570 1304 abest,
1588 1263 1635 1295 ut

189 1321 272 1364 ego
296 1323 350 1350 ex
373 1324 439 1359 eo,
461 1325 547 1365 quo
571 1311 735 1351 astricti
758 1324 919 1361 sumus,
941 1310 1074 1351 laxari
1109 1310 1268 1366 aliquid
1295 1310 1436 1352 velim.
1459 1312 1498 1342 65
1514 1311 1634 1353 illum
1646 1330 1678 1361 p.
1692 1323 1746 1354 90·

191 1375 333 1406 autem
360 1367 496 1409 multa
518 1367 570 1409 de
593 1369 686 1409 istis
710 1369 835 1409 rebus
860 1369 1050 1424 asperius
1074 1367 1208 1409 solere
1238 1368 1372 1423 loqui,
1395 1383 1510 1424 saepe
1541 1384 1635 1412 sum
1647 1374 1678 1396 ὃ·

190 1432 410 1479 expertus,
434 1433 551 1481 saepe
571 1427 697 1466 etim·-
725 1426 853 1467 lenivi
878 1426 1049 1467 iratum.
1082 1426 1124 1466 id
1151 1425 1258 1467 scire
1290 1435 1332 1466 te
1361 1427 1560 1468 arbitror.
1592 1427 1636 1469 in

191 1478 273 1521 hac
297 1492 440 1523 autem
466 1483 826 1539 peregrinatione,
858 1483 1068 1524 militiave
1101 1492 1246 1524 nostra
1268 1498 1383 1540 saepe
1416 1484 1639 1526 incensum

192 1537 254 1578 ira
277 1538 378 1589 vidi,
402 1555 517 1595 saepe
540 1541 772 1596 placatmn.
795 1541 899 1596 quid
932 1541 983 1581 ad
1008 1540 1194 1582 Statium
1219 1540 1452 1597 scripserit,
1476 1542 1636 1584 nescio.

192 1595 402 1650 quidquid
434 1606 607 1639 acturus
638 1598 691 1638 de
725 1597 798 1639 tali
831 1612 877 1639 re
910 1597 1008 1649 fuit,
1030 1598 1306 1640 scribendum
1330 1609 1473 1639 tamen
1507 1600 1560 1641 ad
1589 1600 1641 1642 li-

192 1652 363 1694 bertum
397 1668 482 1695 non
506 1654 604 1697 fuit.
636 1655 743 1696 mihi
776 1664 921 1697 autem
955 1656 1036 1696 erit
1063 1655 1255 1696 maxime
1290 1671 1420 1706 curae,
1449 1671 1503 1697 ne
1535 1658 1640 1712 quid

192 1709 268 1751 fiat
291 1725 428 1764 secus,
451 1727 578 1768 quam
606 1713 816 1765 volumus,
838 1718 1054 1770 quamque
1072 1716 1260 1770 oporte't.
1282 1728 1362 1759 nec
1385 1714 1487 1754 satis
1509 1725 1574 1756 est
1596 1715 1642 1757 in

192 1766 404 1822 ejusmodi
428 1784 486 1822 re,
506 1771 548 1801 66
561 1785 604 1812 se
626 1785 841 1827 quemque
864 1781 1093 1827 praestare:
1125 1770 1331 1812 maximae
1354 1781 1497 1826 partes
1518 1772 1642 1815 istius

193 1824 328 1869 officii
359 1836 460 1868 sunt
491 1829 613 1885 pueri
652 1828 892 1881 Ciceronis,
927 1828 1017 1871 sive
1048 1828 1144 1884 jam
1182 1828 1492 1872 adolescentis:
1524 1831 1641 1886 quod

237 1962 277 1994 59
301 1962 352 1992 odi
363 1960 480 2002 falsas
497 1964 721 2005 inscriptiones
739 1968 780 1995 st.
803 1963 850 2004 a.]
876 1965 898 1996 i.
930 1963 1047 2004 quior-i
1075 1974 1134 1995 suo
1149 1965 1205 2003 ,sic
1231 1965 1420 2002 correxisse.
1465 1965 1645 2000 Enimvero

194 2007 372 2034 contemno
387 2010 514 2037 statuas
530 2008 632 2044 nobis⁴
646 2007 780 2038 honoris
801 2017 900 2039 causa
941 2007 986 2037 sic
1003 2007 1155 2047 eratjam
1170 2008 1205 2037 in
1221 2007 1271 2038 ed.
1287 2007 1386 2038 Rom.

195 2045 330 2083 positas,
360 2057 500 2086 quarum
528 2049 758 2090 inscriptiones
793 2049 898 2087 falsae,
984 2050 1024 2080 63
1040 2059 1092 2080 me
1106 2051 1157 2080 vel
1172 2050 1325 2090 plurima
1338 2051 1642 2094 vincula—mptum]

195 2087 283 2117 fictfe
304 2099 395 2127 sunt,
411 2092 596 2122 assentandi
612 2102 722 2129 causa,
746 2102 805 2123 nec
818 2092 898 2123 adeo
927 2092 1158 2123 ‘Scribendum
1188 2096 1270 2133 puto
1291 2094 1417 2132 plura:
1448 2103 1493 2124 sc.
1522 2095 1644 2126 nedum

196 2137 415 2163 monumenta
431 2143 506 2165 vera
521 2140 556 2164 et
578 2134 771 2172 honorifica,
794 2135 850 2165 sed
872 2136 897 2165 si
942 2134 1026 2168 illud
1055 2135 1226 2165 affinitatis
1250 2135 1421 2166 vinculum
1451 2138 1559 2178 rumpi
1591 2149 1645 2168 ve-

196 2172 264 2211 ipse
277 2174 439 2212 ejusmodi
456 2178 848 2215 monumentumrfecero,
868 2178 900 2208 id
942 2177 1019 2211 lim:
1045 2177 1108 2208 etsi
1124 2177 1266 2214 vincula,
1284 2187 1356 2217 quae
1371 2183 1451 2209 sunt
1463 2189 1502 2209 ex
1520 2190 1645 2218 amore,

197 2215 290 2245 nobis
316 2226 424 2248 reram
453 2218 593 2258 gloriam
613 2219 745 2256 afferet.
790 2220 900 2259 Vulgo
942 2224 1022 2250 sunt
1037 2221 1179 2251 arctiora
1192 2219 1331 2251 vinculis
1345 2221 1527 2252 affinitatis.

195 2258 363 2298 accipiunt
391 2260 430 2290 de
466 2262 604 2292 mutatis
633 2261 900 2302 inscriptionibus

194 2304 395 2332 statuarum.
423 2304 509 2342 quod
532 2304 661 2335 nullum
681 2310 801 2344 aptum
827 2304 900 2335 loco

193 2350 325 2373 sensum
343 2344 452 2376 habet.

237 2384 279 2415 60
297 2385 378 2417 Post
393 2387 605 2420 Leuctricam
615 2389 784 2429 pugnam]
808 2390 902 2420 Inter

197 2425 358 2458 Milonem
377 2435 411 2459 et
435 2431 600 2468 Clodium,
618 2443 681 2471 qua
696 2432 829 2468 Clodius
852 2433 902 2462 in-

196 2470 354 2501 terfectus
376 2476 437 2502 est.
464 2481 545 2513 puto
560 2475 606 2504 sic
627 2475 758 2513 dixisse,
774 2476 852 2514 quia
866 2485 906 2506 ea

196 2510 330 2543 libertas
347 2519 380 2544 et
395 2517 553 2556 securitas
576 2517 692 2547 Romae
708 2518 753 2547 sic
768 2527 826 2557 per
841 2517 906 2547 Mi-

197 2552 307 2585 lonem
328 2558 483 2589 restituta
503 2564 566 2596 est,
591 2565 628 2589 ut
650 2559 707 2590 illa
732 2559 907 2590 Leuctrica

197 2596 346 2636 Graeciae,
363 2610 381 2630 a
395 2599 621 2632 dominatione
638 2601 906 2633 Lacedaemonio-

201 2647 275 2668 rum
291 2640 438 2672 liberatae
454 2653 510 2683 per
524 2644 800 2685 Epaminondam.

244 2683 280 2713 61
305 2684 344 2714 de
373 2684 474 2715 Statii
499 2687 658 2727 sermone]
685 2687 748 2727 Qui
771 2687 903 2724 dixerit,

202 2722 244 2762 Ω.
276 2726 470 2758 Ciceronem
511 2729 723 2761 dimissurum
766 2739 903 2760 uxorem

201 2774 308 2805 suam,
323 2770 425 2800 Attici
440 2779 597 2802 sororem.

243 2809 285 2840 6⁴2
300 2812 447 2850 probari.
462 2814 597 2852 probari
612 2817 725 2844 autem
740 2813 817 2853 ἂι]
842 2813 914 2844 Vi·-

202 2852 326 2883 ctorius
340 2854 400 2892 ait,
412 2864 445 2884 se
461 2855 550 2886 hunc
565 2856 672 2887 locum
687 2855 771 2887 foede
786 2856 835 2898 (in
850 2856 901 2887 ed.

201 2893 293 2926 Jens.
308 2896 391 2938 sqq.)
417 2903 609 2942 corruptum
632 2909 650 2930 e
674 2898 794 2932 Codice
817 2899 904 2930 anti-

985 2262 1028 2293 64
1041 2262 1099 2292 etsi
1113 2263 1204 2303 sunt]
1223 2263 1276 2293 Sic
1291 2262 1342 2293 ed.
1356 2263 1495 2294 Jensoni
1511 2264 1569 2294 &c.
1584 2264 1647 2295 Ed.

942 2303 1041 2335 Rom.
1055 2306 1133 2341 sint,
1148 2305 1235 2344 quod
1251 2305 1400 2336 Graevius
1421 2310 1589 2347 repertum
1612 2307 1648 2338 in

942 2347 1024 2379 Mss.
1049 2347 1115 2377 suis
1137 2347 1224 2378 male
1245 2347 1388 2388 recepit:
1411 2354 1462 2380 est
1481 2349 1650 2381 sententia

937 2389 1067 2424 ‚directe
1082 2390 1314 2430 pronunciata.

987 2433 1028 2463 65
1043 2433 1140 2463 illum
1155 2432 1282 2472 autem]
1301 2432 1342 2472 Ω.
1358 2431 1496 2463 fratrem
1511 2443 1637 2465 meum.

990 2475 1031 2505 66
1046 2485 1080 2506 se
1093 2485 1250 2515 quemque
1258 2479 1432 2514 proestare.
1448 2485 1488 2506 ac
1503 2477 1650 2508 maoee'me

941 2521 1059 2558 partes
1070 2519 1092 2548 ἑ.
1107 2528 1133 2547 0.
1146 2517 1222 2557 δία]
1239 2517 1423 2556 Exquisite,
1433 2528 1467 2549 se
1474 2523 1650 2558 proestare,

949 2560 1055 2599 ipsum
1072 2560 1191 2596 facere,
1207 2560 1295 2599 quod
1310 2560 1437 2591 debeas.
1460 2566 1496 2592 at
1510 2571 1651 2601 sequens

949 2612 990 2632 ae
1004 2604 1150 2633 maxime
1164 2607 1280 2642 partes
1291 2607 1370 2633 sunt
1385 2604 1444 2634 &c.
1466 2605 1536 2634 sine
1550 2604 1652 2634 dubio

946 2649 996 2674 est
1017 2645 1185 2676 vitiosum,
1215 2654 1294 2676 nam
1317 2655 1377 2676 nec
1404 2645 1550 2677 cohaeret
1572 2651 1651 2686 apte

946 2687 1168 2725 antecedenti,
1206 2697 1267 2718 nec
1297 2693 1348 2719 est
1374 2688 1458 2719 bene
1494 2688 1651 2719 latinum.

948 2729 1083 2760 Correxi
1112 2730 1268 2761 maximoe
1292 2734 1407 2771 partes
1427 2735 1518 2768 sunt,
1542 2729 1651 2761 deleta

948 2772 1077 2813 copula.
1098 2772 1217 2803 vitium
1239 2780 1351 2804 ortum
1365 2778 1416 2804 est
1436 2773 1477 2803 ab
1499 2782 1516 2802 e
1536 2782 1596 2813 pro
1610 2782 1649 2810 oe,

944 2819 984 2846 ut
1007 2825 1105 2856 saepe,
1128 2815 1288 2857 scripturn
1311 2820 1346 2848 et
1367 2815 1402 2847 in
1424 2814 1497 2847 edd.
1517 2825 1569 2856 pr.
1594 2825 1650 2847 ex-

945 2867 1108 2898 pressum.
