1940 3231
279 149 355 185 6‘26
695 143 878 184 EPIST.
906 144 984 183 AD
1010 139 1294 187 ATTICUM,

253 305 257 307 ‘
280 250 433 301 remia,
455 265 553 292 cum
587 247 694 292 mihi
724 253 764 283 23
779 250 1060 291 barbarorum
1091 247 1300 290 adventus
1334 247 1604 303 proponitur,
1627 261 1722 289 om-

280 309 356 350 nia
377 309 532 350 timeo:
565 323 661 349 cum
698 315 842 349 autem
868 306 1107 348 Dolabellae
1141 305 1322 346 venitin
1351 314 1570 356 mentem;
1602 305 1721 359 paul-

282 366 372 408 lum
397 366 573 421 respiro.
606 365 678 405 secl
713 364 840 405 velim
873 363 1130 411 consideres,
1153 362 1256 418 quid
1292 361 1536 403 faciendum
1575 370 1721 417 putes:

283 424 471 480 primum
493 429 571 477 πςὸς
589 428 625 461 τὸ
643 424 804 470 ἀσφαλὲς·
835 420 977 473 (aliter
1007 420 1122 462 enim
1152 420 1260 461 mihi
1291 420 1344 460 de
1375 418 1472 469 illis,
1501 435 1552 460 ac
1582 418 1636 459 de
1656 432 1726 459 me

282 483 395 537 ipso,
413 478 724 521 consulendum
747 486 812 518 est
827 480 857 527 z)
888 477 1043 518 deinde
1061 477 1114 518 ad
1135 477 1389 533 opiniones;
1422 490 1475 516 ne
1497 474 1726 532 reprehen-

258 535 261 538 ’
283 539 450 587 damur,
474 535 588 591 quod
613 549 682 575 eas
708 534 863 575 Romae
886 533 1064 574 velimus
1087 548 1179 575 esse
1201 549 1245 575 ιιι
1267 534 1487 575 communi
1512 534 1729 574 bonorum

283 595 401 650 fuga.
433 594 536 648 quin
576 592 708 632 etiam
742 591 821 632 tibi
851 600 895 632 et
931 590 1147 643 Peduceo,
1169 592 1362 647 (scripsit
1392 590 1508 632 enim
1539 590 1592 631 ad
1622 591 1727 640 me‚)

283 651 387 707 quid
421 649 605 699 faciatis,
630 648 861 690 videndum
890 658 969 689 est.
1002 648 1036 689 is
1063 648 1178 689 enim
1213 648 1414 705 splendor
1435 658 1499 689 est
1521 646 1728 698 vestrum,

286 719 332 749 ut
353 707 502 748 eadem
525 705 796 762 postulentur
817 722 842 747 a
875 706 1014 756 vobis,
1036 721 1133 761 quae
1158 707 1213 746 ab
1236 706 1510 762 amplissimis
1543 704 1728 747 civibus.

283 766 357 807 sed
379 764 432 806 de
454 764 537 805 hoc
561 773 604 804 tu
640 762 821 814 videbis,
843 764 1004 819 quippe
1040 777 1138 805 cum
1162 763 1214 803 de
1237 777 1306 804 me
1326 764 1437 819 ipso,
1460 779 1510 805 ac
1545 763 1598 804 de
1623 761 1727 802 meis

285 833 327 864 te
362 822 634 864 considerare
667 821 811 861 veliin.
874 820 1107 875 Reliquum
1139 829 1218 869 est,
1251 830 1313 870 ut,
1349 830 1392 861 et
1421 821 1524 876 quid
1561 829 1730 876 agatur,

283 880 425 936 quoad
451 879 625 935 poteriS,
645 878 857 934 explores,
878 878 1125 933 scribasque
1147 878 1198 918 ad
1221 892 1303 927 me,
1323 887 1366 918 et
1384 879 1489 932 quid
1511 878 1603 933 ipse
1625 891 1730 918 con-

277 940 451 994 jectura
480 950 730 990 assequare:
763 935 879 990 quod
902 937 1032 976 etiam
1066 944 1153 975 ate
1184 936 1322 989 magis
1358 944 1580 990 exspecto.
1613 949 1728 984 nam,

260 995 383 1037 'acta
403 995 605 1035 omnibus
639 993 956 1043 nuntiantibus,
987 1008 1012 1033 a
1046 1001 1086 1033 te
1119 1001 1326 1047 exspecto
1350 991 1509 1032 futura.
1548 995 1668 1044 μάντις
1700 993 1720 1032 ὃ

153 1193 185 1222 p.
204 1185 271 1213 ιιι.

284 1056 407 1107 ἄξιε-ος.
456 1051 730 1107 Loquacitati
756 1051 968 1106 ignosces,
991 1064 1088 1105 quae
1110 1059 1154 1090 et
1176 1064 1245 1090 me
1267 1049 1395 1100 levat,
1414 1049 1466 1090 ad
1490 1058 1532 1089 te
1554 1049 1728 1104 quidem

287 1109 562 1160 scribentem,
585 1118 630 1148 et
667 1107 786 1149 elicit
819 1119 912 1148 tuas
947 1107 1124 1148 litteras,
1184 1109 1226 1138 94
1240 1106 1449 1163 AEnigma
1482 1105 1729 1162 Oppiorum

285 1182 340 1208 ex
363 1166 488 1207 Velia
521 1166 646 1223 plane
674 1179 759 1206 non
796 1165 1005 1206 intellexi.
1037 1174 1103 1206 est
1123 1164 1240 1205 enim
1262 1166 1301 1195 ‘2⁵
1318 1179 1496 1205 numero
1535 1163 1731 1205 Platonis

264 1224 525 1265 ·obscurius.
572 1223 715 1278 Qssjam
748 1222 942 1263 intellexi
976 1233 1113 1263 tuum.
1175 1221 1345 1278 Oppios
1375 1222 1491 1262 enim
1522 1221 1575 1262 de
1607 1221 1730 1262 Velia

284 1282 324 1317 ²7
342 1296 548 1323 succones
580 1280 702 1321 dicis.
737 1280 779 1320 in
811 1295 861 1321 eo
895 1280 1075 1321 aestuavi
1106 1279 1209 1321 diu:
1249 1294 1335 1334 quo
1367 1288 1532 1335 aperto,
1570 1278 1732 1334 reliqua

284 1340 508 1396 patebant,
531 1347 573 1378 et
596 1353 693 1379 cum
717 1336 932 1379 Terentiae
956 1352 1123 1378 summa
1144 1337 1458 1393 congruebant.
1512 1337 1560 1377 L.
1585 1335 1733 1377 Caesa-

285 1411 374 1438 rem
400 1396 488 1440 vidi
514 1395 754 1437 Minturnis
776 1410 815 1435 a.
838 1395 880 1435 d.
905 1408 998 1436 v111
1028 1394 1126 1435 Kal.
1151 1394 1277 1436 Febr.
1300 1409 1440 1446 mane,
1462 1408 1561 1436 cum
1584 1394 1733 1434 absur-

289 1453 481 1495 dissimis
503 1453 732 1504 mandatis,
755 1467 842 1493 non
866 1452 1102 1503 hominem,
1125 1452 1198 1494 sed
1229 1467 1380 1508 scopas
1403 1451 1588 1494 solutas:
1624 1460 1671 1492 ut
1694 1451 1737 1492 id

286 1512 429 1567 ipsum
453 1511 559 1551 mihi
591 1513 631 1542 28
646 1510 716 1551 ille
731 1510 925 1551 videatur
948 1510 1152 1551 irridendi
1175 1524 1304 1551 causa
1317 1509 1486 1561 fecisse,
1503 1509 1577 1565 qui
1602 1508 1736 1550 tantis

284 1570 340 1610 de
361 1570 488 1610 rebus
510 1568 612 1609 huic
635 1567 838 1609 mandata
860 1567 1051 1618 dederit;
1083 1567 1163 1608 nisi
1189 1566 1301 1608 forte
1324 1582 1409 1608 non
1429 1567 1564 1618 dedit,
1585 1575 1629 1607 et
1647 1566 1734 1617 hic,

285 1641 481 1667 sermone
495 1625 639 1681 aliquo
650 1633 836 1681 arrepto,
850 1638 924 1680 pro
938 1624 1149 1665 mandatis
1163 1625 1320 1665 abusus
1332 1634 1410 1665 est.
1429 1624 1659 1674 Labienum,
1673 1624 1736 1664 vir

283 1699 381 1726 mea
399 1684 612 1725 sententia
631 1695 829 1739 magnus,
846 1681 1072 1723 Theanum
1089 1682 1205 1724 venit
1219 1697 1257 1723 a.
1272 1682 1314 1722 d.
1334 1697 1386 1723 lx
1405 1681 1502 1723 Kal.
1523 1682 1582 1722 ibi
1605 1681 1734 1722 Porn-

284 1742 430 1798 peium
451 1740 734 1796 consulesque
749 1739 968 1781 convenit.
991 1739 1064 1795 qui
1085 1754 1224 1781 sermo
1246 1739 1389 1790 fuerit,
1405 1750 1449 1780 et
1463 1739 1564 1795 quid
1588 1749 1734 1780 aetum

285 1800 357 1850 sit,
379 1798 564 1840 scribam
583 1797 636 1840 ad
660 1808 716 1849 te,
738 1812 834 1838 cum
859 1808 1025 1838 certum
1049 1798 1197 1838 sciam.
1229 1796 1464 1853 Pompeius
1481 1798 1535 1838 ab
1557 1795 1738 1838 Theano

287 1856 492 1899 Larinum
526 1869 670 1897 versus
701 1853 922 1911 profectus
944 1863 1010 1895 est
1041 1870 1079 1896 a.
1102 1855 1144 1896 d.
1171 1869 1281 1896 v111.
1308 1854 1406 1896 Kal.
1428 1869 1480 1895 eo
1511 1854 1580 1896 die
1613 1869 1734 1895 man-

285 1917 342 1955 sit
375 1912 568 1955 Venafri.
599 1913 868 1968 aliquantum
901 1911 1034 1953 animi
1069 1912 1238 1954 videtur
1270 1912 1398 1953 nobis
1435 1912 1628 1953 attulisse
1653 1911 1734 1952 La-

284 1972 454 2014 bienus.
486 1971 559 2012 sed
595 1984 679 2025 ego
711 1970 902 2012 nondum
936 1969 1094 2021 habeo,
1127 1969 1244 2025 quod
1276 1970 1331 2011 ad
1364 1979 1406 2010 te
1439 1984 1494 2011 ex
1529 1969 1594 2010 his
1628 1968 1733 2010 locis

285 2029 487 2071 scribam.
527 2028 609 2069 ista
640 2028 778 2084 magis
812 2036 1051 2083 exspecto:
1094 2028 1198 2083 quid
1231 2026 1351 2068 illinc
1384 2026 1614 2077 afferatur3
1646 2042 1734 2082 quo

285 2094 416 2144 pacto
451 2086 505 2127 de
545 2085 741 2126 Labieno
772 2084 909 2136 ferat3
945 2084 1049 2140 quid
1085 2095 1187 2141 agat
1219 2083 1442 2127 Domitius
1475 2085 1517 2126 in
1559 2083 1734 2134 Marsis,

286 2143 433 2201 iguvii
455 2142 684 2194 Thermus,
709 2141 760 2183 Ρ.
794 2141 942 2183 Attius
967 2141 1143 2198 Cinguli
1161 2159 1175 2194 3
1211 2157 1309 2198 quae
1331 2142 1386 2184 sit
1410 2142 1557 2199 populi
1580 2142 1733 2182 urbani

268 2202 510 2262 ‚⁴voluntas3
545 2215 644 2256 quae
676 2209 751 2241 tua
772 2199 1026 2255 conjectura
1043 2200 1096 2241 de
1117 2201 1244 2241 rebus
1267 2199 1447 2242 futuris:
1489 2200 1583 2241 haec
1606 2198 1735 2240 velim

285 2260 454 2310 crebro,
477 2267 522 2299 et
546 2257 650 2314 quid
676 2257 757 2299 tibi
788 2256 842 2299 de
870 2257 1122 2300 mulieribus
1153 2257 1310 2299 nostris
1349 2257 1529 2315 placeat,
1551 2265 1595 2298 et
1630 2256 1735 2313 quid

327 2431 371 2459 <23
393 2426 610 2458 barbarorum
626 2425 786 2456 adventus
799 2425 846 2456 αιῖ
859 2425 988 2465 urbem]
1035 2425 1077 2456 ad
1109 2426 1283 2467 pecuniam
1307 2425 1480 2463 creditam,
1506 2425 1591 2456 forte
1614 2426 1736 2457 Teren-

286 2469 404 2501 Dclevi
431 2478 505 2499 cum
531 2468 661 2498 Graevio
686 2468 732 2498 acl
754 2468 881 2504 urbem,
906 2468 993 2507 quod
1037 2469 1106 2498 tiae.

287 2513 329 2544 ab
342 2514 411 2552 eJus
429 2511 509 2542 Mss.
531 2511 658 2547 aberat,
675 2510 776 2540 etiam
802 2511 837 2540 in
855 2510 992 2540 Memm.
1080 2513 1120 2541 25
1145 2520 1280 2541 numero
1304 2510 1472 2550 Platonis]
1504 2511 1587 2541 Mss.
1605 2509 1738 2549 quidam

287 2564 354 2585 non
370 2559 537 2594 repertum
550 2553 712 2583 est.abest
727 2556 763 2582 et
775 2553 816 2583 ab
825 2552 876 2583 cd.
893 2553 992 2583 Rom.
1040 2552 1160 2585 Timoeo
1174 2553 1337 2584 Platonis.

271 2597 440 2636 ‚Barbari
459 2597 539 2626 Sunt
568 2595 669 2631 Galli,
695 2604 777 2635 quos
807 2595 932 2626 multos
956 2597 991 2626 in
1077 2597 1117 2627 26
1143 2595 1224 2636 jam
1260 2597 1321 2627 int.
1351 2594 1462 2634 tuum]
1502 2604 1547 2624 se.
1584 2595 1738 2634 aenigma.

288 2641 433 2670 exercitu
448 2638 557 2668 Caesar
570 2637 724 2667 habebat.
1035 2638 1198 2669 Corradus
1214 2638 1267 2668 hie
1290 2638 1370 2669 facit
1394 2638 1528 2668 initium
1552 2646 1646 2667 novae
1668 2637 1736 2677 epi-

332 2684 373 2714 94
394 2680 566 2717 AEnigma
593 2678 774 2719 Oppiorum
799 2679 873 2719 &c.]
908 2680 993 2720 Qum
1034 2681 1143 2711 stolae.

274 2724 371 2763 ,mihi
388 2723 426 2753 de
449 2722 575 2763 Oppiis,
592 2721 844 2752 foeneratoribus
860 2733 880 2753 a
897 2732 991 2754 mon·
1078 2727 1117 2756 337
1141 2721 1304 2761 saccones]
1330 2733 1361 2753 v.
1379 2721 1471 2753 Clav-

289 2771 324 2797 te
338 2765 444 2802 Velia,
460 2764 573 2795 scribis
589 2763 778 2794 obscurius:
795 2773 851 2793 seu
867 2766 992 2806 potius,
1079 2769 1118 2796 28
1142 2764 1211 2804 ille]
1231 2765 1351 2795 Caesar.
1368 2774 1444 2796 mox
1459 2775 1605 2796 sermone
1620 2765 1740 2804 aliquo,

290 2819 364 2847 qum
389 2807 487 2849 Oppii
503 2807 671 2837 dixerunt.
699 2815 776 2837 nam
793 2815 870 2837 mox
887 2807 993 2845 sequi-
1037 2808 1100 2839 int.
1118 2807 1254 2841 Caesaris
1270 2807 1309 2838 de
1328 2817 1389 2838 nze.
1639 2821 1643 2826 ·

292 2857 349 2882 tur
376 2855 473 2881 laum
499 2859 545 2881 sc.
567 2848 722 2890 aenigma.
753 2857 803 2880 res
829 2850 994 2890 pertinuit
