1940 3231
724 86 940 128 LIBER
979 88 1031 127 X.
1525 96 1603 133 695

156 207 243 244 rus,
265 192 387 245 dix'i3
419 192 510 249 ipse
542 192 666 235 valde
687 191 977 249 repudiavit:)
1009 193 1083 234 sed
1121 201 1281 244 tamen,
1305 194 1337 235 si
1363 197 1463 250 quid
1489 199 1601 239 acci-

156 250 284 303 derit,
307 250 410 306 quid
446 264 620 291 censeas
653 250 760 290 mihi
796 249 1059 302 faciendum,
1084 250 1235 305 utique
1268 253 1461 294 scribito.
1495 255 1603 296 nihil

155 309 270 349 enim
296 307 401 349 mihi
426 308 568 349 adhuc
589 307 762 358 accidit,
785 307 901 363 quod
925 307 1102 363 majoris
1124 307 1294 348 consilii
1317 320 1441 350 esset.
1498 312 1603 353 Tre·

157 365 281 417 batii,
305 365 407 406 boni
434 365 512 406 viri
534 374 578 405 et
612 363 734 415 civis,
757 365 899 406 verbis
923 374 964 406 te
986 365 1155 421 gaudeo
1188 365 1474 409 delectatum:
1508 378 1602 410 tua-

152 434 237 478 que
260 424 341 464 ista
362 422 511 464 crebra
531 423 713 470 ἔκφῶνησ-ις,
735 423 861 478 satigny,
880 436 950 463 me
969 422 1059 464 sola
1079 422 1221 464 adhuc
1239 422 1484 465 delectavit.
1510 425 1602 467 Lit-

154 489 266 522 teras
304 490 397 521 tuas
435 478 710 519 vehementer
745 490 969 535 exspecto,
1003 495 1109 536 quas
1142 480 1318 536 quidem
1353 482 1482 524 credo
1506 482 1599 537 jam

148 537 270 579 datas
323 550 427 577 esse.
488 534 554 576 Tu
595 549 695 576 cum
732 536 868 578 Sexto
904 538 1080 580 servasti
1112 538 1371 594 gravitatem
1404 539 1600 592 eandem,

153 610 282 652 quam
306 592 410 634 mihi
434 592 651 648 praecipis.
687 595 724 623 10
739 594 865 635 Celer
887 604 984 636 tuus
1003 596 1187 637 disertus
1211 596 1349 652 magis
1371 608 1449 649 est,
1469 612 1600 652 quam

149 653 333 709 sapiens.
396 649 735 705 Dejuvenibus,
757 666 853 707 quae
886 667 942 694 ex
964 652 1106 694 Tullia
1140 653 1316 704 audisti,
1354 669 1452 696 vera
1485 666 1601 699 sunt.

149 708 182 740 Ἰ]
203 708 270 750 Μ.
293 707 477 748 Antonii
500 708 631 760 istud,
653 709 770 763 quod
803 710 969 762 scribis,
993 725 1080 753 non
1111 711 1218 752 mihi
1242 711 1412 753 videtur
1434 723 1521 754 tam
1558 728 1600 755 re

143 780 238 807 esse
261 766 398 817 triste,
421 780 551 821 quam
587 767 735 807 verbo.
767 765 864 808 haec
898 777 964 808 est
985 771 1064 817 ἄλη,
1089 768 1130 809 in
1169 783 1255 824 qua
1284 784 1400 811 nunc
1437 785 1599 821 sumus,

146 822 298 865 mortis
337 823 484 864 instar.
525 832 600 864 aut
632 824 747 865 enim
782 825 890 866 mihi
920 825 1052 866 libere
1086 827 1198 867 inter
1228 827 1362 868 malos
1395 832 1599 870 πολιτευτέον

143 880 243 933 fuit,
277 890 352 922 aut
387 881 453 921 vel
487 881 726 936 periculose
761 897 861 923 cum
896 883 1053 927 bonis:
1092 894 1166 925 aut
1196 898 1273 925 nos
1308 885 1597 927 temeritatem

144 939 360 980 bonorum
399 953 657 995 sequamur:
702 949 777 981 aut
811 940 1037 982 audaciam
1077 941 1375 997 improborum
1414 943 1595 985 insecte-
1610 961 1639 994 b.

141 1011 254 1037 mur.
289 1008 519 1052 utrumque
549 996 838 1053 periculosum
863 1009 942 1039 est.
977 1008 1021 1039 at
1041 998 1140 1050 hoc,
1164 999 1279 1054 quod
1310 1001 1496 1057 agimus,
1518 1016 1597 1043 nec

145 1063 286 1111 turpe,
309 1069 388 1095 nec
412 1064 554 1095 tamen
589 1063 747 1095 tutum.
796 1057 832 1085 12
847 1054 1002 1106 Istum,
1035 1057 1106 1112 qui
1143 1057 1279 1097 filium
1315 1058 1594 1101 Brundisium

141 1112 196 1153 de
220 1127 326 1169 pace
349 1112 480 1163 misit,
502 1112 575 1164 (de
597 1126 703 1167 pace
727 1112 837 1153 idem
862 1113 1018 1164 sentio,
1041 1114 1157 1168 quod
1179 1124 1221 1154 tu
1241 1131 1251 1166 3
1275 1115 1596 1158 simulationem

143 1185 235 1211 esse
264 1180 474 1226 apertam,
497 1170 635 1225 parari
670 1180 816 1210 autem
851 1170 1011 1212 bellum
1042 1172 1249 1212 acerrime
1264 1174 1294 1222 ς)
1328 1173 1519 1229 legatum
1544 1175 1621 1216 iri·

139 1242 226 1269 non
251 1228 461 1278 arbitror,
493 1226 617 1282 cujus
640 1227 796 1278 adhuc,
822 1239 868 1269 ut
890 1229 1054 1284 optavi,
1072 1229 1235 1270 mentio
1254 1230 1370 1271 facta
1391 1230 1508 1272 nulla
1524 1233 1593 1273 sit.

138 1300 190 1326 eo
214 1285 356 1326 minus
379 1284 518 1325 habeo
552 1298 725 1326 necesse
762 1286 963 1337 scribere,
996 1296 1072 1327 aut
1103 1288 1234 1328 etiam
1257 1288 1466 1345 cogitare,
1486 1289 1592 1345 quid

142 1343 221 1384 sim
247 1342 455 1394 facturus,
481 1344 516 1372 ¹3
532 1342 566 1383 si
591 1342 812 1395 acciderit,
836 1353 882 1384 ut
904 1344 1082 1400 legarer.

572 1448 808 1491 CICERO
839 1449 1072 1493 ATTICO
1106 1451 1150 1492 S.
1601 1474 1628 1511 2

139 1507 282 1561 EGO
304 1532 402 1559 cum
437 1517 701 1574 accepissem
733 1527 826 1559 tuas
851 1519 1014 1560 litteras
1039 1519 1179 1561 Nonis
1203 1519 1343 1576 April.
1374 1535 1479 1577 quas
1505 1521 1589 1563 Ce-

133 1577 281 1636 phalio
315 1574 534 1626 attulerat,
563 1590 786 1631 essemque
826 1575 1068 1617 Minturnis
1103 1579 1312 1633 postridie
1346 1593 1588 1632 mansurus,

135 1638 172 1666 14
185 1644 229 1676 et
249 1633 350 1675 inde
384 1633 605 1688 pi‘otinus3
647 1634 832 1674 sustinui
854 1647 924 1674 me
947 1634 989 1675 in
1015 1634 1189 1675 Arcano
1214 1635 1372 1687 fratris,
1397 1647 1460 1688 ut,
1484 1638 1588 1680 dum

130 1691 295 1749 aliquid
326 1692 484 1732 certius
516 1690 754 1742 afferretur,
787 1691 1025 1733 occultiore
1054 1693 1095 1733 in
1130 1692 1226 1734 loco
1258 1708 1463 1745 essemus,
1485 1710 1587 1752 age-

131 1761 364 1805 renturque
386 1748 522 1789 nihilo
543 1749 703 1799 minus,
727 1764 824 1804 quae
848 1749 940 1790 sine
963 1750 1088 1791 nobis
1105 1752 1177 1807 agi
1200 1762 1397 1807 possunt.
1420 1754 1456 1782 15
1470 1766 1587 1794 λαλα-

124 1808 340 1864 ye'ooeaejam
364 1807 498 1857 adest,
521 1817 563 1847 et
586 1808 754 1847 animus
773 1807 918 1859 ardet3
950 1822 1030 1849 nec
1053 1817 1119 1848 est
1139 1810 1391 1865 quicquam,
1414 1825 1516 1867 quO,
1540 1822 1586 1852 et

129 1881 229 1922 qua.
261 1865 335 1906 sed
358 1864 454 1905 haec
478 1873 625 1904 nostra
642 1864 724 1905 erit
746 1879 849 1906 cura
871 1874 913 1906 et
934 1866 1188 1920 peritorum.
1213 1875 1258 1907 tu
1284 1878 1444 1920 tamen,
1466 1869 1584 1925 quod

129 1923 307 1980 poteris,
329 1932 376 1963 ut
400 1922 542 1964 adhuc
571 1920 729 1973 fecisti,
753 1937 830 1963 nos
862 1923 1053 1964 consiliis
1079 1922 1273 1978 juvabis,
1307 1940 1371 1966 res
1396 1939 1496 1968 sunt
1518 1927 1585 1967 in-

128 1979 425 2037 explicabiles.
465 1979 653 2021 fortunae
689 1990 790 2021 sunt
823 1981 1139 2022 committenda
1172 1983 1333 2024 omnia.
1376 1983 1467 2025 sine
1506 1998 1582 2039 spe

127 2052 337 2080 conamur
364 2036 463 2078 ulla.
506 2037 540 2077 si
573 2037 724 2078 melius
747 2038 852 2093 quid
884 2038 1106 2090 acciderit,
1138 2039 1406 2081 mirabimur.
1470 2041 1580 2083 Dio-

125 2096 299 2153 nysium
322 2095 456 2135 nolim
478 2094 532 2135 ad
565 2108 634 2136 me
658 2096 928 2151 profectum:
961 2096 1014 2137 de
1037 2111 1123 2152 quo
1155 2098 1207 2137 ad
1232 2112 1300 2139 me
1322 2097 1462 2141 Tullia
1484 2115 1580 2141 mea

126 2153 314 2210 scripsit.
347 2153 420 2194 sed
449 2161 493 2194 et
516 2162 686 2209 tempus
709 2153 895 2195 alienum
920 2163 1008 2208 est,
1042 2164 1085 2196 et
1124 2153 1290 2198 homini
1325 2170 1410 2198 non
1435 2159 1576 2201 amico

165 2310 203 2339 10
230 2307 321 2338 Celer
335 2305 427 2346 tutes]
455 2305 497 2346 Q.
513 2305 673 2336 Metellus
690 2306 797 2337 Celer.

164 2353 200 2380 1¹.
225 2350 278 2381 M.
294 2349 430 2380 Antonii
444 2349 546 2388 istud]
575 2348 648 2379 Hoc
663 2348 743 2388 quid
765 2350 820 2385 sit,

121 2403 220 2424 nemo
236 2392 336 2424 dicat.
381 2391 578 2422 'runstallus
595 2402 626 2432 p.
649 2394 702 2422 80.
719 2392 822 2422 corri-

118 2437 168 2476 git
183 2435 222 2466 de
247 2437 454 2475 conjectura:
472 2434 579 2478 ''Anqov
602 2435 710 2464 istud:
743 2434 822 2465 ulti-

117 2488 212 2508 mum
226 2477 315 2508 istud
328 2488 380 2518 ep.
395 2482 476 2508 tuae.

163 2523 201 2552 12
223 2521 343 2556 Istum,
369 2521 426 2559 qui
442 2520 578 2561 filium]
620 2518 823 2558 Intelligunt

115 2562 250 2602 quidam
273 2562 472 2602 Sulpicium,
492 2565 546 2603 qui
562 2562 670 2593 filium
687 2561 822 2592 miserat

114 2605 342 2641 Brundisium,
357 2610 398 2635 ut
411 2615 510 2646 supra
525 2611 594 2636 est:
613 2604 668 2635 sed
682 2604 738 2634 ille
752 2613 821 2635 non

116 2648 156 2678 de
172 2657 250 2688 pace
264 2649 381 2678 missus
395 2654 481 2686 erat,
495 2648 552 2679 sed
566 2648 608 2679 ad
623 2647 819 2687 Pompeium

115 2690 168 2720 vel
184 2689 379 2729 capiendum
394 2691 447 2721 vel
462 2690 691 2722 occidendum.
714 2689 771 2720 sed
788 2689 820 2720 id

114 2738 230 2763 tamen
247 2733 357 2772 potuit
381 2732 510 2764 factum
531 2743 601 2764 esse
624 2733 686 2763 sub
712 2732 819 2772 specie

100 2771 204 2816 'pacis
218 2774 388 2806 faciendae.
417 2785 494 2807 nam
523 2776 639 2806 statim
664 2775 757 2812 dicit,
774 2775 817 2805 si-

114 2817 335 2848 mulationem
357 2817 469 2849 fuisse.
494 2818 670 2849 Manutius
694 2818 819 2848 Corne-

110 2858 195 2894 lium
217 2860 360 2893 Balbum
375 2860 547 2901 intelligit,
571 2871 648 2894 mox
664 2861 707 2894 ad
720 2862 814 2901 lega-

865 2311 938 2337 tum
954 2306 1082 2339 addunt
1097 2318 1149 2339 me
1168 2308 1220 2339 vel
1238 2314 1269 2340 et
1286 2310 1362 2346 mei,
1379 2309 1435 2340 sed
1450 2309 1489 2341 de
1504 2321 1573 2343 uno

864 2359 1052 2381 sermonem
1068 2361 1150 2390 esse,
1176 2353 1349 2391 sequentia
1370 2354 1570 2385 ostendunt:

865 2392 961 2434 cujus
974 2393 1084 2423 adhuc
1109 2395 1168 2425 διο.
1195 2395 1282 2434 quod
1307 2395 1481 2426 manifeste
1497 2402 1573 2427 tan·

865 2440 940 2465 tum
957 2435 997 2466 ad
1011 2437 1112 2466 istum
1129 2438 1286 2476 pertinet.

914 2480 949 2508 13
972 2479 1000 2508 si
1022 2479 1192 2516 acciderit,
1214 2484 1254 2510 ut
1276 2479 1423 2521 legarer]
1457 2479 1572 2519 Lega-

865 2530 923 2550 τεν
936 2520 1008 2551 edd.
1029 2520 1129 2552 Rom.
1153 2524 1227 2553 Asc.
1250 2522 1325 2553 Aldi
1343 2523 1403 2553 Sec.
1427 2529 1463 2554 at
1477 2523 1572 2557 JenS.

865 2564 1005 2601 legerer,
1030 2562 1117 2602 quod
1140 2564 1175 2595 in
1202 2565 1284 2596 Mss.
1307 2566 1375 2596 fere
1401 2571 1571 2606 repertum

864 2611 926 2636 est.
970 2605 1160 2646 Malaspina
1178 2612 1292 2638 autem
1313 2609 1500 2648 corrigebat
1524 2611 1572 2639 le-

859 2657 935 2686 ger,
963 2648 1052 2687 quod
1075 2653 1110 2679 et
1134 2649 1283 2682 Graevius
1306 2651 1409 2691 tacite
1434 2656 1568 2682 secutus

862 2696 924 2721 est.
982 2691 1046 2722 Sed
1074 2692 1231 2724 acciderit
1259 2692 1407 2734 postulat
1436 2696 1569 2733 legar-er

862 2733 1044 2764 secundum
1060 2734 1208 2778 ἅκςιέειαν
1221 2737 1486 2776 grammaticam.

908 2778 946 2807 14
968 2780 1000 2807 et
1020 2777 1097 2808 inde
1116 2779 1286 2820 protinus]
1317 2778 1367 2810 Ad
1395 2788 1499 2816 mare,
1527 2783 1568 2810 ut

862 2817 988 2850 abirem
1005 2818 1119 2851 Italia.

905 2864 943 2894 15
967 2863 1151 2904 λαλιγεῦιι
1173 2863 1249 2905 &c.]
1274 2874 1305 2897 v·
1320 2873 1420 2905 supra
1433 2862 1496 2902 IX,
1516 2866 1564 2897 18.

774 2910 907 2962 xy4
