1940 3231
701 143 906 182 LIBER
949 143 1063 181 vnn
1500 125 1597 186 <647

148 248 276 291 malle
299 249 534 302 Caesarem,
557 263 686 305 quam
713 256 763 289 ut
797 247 1055 304 Pompeium
1088 248 1410 301 assequeretur:
1444 247 1485 289 id
1509 262 1600 289 cre-

149 306 231 349 do:
265 317 308 348 et
330 308 486 349 rediret
507 308 550 348 in
573 305 787 363 gratiam:
821 305 864 346 id
887 319 973 345 non
997 303 1150 355 cred03
1182 312 1224 344 et
1248 313 1408 354 metuo,
1431 319 1483 344 ne
1505 320 1599 346 om·

149 364 216 404 nis
240 365 334 406 haec
355 364 583 407 clementia
604 363 657 404 ad
674 364 716 393 48
729 376 860 403 unam
890 362 1007 403 illam
1029 360 1327 403 crudelitatem
1351 360 1597 415 colligatur.

151 421 314 463 Balbus
336 423 508 479 quidem
533 420 671 475 major
698 421 751 462 ad
782 434 853 461 me
885 420 1049 471 scribit,
1062 417 1179 460 nihil
1212 418 1339 459 malle
1363 416 1596 470 Caesarem,

149 493 280 534 quam
301 479 496 535 principe
520 477 732 534 Pompeio
755 478 846 519 sine
867 486 986 519 metu
1010 478 1167 518 vivere.
1191 483 1237 517 tu
1260 485 1367 532 puto
1390 475 1485 516 haec
1505 490 1595 516 cre-

149 537 230 578 dis.
248 537 335 588 sed,
351 550 450 577 cum
472 534 567 576 haec
587 535 827 577 scribebam
844 550 868 577 v
888 535 1072 577 Kalend.
1089 534 1323 590 Pompeius
1343 532 1433 589 jam
1455 532 1595 574 Brun-

146 594 303 635 disium
327 593 491 634 venisse
523 602 706 648 poterat.
737 594 967 650 expeditus
989 593 1422 634 enimantecesserat
1452 589 1592 647 legio-

147 665 223 692 nes
246 650 440 691 Luceria.
463 651 537 691 sed
560 650 643 691 hoc
665 654 757 707 τέξεις
781 651 977 692 horribili
1010 649 1251 706 vigilantia,
1273 649 1505 700 celeritate,
1527 648 1593 689 di-

145 707 325 764 ligentia
343 717 423 749 est.
444 707 588 764 plane,
610 709 712 764 quid
737 708 930 750 futurum
954 708 1023 760 sit,
1047 707 1207 748 nescio.

584 796 819 840 CICERO
850 797 1079 840 ATTICO
1113 797 1158 839 S.
1611 798 1661 833 10

147 852 506 908 DIONYSIUS
528 864 628 908 cum
650 866 704 909 ad
728 881 797 908 me
828 877 986 923 praeter
1007 866 1258 922 opinionem
1280 879 1420 906 meam
1452 863 1592 906 venis·
1607 867 1637 897 b·

145 931 224 981 set,
255 923 424 965 locutus
455 938 551 966 sum
583 939 682 966 cum
715 939 766 966 eo
796 924 1119 977 liberalissime3
1151 932 1348 979 tempora
1379 922 1590 978 exposui:

143 981 312 1037 rogavi,
336 991 383 1022 ut
406 982 583 1034 diceret,
605 982 708 1038 quid
732 982 911 1024 haberet
935 982 978 1023 in
1001 982 1172 1024 animo:
1195 995 1264 1022 me
1288 980 1396 1021 nihil
1418 981 1474 1021 ab
1498 980 1592 1036 ipso

143 1037 283 1080 invito
306 1041 581 1081 contendere.
614 1040 851 1096 respondit,
874 1054 932 1091 se,
954 1042 995 1074 49
1008 1039 1124 1094 quod
1155 1040 1200 1079 in
1224 1038 1365 1085 numis
1398 1038 1592 1090 haberet,

142 1097 310 1138 nescire
331 1111 416 1151 quo
440 1097 523 1139 loci
547 1110 683 1139 esset:
707 1097 812 1138 alios
835 1112 921 1138 non
945 1096 1123 1148 solvere,
1146 1097 1327 1137 aliorum
1350 1096 1463 1136 diem
1485 1110 1595 1136 non-

143 1153 248 1195 dum
279 1168 384 1205 esse,
407 1154 534 1196 dixit.
555 1155 687 1196 etiam
718 1155 801 1196 alia
822 1154 1021 1210 quaedam
1044 1154 1097 1195 de
1127 1153 1304 1195 servulis
1338 1153 1440 1203 suis,
1462 1167 1594 1208 quare

145 1212 374 1253 nobiscum
414 1226 505 1253 esse
537 1226 624 1253 non
654 1220 815 1269 posset.
845 1226 1010 1253 morem
1042 1211 1180 1268 gessi:
1212 1210 1357 1252 dimisi
1386 1226 1411 1251 a
1440 1224 1522 1260 me,
1547 1221 1595 1251 ut

138 1270 402 1327 magistrum
427 1269 705 1321 Ciceronum,
736 1285 823 1311 non
856 1270 1079 1321 lubenter3
1110 1278 1159 1310 ut
1191 1268 1411 1309 hominem
1448 1268 1593 1323 ingra-

146 1335 254 1379 tum,
288 1342 374 1368 non
408 1327 584 1370 invitus.
644 1327 774 1369 Volui
806 1336 848 1372 te
878 1327 1001 1380 scire,
1031 1327 1133 1384 quid
1158 1341 1240 1383 ego
1263 1326 1316 1367 ‹le
1347 1325 1441 1382 ejus
1475 1325 1593 1367 facto

133 1383 395 1440 judicarem.

145 1516 341 1578 QUOD
372 1543 441 1570 me
471 1544 633 1586 magno
664 1529 795 1570 animi
826 1538 945 1569 motu
978 1529 1277 1585 perturbatum
1313 1536 1464 1584 putas3
1497 1541 1591 1568 sum

143 1586 360 1641 equidem,
393 1587 466 1628 sed
500 1602 585 1628 non
620 1596 708 1628 tam
741 1601 916 1643 magno,
939 1601 1068 1642 quam
1098 1586 1178 1627 tibi
1213 1585 1394 1626 fortasse
1428 1585 1592 1626 videor.

146 1643 335 1685 Levatur
366 1645 482 1686 enim
514 1645 654 1686 omnis
685 1659 801 1695 cura,
827 1659 926 1684 cum
960 1647 1000 1674 50
1015 1652 1089 1684 aut
1121 1643 1320 1685 constitit
1348 1643 1594 1694 consilium,

143 1711 220 1743 aut
241 1702 476 1757 cogitando
499 1702 605 1743 nihil
629 1702 886 1758 explicatur.
910 1701 1133 1742 lamentari
1165 1711 1308 1742 autem
1342 1700 1456 1742 licet.
1490 1703 1525 1730 5¹
1543 1700 1574 1742 il

142 1757 216 1800 lud
241 1768 384 1801 tamen
416 1768 531 1801 totos
563 1760 668 1802 dies.
703 1759 776 1801 sed
809 1774 970 1810 vereor,
995 1774 1061 1810 ne,
1088 1759 1195 1800 nihil
1217 1774 1315 1799 cum
1353 1758 1593 1815 proficiam,

144 1817 274 1858 etiam
298 1818 497 1859 dedecori
521 1818 601 1858 sim
634 1817 787 1858 studiis
817 1832 867 1858 ac
898 1817 1050 1858 litteris
1083 1817 1254 1858 nostris.
1278 1831 1486 1857 consumo
1511 1816 1594 1872 igi-

144 1883 214 1915 tur
244 1890 372 1916 omne
409 1885 593 1932 tempus,
629 1875 919 1925 considerans,
954 1883 1117 1930 quanta
1154 1874 1216 1915 vis
1253 1874 1308 1914 sit
1346 1873 1458 1914 illius
1498 1874 1593 1925 viri,

145 1946 273 1986 quem
315 1933 471 1974 nostris
513 1933 633 1974 libris
674 1933 777 1974 satis
822 1932 1066 1989 diligenter,
1105 1941 1152 1973 ut
1190 1931 1271 1972 tibi
1316 1932 1488 1987 quidem
1532 1931 1594 1972 vi-

145 1990 309 2041 demur,
342 1991 646 2047 expressimus.
707 1989 904 2031 Tenesne
940 1990 1087 2046 igitur,
1120 1989 1436 2030 moderatorem
1471 1988 1592 2029 illum

143 2047 395 2104 reipublicae
438 2063 524 2103 quo
563 2047 719 2090 referre
756 2047 937 2088 velimus
971 2047 1144 2090 omnia?
1187 2061 1287 2088 nam
1324 2047 1384 2087 sic
1423 2047 1592 2101 quinto,

143 2113 193 2145 ut
223 2105 395 2161 opinor,
426 2105 469 2145 in
506 2105 617 2146 libro
649 2105 841 2161 loquitur
872 2105 1046 2161 Scipio:
1087 2103 1142 2145 Ut
1183 2104 1288 2145 enim
1321 2104 1594 2160 gubernatori

143 2177 280 2203 cursus
309 2162 516 2214 secundus,
554 2161 706 2204 medico
743 2161 864 2215 sulm,
899 2163 1140 2218 imperatori
1174 2162 1375 2211 victoria,-
1404 2162 1459 2202 sic
1498 2161 1592 2202 huic

143 2219 392 2261 moderatori
429 2220 662 2276 reipublicae
701 2220 820 2261 beata
861 2220 1011 2262 civium
1049 2220 1137 2261 vita
1167 2220 1379 2274 proposita
1418 2226 1499 2269 est,·
1546 2226 1593 2259 ut

134 2277 287 2333 *opibus
311 2277 460 2332 firma,
492 2278 616 2333 copiis
649 2276 835 2332 locuples,
873 2277 1011 2334 gloria
1053 2277 1206 2332 ampla,
1236 2277 1388 2318 virtute
1425 2276 1592 2317 honesta

142 2336 210 2376 sit.
249 2335 369 2393 lllfjus
405 2335 511 2378 enim
546 2335 689 2390 operis,
718 2335 887 2376 maximi
915 2335 1024 2377 inter
1061 2335 1238 2376 homines
1270 2342 1393 2390 atque
1430 2334 1589 2390 optimi,

143 2391 262 2434 illum
282 2408 358 2434 esse
380 2391 649 2450 perfectorem
674 2392 780 2435 volo.
842 2392 942 2434 Hoc
966 2393 1126 2434 Cnaeus
1159 2401 1303 2432 noster
1328 2407 1427 2433 cum
1461 2399 1632 2433 anteap·
1654 2392 1722 2421 125.

143 2465 396 2508 numquam,
420 2461 512 2493 tum
534 2451 578 2493 in
609 2451 689 2492 bac
722 2465 851 2492 causa
880 2450 1058 2492 minime
1087 2449 1316 2506 cogitavit.
1346 2442 1628 2491 dominatioa·

184 2580 225 2609 48
236 2587 339 2609 unam
351 2576 594 2617 crudelitatem]
610 2577 658 2608 Ut
670 2576 845 2617 Pompeius
888 2579 1008 2615 turque
1023 2575 1164 2616 praediis.
1187 2576 1281 2607 Verr.
1297 2576 1361 2613 111,
1376 2577 1429 2608 86.
1447 2578 1542 2608 habet
1558 2579 1593 2608 in

144 2619 373 2652 interficiatur.
889 2620 1011 2655 mamis,
1026 2620 1062 2649 in
1076 2621 1213 2650 urbanis
1224 2617 1382 2659 proediis.'

186 2665 228 2697 49
249 2664 334 2703 quod
351 2665 386 2694 in
408 2664 518 2694 numis
544 2661 689 2700 haberet]
719 2660 771 2691 Sic
795 2659 846 2690 ed.
934 2663 974 2692 50
997 2666 1057 2691 aut
1082 2663 1225 2692 constitit
1251 2661 1435 2702 consilium]
1465 2662 1489 2692 i.
1513 2672 1592 2691 con-

143 2703 240 2735 Rom.
255 2712 289 2736 et
303 2706 378 2737 inde
401 2707 485 2737 aliae.
501 2705 634 2746 quidam
656 2713 718 2734 scr.
740 2703 844 2734 nomi-
887 2702 997 2733 silium
1015 2709 1144 2735 certum
1168 2708 1302 2744 captum
1323 2709 1384 2735 est.
1407 2706 1471 2735 alia
1493 2704 1593 2734 lectio

143 2748 250 2784 uibus,
272 2748 358 2787 quod
381 2748 498 2780 Lamb.
520 2753 555 2779 et
574 2747 747 2778 Manutius
771 2755 846 2786 pro-
887 2751 938 2776 est
959 2756 1034 2777 cum
1057 2751 1207 2778 constant
1229 2748 1374 2778 consilia.
1403 2756 1468 2776 non
1492 2746 1593 2783 male,

142 2789 279 2827 barunt,
301 2792 424 2831 recepit
445 2797 480 2822 et
504 2791 666 2821 Graevius,
711 2789 848 2829 Propria
888 2788 945 2819 sed
959 2789 1131 2829 vulgatum
1148 2789 1264 2820 melius
1279 2795 1313 2820 et
1327 2788 1465 2820 facilius.

142 2832 309 2862 Ciceronis
323 2832 448 2873 phrasis
464 2838 514 2865 est
528 2834 646 2863 habere
666 2832 702 2862 in
725 2829 848 2869 mamis,
935 2834 971 2862 51
989 2831 1074 2864 illud
1096 2837 1208 2864 tamen
1230 2836 1309 2863 totos
1330 2831 1410 2870 dies]
1438 2831 1500 2863 int.
1524 2841 1592 2863 non

140 2884 244 2915 eaque
271 2875 391 2906 dicitur
416 2876 456 2907 de
483 2877 623 2916 pecunia
649 2880 685 2906 et
712 2884 785 2914 quae
812 2874 848 2904 in
891 2873 1013 2914 placet.

140 2927 216 2949 arca
231 2920 292 2956 est,
310 2921 343 2950 et
359 2927 432 2957 quae
454 2918 572 2951 foenori
594 2917 685 2957 data,
708 2916 847 2958 oppo'ni-
892 2922 894 2925 ·
1012 2922 1014 2925 ’

816 2963 932 3000 ‘rt4
