1940 3231
762 115 971 156 LIBER
1008 115 1055 152 V.
1566 121 1641 160 578

198 223 322 276 sima,
343 238 504 281 magna
524 229 838 265 tormentorum
869 219 1012 275 copia,
1033 216 1180 260 multis
1212 219 1461 274 sagittariis,
1482 235 1643 277 magno

198 282 360 334 labore,
383 291 608 338 apparatu,
630 278 776 321 multis
811 277 967 318 sauciis
997 275 1171 326 nostris,
1195 275 1404 317 incolumi
1435 280 1643 330 exercitu,

196 340 423 396 negotium
457 338 738 381 confecimus.
802 334 956 376 Hilara
993 347 1095 375 sane
1133 333 1391 375 Saturnalia.
1433 334 1643 376 militibus

198 412 387 453 quoque,
428 396 549 452 equis
590 392 803 449 exceptiS,
844 391 1053 448 reliquam
1103 391 1296 448 praedam
1338 392 1644 434 concessimus,

199 455 420 510 mancipia
462 451 684 494 vaenibant
723 449 1078 491 3lSaturnalibus
1123 449 1275 490 tertiis.
1335 452 1376 480 32
1396 448 1508 490 Cum
1549 449 1645 489 haec

201 513 457 559 scribebam,
479 510 524 551 in
548 507 752 550 tribunali
783 522 848 548 res
877 517 969 549 erat
990 507 1043 549 ad
1072 506 1173 549 H-S
1198 521 1315 549 cxx.
1345 507 1449 548 hinc
1480 507 1647 547 exerci-

202 578 295 611 tum
317 571 361 611 in
383 569 565 609 hiberna
586 566 679 622 agri
703 565 812 607 male
840 565 983 622 pacati
1006 565 1308 607 deducendum
1330 565 1499 612 Quinto
1522 563 1645 605 fratri

201 628 373 669 dabam.
404 626 496 681 ipse
526 639 596 666 me
622 624 881 665 Laodiceam
901 623 1179 679 recipiebam.
1244 623 1357 664 Haec
1382 622 1539 664 adhuc.
1572 622 1645 663 sed

199 685 253 726 ad
282 683 504 740 praeterita
534 692 814 724 revertamur.
876 681 1007 728 Quod
1039 695 1108 722 me
1139 681 1329 722 maxime
1362 680 1561 731 hortaris,
1586 690 1644 731 et,
1658 685 1689 716 Ρ·
1706 679 1730 708 ⁹¹

199 741 316 798 quod
356 740 488 796 pluris
521 751 601 790 est,
640 753 770 795 quam
810 739 970 790 omnia,
1004 738 1047 778 in
1086 753 1172 794 quo
1211 738 1395 789 laboras,
1429 747 1477 779 ut
1513 728 1686 780 etiama'

199 801 240 831 33
256 798 466 854 Ligurino
485 802 590 852 ,κώμῳ
613 796 901 839 satisfaciam:
933 795 1107 845 moriar,
1127 796 1161 836 si
1185 797 1414 852 quicquam
1434 795 1524 836 fieri
1549 806 1646 852 pot-

198 865 264 897 est
300 856 555 911 elegantius.
599 870 679 896 nec
710 854 805 910 jam
843 868 927 910 ego
960 853 1072 895 hanc
1104 854 1419 895 continentiam
1459 852 1646 910 appello,

198 928 297 970 quae
321 913 457 955 virtus
482 911 693 969 voluptati
713 913 908 954 resistere
929 911 1109 953 videtur.
1135 926 1217 967 ego
1241 913 1284 953 in
1308 912 1397 952 vita
1417 925 1510 952 mea
1531 911 1648 953 nulla

199 985 406 1026 umquam
430 971 652 1027 voluptate
675 980 796 1012 tanta
827 984 921 1011 sum
943 968 1154 1019 adfectus,
1177 979 1339 1025 quanta
1363 968 1543 1010 adficior
1565 969 1647 1011 hac

202 1028 468 1085 integritate.
500 1044 580 1070 nec
610 1042 681 1069 me
712 1038 799 1069 tam
831 1027 961 1079 fama,
992 1041 1089 1081 quae
1122 1041 1290 1077 summa
1318 1037 1397 1077 est,
1420 1041 1549 1081 quam
1581 1041 1646 1068 res

201 1086 312 1143 ipsa,
345 1086 545 1129 delectat.
586 1085 691 1142 quid
723 1085 915 1141 quaeris?
958 1083 1041 1124 fuit
1076 1085 1211 1126 tanti:
1245 1099 1313 1126 me
1341 1085 1433 1141 ipse
1460 1099 1546 1125 non
1569 1099 1647 1125 no—

200 1158 318 1196 ram3
349 1159 430 1186 nec
452 1147 554 1188 satis
577 1144 781 1194 sciebam,
800 1142 906 1198 quid
928 1141 972 1182 in
997 1141 1079 1182 hoc
1101 1156 1258 1197 genere
1281 1142 1422 1184 facere
1446 1156 1613 1197 possem
1637 1159 1647 1184 ε

200 1212 317 1246 recte
337 1207 561 1256 πεφυσίωμαιι.
592 1201 702 1242 nihil
721 1209 786 1241 est
817 1199 1080 1257 praeclarius·
1113 1201 1154 1229 34
1173 1200 1343 1240 interim
1369 1199 1465 1240 haec
1486 1203 1648 1255 λαμπςοί.

199 1259 514 1304 Ariobarzanes
544 1273 676 1316 opera
705 1272 801 1300 mea
827 1258 948 1309 vivit,
972 1265 1141 1314 regnat.
1171 1260 1196 1298 ἐν
1215 1260 1361 1314 medas,
1385 1257 1582 1307 consilio,
1605 1265 1650 1297 et

201 1321 476 1369 auctoritate,
509 1327 552 1358 et
584 1316 701 1373 quod
741 1315 1066 1357 insidiatoribus
1101 1314 1195 1370 ejus
1231 1319 1408 1370 alvredo-nor
1440 1328 1524 1365 me,
1559 1329 1647 1355 non

200 1377 332 1419 modo
353 1378 587 1432 ἀὲωςοδόκητον
611 1374 792 1431 praebui,
812 1388 956 1429 regem
982 1386 1248 1429 regnumque
1270 1372 1451 1413 servavi.
1484 1373 1649 1413 interea

200 1449 225 1475 e
247 1433 529 1492 Cappadocia
549 1447 603 1473 ne
626 1432 761 1489 pilum
784 1431 974 1488 quidem.
1005 1433 1045 1461 35
1065 1431 1214 1486 [atque
1244 1430 1377 1471 etiam
1401 1444 1525 1486 spero
1553 1439 1649 1471 toto

201 1507 315 1534 anno
338 1491 507 1548 imperii
530 1490 666 1531 nostri
690 1489 933 1530 teruncium
958 1499 1124 1529 sumtus
1146 1490 1191 1529 in
1224 1488 1448 1545 provincia
1480 1487 1646 1529 nullum

200 1549 328 1605 fore]
387 1549 429 1581 36
449 1548 634 1590 Brutum
686 1547 922 1603 abjectum,
969 1556 1180 1602 quantum
1230 1546 1370 1602 potui,
1421 1545 1644 1588 excitavi:

197 1622 327 1664 quem
360 1621 447 1649 non
489 1605 631 1647 minus
675 1620 788 1657 amo,
820 1618 950 1661 quam
990 1615 1067 1655 tu3
1111 1617 1235 1660 paene
1273 1603 1380 1654 dixi,
1421 1617 1550 1658 quam
1586 1613 1642 1644 te.

201 1665 352 1707 Habes
375 1663 535 1706 omnia.
584 1663 714 1705 Nunc
734 1663 906 1719 publice
928 1661 1091 1704 litteras
1117 1661 1303 1702 Romam
1326 1661 1497 1702 mittere
1521 1675 1643 1717 para-

198 1724 314 1766 bam.
346 1722 566 1765 uberiores
588 1730 729 1773 erunt,
757 1736 887 1776 quam
915 1720 949 1761 si
980 1734 1035 1761 ex
1068 1720 1238 1761 Amano
1270 1719 1495 1760 misissem.
1527 1728 1570 1760 at
1601 1728 1644 1759 te

200 1780 358 1824 Romae
393 1794 479 1822 non
514 1778 633 1821 fore?
664 1782 704 1814 37
719 1779 791 1820 sed
813 1788 879 1821 est
911 1787 1068 1829 totum,
1090 1777 1206 1834 quod
1240 1777 1337 1818 Kal.
1364 1776 1499 1817 Mart.
1525 1776 1643 1818 futu-

199 1854 293 1880 rum
329 1847 408 1881 est.
442 1852 590 1879 vereor
619 1838 750 1889 enim,
772 1851 841 1889 ne,
875 1851 973 1878 cum
1007 1835 1060 1876 de
1088 1835 1313 1892 provincia
1345 1838 1512 1890 agetur,
1546 1837 1586 1866 33
1606 1835 1641 1875 si

201 1897 350 1938 Caesar
381 1895 565 1943 resistet,
587 1910 666 1937 nos
697 1895 971 1937 retineamur.
1002 1893 1070 1934 his
1105 1904 1148 1934 tu
1174 1894 1208 1933 si
1237 1893 1421 1943 adesses,
1444 1891 1554 1933 nihil
1589 1893 1643 1932 ti-

201 1969 377 1996 merem.
437 1953 589 1995 Redeo
627 1953 682 1995 ad
723 1953 913 1994 urbana:
957 1967 1055 2008 quae
1094 1965 1177 2007 ego
1214 1951 1288 1992 diu
1332 1951 1552 2007 ignorans,
1585 1964 1642 1991 ex

242 2116 281 2144 31
308 2112 545 2144 Saturnalibus
566 2112 686 2152 tertiis]
712 2112 828 2143 Tertio
843 2112 900 2141 Sa-

200 2161 292 2186 turn.
321 2156 384 2187 die.
417 2156 463 2186 sic
490 2155 580 2185 enim
608 2154 841 2194 loquebantur,
870 2164 901 2183 v.

945 2115 1138 2146 contemno,
1154 2110 1245 2150 parvi
1260 2108 1356 2139 duco.

988 2156 1028 2184 35
1052 2157 1150 2192 atque
1170 2150 1397 2191 etiam—fore]
1423 2150 1504 2181 Haec
1520 2151 1554 2181 in
1568 2150 1642 2181 edd.

201 2199 346 2230 Gronov.
362 2197 403 2230 ad
418 2197 489 2228 Liv.
505 2196 617 2234 XXX,
632 2197 684 2227 36.

242 2244 284 2273 32
311 2241 344 2273 C.
366 2243 399 2273 Ιι.
414 2240 595 2271 scribebam
608 2241 644 2270 in
659 2240 832 2276 tribunali,
849 2249 901 2270 res

199 2289 273 2315 erat
288 2284 361 2324 &c.]
387 2286 441 2315 An
462 2292 539 2323 ergo
556 2282 642 2313 hanc
660 2282 763 2313 talem
778 2284 901 2323 episto-

200 2327 267 2358 lam
284 2327 318 2356 in
333 2325 493 2357 tribunali
508 2325 623 2356 sedens
637 2325 788 2365 scripsit?
827 2325 899 2356 Imo

199 2369 468 2409 distinguendum
486 2373 559 2408 post
572 2368 761 2399 scribebam.
786 2368 825 2398 ln
839 2369 900 2398 tri-

200 2413 314 2443 bunali
332 2412 420 2443 facta
441 2418 490 2442 est
514 2411 643 2441 auctio:
667 2410 743 2441 inde
764 2412 808 2446 ei,
823 2420 900 2441 cum

199 2455 264 2485 ista
281 2455 450 2492 scriberet,
466 2454 662 2484 nunciatum
685 2458 735 2484 est
757 2453 796 2484 de
810 2463 899 2484 sum-

199 2506 256 2528 ma
270 2498 497 2537 pecuniaejam
512 2496 611 2526 facta.

241 2542 282 2571 33
305 2540 471 2578 Ligurino
497 2539 606 2579 μώμῳ]
640 2537 733 2568 Unde
761 2538 900 2576 Liguri-

199 2592 262 2612 ηας
276 2581 404 2613 dicatur
416 2583 549 2613 Momus
561 2582 629 2617 ille,
644 2590 742 2611 nemo
755 2590 814 2621 pro
829 2590 898 2610 cer-

198 2630 236 2655 to
250 2624 381 2656 dixerit.
425 2625 501 2656 Non
513 2624 664 2665 displicet
679 2628 792 2654 tamen
807 2623 898 2654 Bosii

199 2668 297 2703 ratio,
312 2668 366 2706 qui
383 2678 403 2698 a
416 2668 531 2698 Graeco
544 2667 662 2709 λιγυξδς
677 2666 813 2696 ductum
828 2675 896 2696 ver-

200 2709 279 2739 bum
294 2714 390 2750 putat
403 2722 412 2748 ;
437 2716 475 2740 ut
489 2710 544 2747 sit,
561 2711 616 2750 qui
630 2709 749 2748 ubique
761 2709 897 2745 clamet,

200 2751 394 2782 Ciceronem
415 2762 484 2783 esse
511 2762 633 2783 vanum
656 2751 839 2788 hominem,
861 2756 898 2781 et

201 2793 392 2833 gloriosum.

240 2838 282 2883 34
302 2837 436 2868 interim
452 2837 519 2868 ἷκτο
534 2837 666 2881 &apsa-302
680 2836 692 2876 ]
729 2835 899 2877 [nteIIIge,

943 2203 1021 2227 ante
1038 2195 1258 2236 Malaspinam
1275 2200 1354 2225 sunt
1371 2198 1444 2234 post
1455 2202 1548 2232 paene
1572 2194 1643 2223 din

942 2249 1043 2278 quam
1077 2244 1118 2269 te.
1165 2237 1387 2278 Malaspinam
1423 2237 1525 2267 secuti
1563 2242 1641 2267 sunt

942 2291 1070 2312 omnes.
1115 2281 1186 2311 Jac.
1216 2281 1402 2311 Gronovius
1431 2280 1466 2310 in
1495 2283 1642 2309 veterem

943 2325 1053 2355 locum
1071 2323 1226 2363 reposuit.
1696 2358 1700 2361 ,

984 2367 1025 2397 36
1062 2366 1214 2398 Brutum
1250 2364 1413 2406 abjectum
1428 2362 1641 2403 -eaecitavss

943 2409 1027 2440 Cum
1043 2409 1230 2450 desperaret
1252 2408 1440 2448 pecuniam,
1457 2417 1556 2446 quam
1581 2407 1644 2437 sibi

941 2453 1179 2483 Ariobarzanes
1205 2451 1348 2487 deberet,
1365 2460 1398 2480 se
1421 2456 1643 2490 recepturum,

943 2495 1057 2526 Cicero
1084 2494 1193 2525 effecit
1218 2493 1306 2533 apud
1328 2503 1452 2533 regem,
1476 2497 1515 2524 ut
1542 2502 1642 2533 pecu-

942 2539 1034 2569 niam
1056 2537 1188 2568 reddere
1211 2536 1324 2574 vellet,
1340 2543 1380 2567 ut
1402 2535 1546 2576 primum
1566 2543 1644 2576 pos-

941 2587 1003 2611 set»

983 2626 1023 2657 37
1045 2623 1103 2653 sed
1113 2626 1160 2652 est
1173 2624 1289 2657 totum,
1305 2621 1390 2660 quod
1401 2620 1477 2660 δῖος]
1495 2620 1556 2651 Sed
1568 2630 1641 2650 om-

941 2666 997 2696 nia
1011 2666 1092 2696 mihi
1107 2666 1141 2695 iu
1159 2663 1222 2694 hoc
1237 2669 1329 2701 sunt,
1346 2663 1432 2703 quod
1454 2663 1532 2694 Kal.
1550 2662 1640 2694 Mar-

941 2709 996 2738 tiis
1011 2708 1218 2744 decernetur,
1231 2706 1270 2737 de
1284 2706 1471 2746 provinciis.

981 2753 1022 2781 38
1044 2752 1072 2781 si
1097 2750 1205 2781 Caesar
1218 2749 1359 2788 resistet]
1386 2749 1470 2779 Puto
1496 2746 1626 2778 scriben

940 2793 1020 2826 dum
1035 2803 1104 2827 esse
1117 2793 1264 2827 resistat.
