1940 3231
713 115 923 157 LIBER
955 114 1068 153 XIII.
1533 120 1608 157 801

135 244 137 246 ·
175 222 308 265 modo
340 221 501 265 Balbus
533 221 686 264 minor.
747 220 863 261 Novi
897 219 1004 260 nihil
1036 232 1150 269 sane,
1173 217 1261 259 nisi·
1287 218 1482 262 Hirtium
1508 235 1610 262 cum

177 281 348 328 Quinto
381 280 585 322 acerrime
621 292 698 334 pro
735 291 802 317 me
835 276 1050 332 litigasse:
1083 276 1335 317 640mnibus
1372 291 1468 318 eum
1502 277 1608 320 locis

177 338 335 388 facere,
368 338 640 391 maximeque
674 335 714 375 in
750 334 986 376 conviviis:
1019 348 1117 374 cum
1152 333 1287 374 multa
1318 334 1371 375 de
1404 349 1486 384 me,
1515 344 1607 376 tum

172 395 311 437 redire
349 391 629 450 ad‘patrem:
662 391 769 432 nihil
809 401 952 432 autem
992 391 1045 431 ab
1079 405 1130 431 eo
1170 400 1256 431 tam
1292 395 1469 440 ἁξιοπίςως
1505 391 1606 442 dici,

172 467 302 507 quam
335 451 615 494 alienissimos
648 463 724 490 nos
757 463 848 489 esse
870 464 894 489 a
917 448 1114 489 Caesare:
1148 447 1275 488 fidem
1298 448 1423 489 nobis
1445 448 1608 489 haben-

171 510 269 550 dam
307 524 395 550 non
427 521 540 548 esse:
575 520 642 547 ine
678 520 775 547 vero
809 507 939 546 etiam
974 505 1242 547 cavendum:
1274 506 1420 561 (φοέεςὸν
1442 505 1491 553 ἧν,
1525 504 1608 546 nisi

173 566 362 608 viderem
384 563 542 605 6⁵scire
564 577 723 620 regem,
748 578 815 604 me
845 563 976 604 animi
1010 561 1117 603 nihil
1147 562 1350 611 haberez)
1380 560 1607 603 ⁶6Cicer0-

169 638 268 664 nem
292 635 392 663 vero
414 636 557 662 meum
583 620 744 662 vexari.
766 620 837 662 sed
862 620 902 661 id
926 620 1099 675 quidem
1123 620 1332 661 arbitratu
1355 634 1446 661 suo.
1495 619 1607 661 Lau-

169 679 387 722 dationem
412 677 580 720 Poreiae
605 680 772 734 gaudeo
796 692 862 719 me
885 687 985 719 ante
1006 677 1172 719 dedisse
1197 677 1346 733 Leptae
1370 677 1607 729 tabellario,

168 751 298 792 quarn
332 747 424 776 tuas
457 737 697 792 acceperim
727 736 904 777 litteras.
941 749 1036 776 eam
1069 745 1116 775 tu
1146 735 1295 791 igitur,
1318 734 1352 775 si
1383 749 1451 775 me
1475 750 1606 788 amas,

167 793 353 843 curabis,
374 794 407 834 si
434 794 563 835 modo
586 794 795 844 mittetur,
820 794 900 834 isto
925 792 1053 833 modo
1075 791 1332 833 mittendam
1354 792 1393 826 67
1406 790 1606 834 Domitio

166 859 211 892 et
233 850 386 892 Bruto.
449 850 518 892 De
548 851 889 908 gladiatoribus:
922 850 975 891 de
1003 850 1170 900 ceteris,
1193 864 1290 905 quae
1323 849 1472 890 scribis
1493 855 1608 902 ἀνεμο-

167 911 307 964 φόρητα,
333 907 464 950 facies
487 924 556 949 me
577 909 772 964 quotidie
794 907 1035 949 certiorem.
1082 907 1239 959 Velim,
1263 906 1296 947 si
1321 906 1401 947 tibi
1425 906 1608 957 videtur,

168 964 356 1020 appelles
371 965 557 1007 Balbum
577 976 620 1007 et
635 965 829 1007 Offilium
853 965 906 1006 de
928 965 1127 1006 auctione
1149 964 1470 1020 proscribenda.
1487 964 1608 1018 equi-

167 1022 266 1063 dem
289 1022 458 1065 locutus
485 1038 578 1064 sum
601 1038 699 1065 cum
723 1023 876 1064 Balbo.
901 1022 1112 1079 placebat.
1135 1031 1242 1078 puto
1263 1022 1511 1078 conscripta
1532 1021 1608 1061 ha-

168 1080 269 1120 bere
303 1080 500 1122 Offilium
533 1081 704 1131 omnia3
736 1080 867 1122 habet
900 1089 944 1120 et
978 1079 1163 1123 Balbus:
1197 1079 1269 1119 sed
1305 1078 1443 1120 Balbo
1467 1078 1610 1135 place-

165 1137 256 1188 bat,
292 1138 582 1195 propinquum
615 1138 744 1188 diem,
767 1138 861 1194 βδεῖ
895 1136 1079 1178 Romae:
1112 1137 1146 1177 si
1182 1135 1329 1177 Caesar
1353 1145 1607 1187 moraretur,

166 1209 293 1250 posse
323 1195 438 1236 diem
473 1195 649 1236 differri.
683 1195 756 1236 sed
791 1195 824 1236 is
857 1195 1034 1251 quidem
1069 1194 1216 1236 adesse
1250 1193 1432 1235 videtur.
1465 1202 1607 1234 totum

164 1251 298 1308 igitur
319 1253 550 1294 considera.
581 1253 721 1310 placet
741 1253 858 1293 enim
885 1252 1098 1294 Vestorio.

597 1333 832 1384 CICERO
864 1340 1093 1383 ATTICO
1125 1341 1169 1382 S.
1619 1345 1672 1382 38

168 1400 346 1452 ANTE
377 1409 518 1451 lucem
540 1410 688 1452 G9cum
723 1411 951 1452 scriberem
986 1419 1137 1452 contra
1171 1410 1422 1466 EpicureOS,
1449 1408 1503 1452 de
1534 1414 1652 1452 eo-b·

166 1467 264 1508 dem
285 1467 380 1509 oleo
412 1475 453 1508 et
485 1482 616 1524 opera
642 1470 816 1510 exaravi
838 1469 983 1510 nescio
1006 1468 1109 1524 quid
1133 1468 1184 1510 ad
1210 1477 1265 1518 te,
1284 1476 1327 1509 et
1348 1476 1448 1509 ante
1467 1467 1608 1509 lucem

163 1522 277 1565 dedi.
309 1525 464 1566 deinde
494 1540 609 1576 cum,
633 1540 785 1569 somno
817 1527 1016 1581 repetito,
1048 1525 1173 1566 simul
1205 1540 1303 1566 cum
1337 1525 1424 1566 sole
1454 1539 1609 1581 exper-

164 1591 306 1622 rectus
336 1596 488 1633 essem,
510 1583 636 1624 datur
665 1583 770 1624 mihi
804 1584 987 1640 epistola
1009 1598 1033 1624 a
1055 1583 1211 1624 sororis
1235 1592 1320 1624 tuae
1350 1582 1453 1633 filio,
1478 1597 1608 1638 quam

166 1637 302 1693 ipsam
339 1639 418 1681 tibi
452 1639 576 1693 misi3
618 1640 742 1696 cujus
781 1652 846 1682 est
879 1641 1140 1697 principium
1174 1655 1259 1680 non
1294 1639 1385 1681 sine
1418 1641 1610 1682 maxima

165 1697 444 1740 contumelia.
483 1698 554 1738 sed
593 1697 789 1740 fortasse.
814 1703 870 1740 οὐκ
901 1701 1054 1742 {vra-nce».
1096 1707 1161 1739 est
1199 1706 1343 1738 autem
1383 1698 1470 1749 sic;
1513 1696 1610 1754 Ego

162 1753 269 1794 enim
306 1769 387 1795 non
410 1755 558 1810 probo,
582 1754 783 1811 quidquid
811 1770 890 1795 non
932 1754 1033 1796 belle
1058 1755 1104 1796 in
1137 1763 1175 1797 te
1200 1755 1283 1796 dici
1311 1762 1461 1810 potest.
1485 1770 1610 1811 posse

164 1811 256 1852 vult
279 1812 318 1852 in
344 1826 412 1852 me
437 1812 570 1853 multa
591 1813 675 1854 dici
701 1828 786 1854 non
823 1813 944 1864 belle,
968 1813 1038 1853 sed
1062 1827 1112 1854 ea
1135 1828 1179 1854 se
1201 1823 1331 1868 negat
1353 1814 1609 1869 approbare.

164 1867 251 1924 hoe
291 1870 528 1925 quidquam
573 1879 673 1926 pote
717 1871 957 1927 impurius?
996 1870 1088 1925 jam
1132 1880 1276 1911 cetera
1317 1870 1448 1926 leges,
1491 1871 1608 1922 (misi

160 1925 276 1967 enim
314 1927 366 1968 ad
406 1930 482 1978 te,)
507 1927 828 1983 judicabisque.
890 1928 1013 1968 Bruti
1050 1928 1183 1969 nostri
1207 1928 1471 1983 quotidianis
1505 1928 1610 1968 assi-

164 1983 346 2038 duisque
368 1983 582 2036 laudibus,
603 2000 708 2040 quas
732 1986 786 2027 ab
809 2001 860 2026 eo
882 1986 935 2026 (le
957 1986 1082 2026 nobis
1106 1985 1251 2026 haberi
1277 1985 1478 2042 permulti
1502 1985 1606 2025 mihi

169 2041 540 2094 renuntiaverunt,
580 2054 848 2084 commotum
888 2043 1018 2084 istum
1058 2043 1305 2099 aliquando,
1343 2043 1611 2099 70scripsisse

207 2203 248 2233 64
271 2204 418 2235 omnibus
439 2214 514 2235 eum
545 2206 619 2236 locis
635 2204 770 2245 facere]
801 2206 866 2237 Fa-

161 2255 232 2276 cere
259 2245 313 2276 hie
342 2247 438 2277 nimis
465 2257 584 2287 vagum
612 2254 674 2279 est.
722 2249 867 2280 Probant

159 2288 220 2318 viri
237 2288 325 2319 docti
342 2289 461 2320 Faerni
477 2291 714 2321 correctionem
717 2290 845 2331 J'urore
857 2305 867 2321 .-

158 2332 350 2362 rectissime.

199 2373 240 2403 65
263 2375 344 2404 seire
365 2383 491 2413 regem,
510 2384 561 2405 me
582 2376 688 2406 animi
704 2377 788 2406 nihil
804 2378 863 2406 Iza-

159 2414 245 2455 bere]
276 2416 401 2456 Regem
429 2417 493 2447 int.
517 2418 695 2455 Caesarem,
720 2419 776 2458 qui
802 2420 863 2450 sibi

160 2457 243 2488 nibil
266 2458 452 2491 timendum
475 2469 544 2490 esse
567 2470 586 2490 a
610 2461 780 2499 Cicerone,
802 2462 863 2492 ho-

162 2499 251 2530 mine
281 2501 409 2538 timido,
440 2502 583 2539 videbat,
612 2502 757 2542 adeoque
786 2515 864 2534 con-

161 2543 333 2574 temnebat
349 2544 418 2583 ejus
434 2553 454 2574 a
469 2553 503 2574 se
521 2544 768 2576 alienationem.

205 2583 246 2614 66
274 2584 307 2615 C.
324 2595 433 2618 meum
455 2587 584 2626 vexari]
612 2587 765 2625 Athenis,
789 2598 864 2619 cuin

163 2625 290 2656 duriter
304 2627 480 2659 haberetur
495 2637 529 2659 et
547 2630 645 2659 nimis
662 2640 770 2669 parce.

203 2668 243 2702 67
267 2668 416 2701 Domitio
429 2675 461 2701 et
474 2671 600 2711 Bruto]
623 2672 705 2704 Filio
721 2673 768 2703 illi
785 2672 864 2702 Por—

160 2709 230 2746 ciae,
247 2716 281 2741 et
297 2711 386 2742 affini
403 2713 479 2744 huie
493 2714 649 2754 ejusdem.

203 2753 243 2784 68
266 2758 298 2783 et
319 2752 452 2785 Romoe:
473 2756 500 2785 si
528 2756 637 2787 Caesar
659 2757 861 2796 moraretur]

160 2795 282 2826 Auctio
306 2796 523 2837 intelligenda
545 2804 596 2830 est
619 2799 782 2830 bonorum
806 2800 865 2829 ho-

161 2837 260 2868 minis
274 2840 436 2876 extranei,
452 2841 488 2870 in
502 2842 596 2879 cujus
619 2841 792 2872 heredibus
815 2851 865 2872 es-

158 2886 209 2911 set
233 2879 361 2917 Cicero,
385 2888 484 2920 atque
506 2883 610 2914 etiam
639 2885 761 2916 Caesar.
787 2894 865 2915 nam

219 2935 327 2965 voL.
353 2934 431 2965 111.
457 2937 498 2966 P.
526 2939 583 2967 ΙΙ.

911 2210 1047 2247 propter
1069 2206 1164 2244 illud,
1187 2206 1226 2237 de
1249 2206 1322 2238 loco
1344 2207 1506 2238 auctionis
1529 2206 1609 2236 deli-

910 2250 1029 2289 gendo,
1057 2254 1194 2280 externa
1222 2249 1385 2281 hereditas
1407 2259 1474 2280 esse
1501 2249 1609 2279 debet.

910 2297 944 2322 et
963 2292 1039 2331 quia
1055 2292 1191 2323 Caesaris
1214 2292 1373 2322 adventus
1389 2291 1610 2332 expectandus

909 2340 991 2365 erat.
1035 2334 1173 2365 Caesaris
1203 2333 1355 2364 interfuit
1382 2335 1505 2370 adesse,
1534 2344 1609 2364 cum

906 2378 1018 2407 auctio
1036 2377 1141 2408 fieret.
1190 2376 1393 2408 Coheredem
1409 2377 1544 2407 Caesaris
1559 2377 1611 2406 fu-

907 2419 968 2449 isse
985 2419 1191 2455 Ciceronem,
1209 2420 1330 2450 scimus
1346 2430 1385 2450 ex
1407 2424 1611 2450 testamento

907 2461 1015 2493 Cluvii
1031 2461 1218 2492 Puteolani.

951 2504 992 2538 69
1008 2513 1082 2534 cum
1096 2504 1269 2534 scriberem
1283 2509 1398 2534 contra
1414 2504 1546 2543 Epic-m-
1562 2514 1594 2534 os
1595 2504 1610 2544 j

909 2546 1079 2576 Scribebat
1093 2551 1165 2576 tum
1189 2546 1405 2577 Tusculanas.
1423 2557 1500 2577 nam
1518 2546 1556 2577 de
1573 2548 1611 2577 fi-

909 2588 1005 2618 nibus
1023 2587 1095 2618 libri
1112 2595 1186 2618 tum
1198 2589 1270 2629 jam
1287 2589 1367 2619 editi
1384 2595 1493 2625 erant,
1509 2595 1547 2620 ut
1564 2599 1613 2619 re-

908 2635 961 2661 cte
977 2630 1155 2662 Corradus.

951 2675 992 2706 ΤΟ
1015 2674 1176 2713 scripsisse
1199 2674 1326 2714 aliquid
1345 2675 1391 2704 ad
1416 2674 1481 2714 me]
1509 2674 1612 2704 Perti-

911 2721 968 2745 net
986 2716 1159 2746 manifeste
1177 2716 1218 2746 ad
1233 2717 1406 2756 epistolam
1430 2716 1472 2756 Ω.
1489 2716 1548 2746 filii
1571 2716 1612 2746 ad

908 2762 1064 2796 patruum
1089 2759 1298 2794 Ciceronem,
1318 2760 1427 2797 itaque
1450 2759 1613 2798 scripsisse

908 2799 981 2830 dedi
998 2810 1057 2841 pro
1072 2801 1242 2840 scripsisti,
1261 2807 1297 2830 nt
1315 2801 1439 2840 placuit
1457 2802 1612 2836 corrado,

910 2842 1089 2873 Gronovio.
1106 2843 1203 2880 mihi,
1219 2854 1294 2874 cum
1316 2845 1458 2883 primum
1474 2844 1551 2883 legi,
1568 2844 1613 2875 sie

910 2884 944 2914 in
963 2889 1110 2916 mentem
1127 2886 1229 2916 venit.

838 2933 920 2968 BF
