1940 3231
314 144 389 181 563
722 134 905 176 EPIST.
930 134 1009 174 AD
1035 134 1321 179 ATTICUM,

316 261 402 288 non
424 259 572 302 posse:
605 245 684 287 ὠνὰς
706 242 899 285 omnium
925 240 1143 283 venditas:
1176 240 1399 281 civitatum
1422 239 1621 294 gemitus,
1642 239 1735 296 plo-

318 312 457 344 ratus:
489 309 678 342 monstra
706 300 902 355 quaedatn
936 313 1024 340 non
1047 297 1246 348 hominis,
1273 297 1344 337 sed
1368 295 1468 337 ferae
1499 297 1642 338 nescio
1663 312 1737 339 cu-

312 360 386 416 jus
409 359 623 400 immanis.
684 357 799 404 Quid
822 355 1004 411 quaeris?
1042 358 1061 385 3
1079 355 1208 396 taedet
1230 353 1421 395 onmium
1444 367 1520 394 nos
1544 354 1658 394 vitae.
1681 354 1740 394 le-

321 426 474 458 vantur
507 425 648 456 tamen
679 415 844 454 miserae
875 412 1087 463 civitates,
1117 412 1232 466 quod
1263 410 1399 452 nullus
1431 410 1481 450 fit
1511 419 1675 451 sumtus
1696 410 1742 451 in

319 488 414 525 nos,
438 487 572 527 neque
594 471 637 511 in
659 470 838 525 legatos,
856 481 992 523 neque
1015 468 1058 509 in
1079 478 1350 523 quaestorem,
1374 481 1509 522 neque
1530 467 1573 508 in
1595 480 1743 522 quem-

319 545 462 586 quam.
495 530 618 577 scito,
655 541 741 568 nou
776 525 906 570 modo
942 539 1018 565 nos
1052 524 1235 576 foenum,
1259 534 1332 565 aut
1366 524 1479 579 quod
1502 524 1595 580 lege
1625 523 1745 566 Julia

320 588 411 629 dari
435 586 555 634 solet,
579 598 661 624 uon
694 581 902 637 accipere,
924 581 995 622 sed
1026 595 1078 626 ne
1100 582 1217 636 ligna
1245 582 1442 636 quidem3
1473 595 1566 632 nec,
1587 588 1745 637 praeter

322 652 524 699 quattuor
545 642 676 681 lectos
707 650 750 680 et
773 648 948 689 tectum,
971 653 1229 693 quemquam
1259 638 1452 693 accipere
1481 637 1743 693 quidquam:

322 699 467 740 multis
498 699 601 739 locis
625 711 677 738 ne
710 705 871 738 tectum
901 696 1089 750 quidem,
1119 707 1162 735 et
1192 696 1234 735 in
1271 695 1545 736 tabernaculo
1575 707 1748 735 manere

322 757 585 811 plerumque.
617 755 760 808 itaque
793 752 1084 793 incredibilem
1107 752 1149 792 iu
1178 752 1352 792 modum
1385 766 1615 792 concursus
1638 751 1758 792 fiunt.

322 828 375 854 ex
401 812 529 868 agriS,
547 826 599 851 cx
624 811 742 861 vicis,
765 811 851 850 4ex
875 809 1074 850 domibus
1096 809 1309 850 omnibus.
1342 807 1581 849 mehercule
1601 808 1749 858 etiam,

323 870 506 910 adventu
540 878 700 916 nostro,
732 866 1018 917 reviviscunt3
1042 865 1229 919 justitia,
1259 864 1534 914 abstinentia,
1564 864 1748 905 clemen-

323 926 384 967 tia
406 925 465 966 tui
496 924 731 965 Ciceronis·
756 923 898 977 itaque
920 922 1143 977 opiniones
1167 921 1360 962 oxnnium
1383 920 1613 975 superavit.
1657 920 1750 976 Ap-

321 983 434 1038 pius,
455 991 502 1022 ut
520 981 684 1022 audivit
703 995 779 1021 nos
804 980 959 1029 venire,
983 979 1025 1018 in
1049 978 1239 1018 ultimam
1258 977 1522 1032 provinciam
1545 991 1588 1017 se
1603 978 1751 1032 conje-

322 1039 384 1080 cit
405 1039 583 1080 Tarsum
617 1052 773 1092 usque:
807 1037 867 1077 ibi
901 1036 1041 1076 forum
1074 1036 1178 1090 agit.
1240 1034 1308 1076 De
1340 1033 1501 1074 Partho
1534 1034 1751 1074 silentium

323 1105 414 1138 est:
450 1095 521 1136 scd
545 1105 686 1136 tamen
711 1095 906 1135 concisos
938 1093 1101 1147 equites
1124 1101 1290 1132 nostros
1322 1106 1347 1131 a
1368 1090 1556 1132 barbaris
1579 1091 1751 1132 nuntia-

323 1154 429 1193 bant
451 1152 495 1203 ii,
518 1153 591 1207 qui
626 1151 868 1192 veniebant.
930 1150 1111 1190 Bibulus
1144 1163 1196 1188 ne
1230 1148 1452 1203 cogitabat
1483 1147 1655 1202 quidem
1686 1156 1751 1187 et-

324 1210 411 1250 iam
430 1224 544 1249 nunc
565 1210 606 1251 in
631 1208 894 1264 provinciam
918 1220 1037 1261 suam
1059 1206 1274 1247 accedere.
1306 1205 1348 1245 id
1371 1214 1513 1245 autem
1536 1203 1675 1245 facere
1693 1204 1756 1244 ob

324 1280 419 1307 eam
441 1279 612 1306 causam
641 1265 858 1314 dicebant,
890 1263 1004 1318 quod
1039 1262 1199 1304 tardius
1222 1261 1347 1302 vellet
1378 1261 1596 1303 decedere.
1655 1260 1752 1302 Nos

325 1323 370 1364 in
392 1332 530 1364 castra
552 1322 900 1378 properabamuS,
922 1335 1018 1375 quae
1041 1321 1218 1361 aberant
1240 1318 1374 1360 bidui.

266 1429 313 1470 17
756 1412 990 1454 CICERO
1020 1412 1248 1454 ATTICO
1283 1412 1328 1453 S.

215 1474 568 1541 p.77.ACCEPI
592 1481 735 1522 Roma
766 1481 856 1521 sine
888 1480 1070 1536 epistola
1102 1489 1174 1521 tua
1206 1479 1457 1521 fasciculum
1490 1478 1755 1521 litterarum:

285 1551 314 1572 a.
327 1543 372 1584 in
393 1555 494 1597 quo,
512 1540 545 1580 si
570 1539 696 1590 modo
719 1537 903 1588 valuisti,
924 1546 966 1577 et
983 1537 1137 1578 Romae
1158 1536 1292 1587 fuisti,
1312 1536 1535 1577 Philotimi
1557 1534 1669 1577 duco
1691 1550 1758 1577 es-

326 1613 370 1639 se
393 1598 577 1653 culpam,
597 1610 682 1636 non
705 1604 838 1635 tuam.
861 1594 970 1635 hanc
992 1594 1216 1649 epistolam
1240 1593 1399 1634 dictavi
1422 1593 1570 1634 sedens
1592 1593 1636 1632 in
1658 1592 1756 1633 rhe-

326 1657 395 1706 da,
431 1669 528 1695 cum
568 1654 611 1693 in
648 1661 787 1703 castra
818 1651 1124 1707 proficiscerer,
1157 1666 1182 1690 a
1219 1650 1374 1705 quibus
1411 1651 1583 1690 aberam
1617 1649 1754 1690 bidui.

327 1715 345 1744 5
371 1711 516 1767 paucis
538 1709 687 1750 diebus
709 1708 922 1749 habebam
944 1717 1082 1748 certos
1112 1707 1322 1757 homines,
1343 1707 1499 1761 quibus
1519 1707 1665 1747 darem
1686 1706 1759 1747 lit-

328 1777 453 1809 teras.
486 1768 629 1821 itaque
650 1780 701 1805 eo
732 1779 800 1805 me
835 1765 1015 1805 servavi.
1076 1763 1183 1815 Nos,
1207 1765 1375 1805 tametsi
1400 1764 1483 1804 hoc
1517 1772 1558 1804 te
1580 1777 1634 1804 ex
1662 1763 1756 1804 aliis

328 1825 475 1866 audire
507 1823 633 1872 malo,
657 1822 782 1862 sicin
820 1821 1042 1877 provincia
1062 1835 1140 1861 nos
1171 1822 1372 1877 gerimus,
1403 1819 1517 1875 quod
1539 1820 1593 1860 ad
1624 1820 1759 1861 absti-

328 1882 519 1923 nentiam
552 1881 721 1929 attinet,
743 1888 792 1919 ut
813 1877 988 1919 6nullus
1024 1881 1240 1919 teruncius
1275 1878 1511 1918 insumatur
1532 1877 1577 1918 in
1610 1891 1759 1931 quem-

329 1953 472 1994 quam.
505 1937 547 1978 id
573 1937 621 1977 fit
653 1936 782 1976 etiam
811 1943 855 1976 et
876 1934 1131 1990 legatorum,
1152 1943 1195 1975 et
1227 1935 1511 1983 tribunorum,
1534 1944 1577 1974 et
1604 1932 1759 1989 praefe-

328 2005 495 2037 ctorum
519 1993 756 2049 diligentia.
796 2006 894 2033 nam
917 2006 1063 2032 omnes
1089 1992 1268 2032 mirifice
1299 1993 1574 2044 συμφιλοόοξέο-ιν
1607 1989 1757 2046 gloriae

331 2066 456 2093 meae.
510 2051 644 2106 Lepta
665 2058 809 2089 noster
830 2048 1035 2089 mirificus
1057 2058 1136 2088 est.
1186 2049 1270 2089 Sed
1295 2062 1407 2088 nunc
1429 2061 1628 2103 propero.
1667 2061 1763 2102 per,-

333 2109 515 2150 scribam
538 2109 591 2148 ad
611 2118 652 2148 te
670 2107 817 2162 paucis
839 2106 988 2146 diebus
1011 2107 1169 2146 omnia.
1230 2105 1460 2146 Cicerones
1481 2113 1649 2144 nostros
1675 2103 1763 2144 De-

334 2167 495 2206 iotarus
517 2164 643 2214 filius,
666 2164 738 2218 qui
762 2177 835 2203 rex
858 2164 912 2203 ab
935 2171 1082 2203 senatu
1106 2162 1342 2217 appellatus
1364 2170 1443 2212 est,
1465 2175 1609 2202 secum
1631 2160 1674 2200 in
1697 2175 1762 2201 re·

334 2236 484 2278 gnum.
514 2221 615 2262 dum
638 2221 681 2260 in
704 2219 863 2260 aestivis
886 2234 963 2260 nos
984 2233 1185 2270 essemus,
1208 2219 1326 2259 illum
1348 2219 1488 2274 pueris
1510 2218 1650 2259 locum
1670 2231 1762 2257 esse

339 2279 614 2320 bellissimum
636 2277 853 2318 duximus.
913 2276 1087 2317 Sextius
1115 2276 1170 2318 ad
1190 2291 1258 2317 me
1285 2275 1470 2332 scripsit,
1499 2290 1595 2330 quae
1620 2283 1763 2316 tecum

338 2409 446 2448 capita
459 2407 571 2437 odiosa
592 2406 692 2441 fuere,
707 2410 746 2436 ut
761 2405 875 2437 Cicero
890 2405 968 2436 alibi
983 2405 1031 2436 di-

337 2451 383 2481 cit
395 2452 429 2480 in
441 2460 514 2490 epp.
531 2449 570 2479 ad
587 2449 662 2478 Div.
676 2453 711 2479 et
724 2448 896 2486 sequentia
911 2457 1032 2487 genera

338 2492 451 2522 omnia
483 2491 674 2530 simpliciter
714 2489 1031 2520 ‹immun—’mai

339 2538 418 2564 sunt
431 2534 649 2572 possessiones,
665 2531 753 2571 quod
768 2532 873 2572 ipsum
898 2533 1030 2563 verbum

338 2583 389 2606 est
418 2576 453 2604 in
474 2574 525 2604 ed.
547 2574 638 2604 Jens.
663 2579 698 2603 et
721 2574 791 2604 aliis
817 2574 892 2604 inde
914 2574 1032 2605 ductis,

339 2617 401 2648 Ed.
415 2617 513 2647 Rom.
530 2615 629 2645 habet
642 2614 754 2646 latinis
770 2616 874 2645 literis
890 2625 980 2647 onas.

383 2662 401 2690 3
424 2659 516 2689 toedec
537 2658 683 2687 omnium
697 2667 753 2690 ms
772 2657 860 2696 υἱέα]
888 2658 960 2688 Hoc
983 2659 1034 2688 ni-

340 2701 400 2731 hili
414 2706 475 2731 est.
520 2700 727 2737 Conjecturae
744 2700 840 2729 varIae
854 2705 942 2735 sunt,
958 2709 1033 2740 pro-

340 2743 382 2773 bo
397 2752 484 2779 eam,
499 2750 571 2780 quae
593 2745 617 2771 t.
633 2742 760 2771 omnino
775 2751 824 2771 eos
844 2742 918 2770 υἱέα»
932 2742 1032 2772 coi-ri·

341 2784 484 2824 gendum
511 2787 618 2824 putat.
663 2782 755 2814 Infra
775 2783 930 2813 dicuntur
953 2784 1034 2814 revi-

338 2828 472 2857 viscere.

380 2872 401 2900 4
421 2879 462 2899 ex
484 2866 642 2906 domibus]
673 2866 714 2898 In
737 2866 799 2899 hoc
825 2876 911 2908 saepe
932 2866 1031 2899 haesi:

1073 2405 1195 2445 conjeci
1213 2408 1247 2435 et
1261 2405 1393 2444 oppidis.

1116 2450 1134 2478 5
1150 2448 1268 2486 paucis
1290 2447 1399 2477 diebus
1424 2445 1594 2485 habebam]
1619 2446 1682 2476 Pro
1703 2444 1764 2476 ha-

1073 2489 1201 2519 biturus
1215 2499 1318 2525 eram,
1332 2489 1391 2518 nisi
1407 2488 1481 2519 inde
1496 2498 1553 2528 per
1565 2488 1768 2518 contractio.

1075 2541 1148 2562 nem
1164 2532 1287 2562 factum
1305 2531 1458 2561 habebam
1471 2543 1480 2559 :
1504 2535 1541 2560 ut
1557 2530 1702 2570 perfecta
1713 2529 1766 2560 in-

1074 2573 1193 2604 finitivi
1208 2573 1323 2613 passivi
1346 2573 1530 2602 confluxere
1549 2571 1715 2601 interdum
1729 2572 1766 2603 in

1074 2615 1163 2645 libris
1186 2617 1219 2645 in
1238 2615 1356 2651 activa,
1374 2625 1402 2644 v.
1426 2625 1455 2645 c.
1478 2614 1626 2645 habitum
1648 2623 1713 2643 esse
1729 2614 1765 2644 in

1074 2658 1381 2695 habuisse—itaque
1402 2667 1436 2687 eo
1456 2666 1507 2686 me
1528 2656 1666 2692 servavi,
1690 2655 1716 2685 i.
1735 2666 1766 2686 e.

1075 2710 1114 2730 eo
1129 2699 1240 2730 distuli
1255 2699 1391 2729 scribere
1411 2699 1490 2738 ipse,
1505 2708 1577 2737 quae
1593 2707 1650 2738 per
1664 2697 1765 2729 libra-

1075 2742 1161 2772 rium
1175 2741 1271 2771 scribi
1287 2740 1391 2771 nolui.

1118 2784 1138 2813 6
1159 2785 1270 2814 nullus
1296 2787 1320 2813 t.
1346 2783 1535 2812 insumatur
1560 2781 1597 2811 in
1623 2781 1763 2821 quemq]

1075 2835 1119 2856 sc.
1157 2836 1176 2856 a
1211 2824 1462 2865 provincialibus
1499 2824 1535 2855 in
1570 2832 1767 2863 quemquam

1076 2877 1237 2899 meorum.
