1940 3231
287 149 364 186 2194
713 145 892 185 EPIST.
917 147 992 184 AD
1018 146 1303 191 ATTICUM,

231 254 280 296 19
727 249 962 294 CICERO
992 250 1221 294 ATTICO
1254 250 1298 293 S.

293 304 525 360 MULTA
542 330 610 358 me
628 318 875 370 sollicitant,
897 329 939 360 et
961 334 1014 360 ex
1035 319 1284 375 reipublicae
1308 324 1428 359 tanto
1447 325 1584 368 motu,
1605 324 1650 357 et
1669 323 1725 357 ex

292 374 345 415 iis
369 374 582 431 periculiS,
601 390 698 430 quae
719 376 823 416 mihi
846 377 926 432 ipsi
945 377 1250 418 intenduntur:
1271 379 1365 416 29et
1386 384 1592 416 sexcenta
1612 383 1726 415 sunt.

294 432 366 472 sed
397 432 503 473 mihi
540 432 646 473 nihil
675 442 740 473 est
772 433 1008 484 molestius,
1029 448 1158 488 quam
1182 433 1369 474 Statium
1401 431 1726 473 manumissum.

290 502 364 530 »nec
381 504 510 531 meum
532 488 776 544 imperium?
797 504 844 530 ac
860 490 977 531 mitto
996 490 1223 544 imperium,
1242 504 1323 531 non
1340 488 1585 531 simultatem
1597 499 1727 528 mea-m

293 548 468 589 revereri
489 545 659 588 saltem?
680 561 775 598 nec,
795 547 898 602 quid
918 546 1088 598 faciam,
1111 548 1224 589 scio:
1249 561 1386 602 neque
1409 556 1576 588 tantum
1598 554 1663 585 est
1681 545 1727 585 in

293 617 354 655 re,
377 614 562 660 quantus
584 613 649 644 est
670 619 824 645 sermo,
855 618 937 660 ego
960 614 1104 645 autem
1125 619 1179 645 ne
1208 604 1332 645 irasci
1356 618 1529 660 possum
1552 601 1727 658 quidem

293 661 361 712 iis,
384 676 491 716 quos
517 660 637 702 valde
667 676 790 713 amo;
823 671 989 703 tantum
1011 662 1151 711 doleo,
1174 676 1224 702 ac
1245 660 1426 702 mirifice
1447 660 1636 716 quidem.
1659 672 1730 699 ces·

294 727 386 758 tera
406 720 449 759 in
481 718 650 773 magnis
681 719 820 769 rebus,
851 718 978 759 minae
1011 718 1171 768 Clodii,
1203 719 1604 772 contentionesque,
1626 730 1727 771 quae

293 775 401 816 mihi
435 784 749 830 proponuntur,
777 776 946 816 modice
976 790 1044 816 me
1076 785 1274 831 tangunt.
1306 775 1465 816 etenim
1488 774 1553 815 vel
1583 773 1728 814 subire

294 847 364 873 eas
389 833 535 874 videor
568 831 674 873 mihi
708 847 876 872 summa
902 847 999 873 curn
1028 833 1255 887 dignitate,
1278 832 1345 873 vel
1377 831 1590 873 declinare
1612 829 1727 871 nulla

178 896 392 938 p.34.cum
426 889 622 930 molestia
653 903 791 944 posse.
854 888 986 930 Dices
1018 889 1213 939 fortasse,
1243 889 1468 944 dignitatis
1496 892 1588 934 ἅλις,
1616 898 1727 928 tarn-

249 949 421 1002 a·quam
439 950 550 1003 ὃξυὸςι
585 946 725 997 saluti,
749 946 782 986 si
803 960 870 986 me
892 961 1024 997 amas,
1045 945 1235 987 consule.
1295 946 1373 987 Me
1395 945 1618 987 miserum!
1651 957 1728 985 cur

292 1019 379 1045 non
398 1004 525 1045 ades?
556 1003 664 1044 nihil
687 1013 727 1044 te
751 1003 945 1059 profecto
970 1003 1229 1059 praeteriret:
1260 1017 1343 1058 ego
1367 1003 1547 1043 fortasse
1566 1005 1725 1051 τυφλώτ-

291 1081 348 1107 w,
374 1071 417 1102 et
440 1061 620 1102 nimium
646 1066 692 1112 τῷ
708 1065 804 1111 καλῷ
820 1062 1067 1114 πςοσπὲπωθα.
1099 1060 1208 1100 scito
1242 1059 1349 1100 nihil
1370 1073 1571 1115 umquam
1596 1058 1729 1099 fuisse

293 1128 384 1159 tam
406 1118 581 1168 infame,
616 1126 703 1157 tam
735 1126 875 1171 turpe,
909 1125 995 1156 tam
1026 1130 1225 1172 peraeque
1252 1117 1453 1158 omnibus
1480 1115 1725 1172 generibus,

293 1175 531 1226 ordinibus,
555 1174 757 1216 aetatibus
780 1172 1007 1223 offensum,
1030 1188 1158 1228 quam
1183 1174 1296 1215 hunc
1320 1184 1494 1224 statum,
1516 1172 1589 1228 qui
1612 1187 1727 1214 nunc

292 1243 377 1275 est:
401 1233 540 1288 magis
562 1229 818 1280 mehercule,
841 1245 968 1285 quam
993 1230 1158 1282 vellem,
1182 1246 1268 1271 non
1291 1231 1420 1272 modo
1442 1233 1483 1261 30
1497 1244 1622 1285 quarn
1647 1245 1727 1286 pu-

293 1298 444 1330 taram.
476 1289 702 1346 populares
722 1288 791 1328 isti
809 1288 901 1342 jam
924 1286 1055 1328 etiarn
1083 1288 1300 1329 modestos
1330 1288 1526 1329 homines
1556 1287 1726 1328 sibilare

291 1347 544 1388 docuerunt.
608 1345 789 1386 Bibulus
813 1345 855 1384 in
878 1344 985 1385 caelo
1007 1355 1098 1387 est:
1132 1360 1225 1396 nec,
1248 1360 1392 1400 quare,
1415 1345 1530 1396 scio3
1568 1344 1726 1386 sedita

289 1403 502 1454 laudatur,
527 1403 647 1459 quasi
685 1401 798 1442 Unus
828 1401 943 1441 homo
974 1401 1088 1443 nobis
1118 1402 1345 1444 cum-tando
1367 1406 1402 1433 31
1420 1401 1598 1442 restituit
1626 1416 1725 1444 rem.

292 1460 541 1516 Pompeius,
558 1459 692 1500 nostri
712 1473 893 1509 amoreS,
915 1460 1028 1512 quod
1054 1459 1159 1500 inihi
1183 1475 1350 1500 summo
1372 1458 1509 1501 dolori
1532 1468 1611 1510 est,
1633 1459 1725 1515 ipse

290 1532 334 1558 se
364 1518 545 1560 afflixit:
580 1517 793 1558 nerninem
827 1525 968 1556 tenet:
999 1518 1040 1546 32
1059 1516 1294 1568 voluntate,
1316 1531 1370 1557 an
1403 1525 1519 1557 metu
1550 1530 1725 1557 necesse

288 1575 345 1615 sit
367 1576 418 1616 iis
444 1576 521 1625 uti,
546 1588 708 1616 vereor.
753 1572 848 1628 Ego
870 1582 1014 1613 autem
1036 1588 1175 1629 neque
1198 1589 1345 1630 pugno
1367 1589 1464 1615 cum
1490 1573 1560 1614 illa
1581 1588 1726 1625 causa,

287 1642 464 1689 propter
497 1632 612 1673 illam
641 1630 891 1681 amicitiam,
918 1644 1058 1685 neque
1090 1633 1300 1688 approbo,
1322 1646 1375 1672 ne
1396 1631 1542 1671 omnia
1564 1631 1728 1687 impro-

289 1691 402 1741 bem,
440 1705 537 1745 quae
579 1698 706 1730 antea
743 1687 880 1744 gessi:
929 1696 1026 1728 utor
1058 1688 1140 1730 via.
1177 1688 1324 1745 populi
1357 1703 1503 1729 sensus
1534 1688 1726 1730 maxime

286 1749 327 1777 33
343 1746 511 1788 theatro
541 1757 582 1787 et
612 1744 867 1801 spectaculis
891 1755 1140 1800 perspectus
1162 1756 1240 1786 est.
1273 1760 1370 1786 nam
1395 1745 1728 1802 gladiatoribuS,

282 1806 425 1858 34qua
446 1804 660 1853 dominus,
683 1817 769 1858 qua
789 1801 988 1842 advocati
1012 1802 1146 1843 sibilis
1166 1803 1393 1844 conscissi:
1427 1803 1537 1843 ludis
1554 1802 1722 1858 Apolli-

285 1862 460 1902 naribus
485 1860 689 1916 Diphilus
713 1857 936 1914 tragoedus
960 1859 1002 1898 in
1023 1871 1216 1900 nostruin
1244 1860 1499 1915 Pompeium
1525 1859 1720 1915 petulan-

285 1926 350 1958 ter
373 1919 568 1959 invectus
598 1926 686 1958 est:
721 1916 875 1957 Nostra
907 1915 1069 1957 miseria
1099 1923 1143 1957 tu
1165 1931 1202 1958 es
1225 1915 1423 1973 Magnus,
1446 1916 1598 1958 millies
1620 1932 1721 1958 coa-

284 1987 380 2016 ctus
400 1985 466 2016 est
486 1975 643 2016 dicere.
704 1971 893 2014 Eandem
914 1973 1105 2014 virtutem
1126 1974 1260 2025 istam,
1283 1973 1415 2015 veniet
1443 1981 1610 2029 tempus,
1631 1989 1720 2016 cum

279 2032 466 2088 graviter
483 2047 628 2088 gemes,
651 2031 784 2072 totius
817 2029 972 2070 theatri
995 2030 1181 2072 clamore
1199 2031 1328 2082 dixit,
1351 2031 1541 2087 itemque
1563 2041 1719 2073 cetera.

283 2104 380 2129 nam
413 2099 455 2130 et
489 2088 702 2145 ejusmodi
733 2095 832 2128 sunt
861 2086 891 2126 ii
925 2101 1084 2140 versus,
1109 2099 1157 2128 ut
1186 2089 1226 2129 in
1261 2098 1430 2144 tempus
1459 2090 1515 2130 ab
1542 2089 1720 2130 inimico

284 2145 482 2202 Pompeii
507 2146 656 2201 scripti
680 2160 770 2187 esse
796 2143 1033 2186 videantur.
1097 2145 1145 2187 Si
1165 2160 1292 2201 neque
1313 2145 1429 2202 leges,
1450 2159 1579 2202 neque
1594 2160 1721 2187 mores

282 2211 446 2260 cogunt,
469 2212 512 2244 et
533 2213 676 2245 cetera
696 2216 857 2259 magno
879 2215 978 2243 cum
1002 2200 1175 2245 fremitu
1196 2213 1238 2244 et
1261 2203 1447 2244 clamore
1469 2212 1570 2245 sunt
1587 2203 1719 2245 dicta.

320 2350 362 2380 29
383 2349 415 2375 et
428 2349 579 2375 sexcenta
593 2343 685 2383 sunt]
712 2343 786 2373 Hoc
808 2351 876 2372 non
895 2342 978 2372 bene
1021 2343 1226 2373 constructio
1251 2353 1318 2374 non
1340 2344 1420 2374 satis
1441 2347 1584 2374 constat.
1607 2345 1722 2374 votan-

276 2388 324 2418 sic
334 2397 409 2418 cum
421 2387 636 2418 antecedente
646 2385 871 2425 conjungitur.
891 2386 978 2416 Con·
1021 2388 1089 2415 tate
1102 2395 1169 2415 non
1182 2386 1294 2422 habet,
1307 2386 1394 2416 unde
1410 2386 1563 2426 pendeat.
1587 2395 1664 2416 nam
1679 2386 1722 2417 ad

272 2430 340 2469 jeci
357 2439 395 2460 ea
411 2441 436 2460 s.
451 2440 476 2460 s.
1020 2436 1143 2458 necesse
1163 2429 1205 2458 sit
1231 2429 1342 2458 referri
1366 2437 1433 2458 non
1456 2433 1576 2469 potest.
1608 2427 1720 2468 itaque

320 2475 362 2503 30
384 2482 483 2511 quam
494 2470 670 2510 putaram]
689 2470 742 2501 Sic
757 2478 830 2499 cum
847 2468 977 2500 Graevio
1020 2472 1158 2509 abrupte
1175 2470 1369 2510 capiendum
1385 2475 1447 2507 cst,
1463 2480 1533 2511 pro,
1546 2469 1720 2502 voluntate

275 2513 349 2545 dedi
365 2524 424 2554 pro
440 2513 529 2553 vulg.
546 2518 717 2553 putarem,
732 2512 818 2552 quod
831 2516 865 2543 et
880 2520 977 2552 spon·
1020 2511 1058 2542 iis
1072 2521 1106 2542 se
1120 2512 1320 2550 adjunxerit,
1336 2522 1378 2542 an
1395 2519 1486 2542 metu
1504 2510 1640 2543 'necesse
1661 2513 1719 2550 sit.

275 2560 311 2588 te
326 2557 486 2587 fecissem.
1017 2562 1053 2584 se
1076 2553 1263 2595 adjungere.
1308 2554 1405 2585 Forte
1429 2554 1520 2585 locus
1543 2560 1719 2595 corruptus

318 2601 358 2629 31
385 2598 529 2629 restituit
549 2596 634 2636 rem]
665 2596 816 2627 Debebat
836 2605 905 2626 esse
927 2606 978 2627 re·
1018 2600 1079 2627 est.

275 2642 421 2672 nituerit
436 2651 515 2675 rem,
540 2639 596 2669 sed
615 2648 745 2670 versum
769 2639 869 2669 Ennii
884 2644 980 2670 extra
1062 2641 1102 2669 33
1117 2640 1244 2669 theatro
1267 2643 1298 2669 et
1319 2639 1526 2679 spectaculis]
1555 2639 1577 2670 i.
1600 2639 1722 2670 ceteris

275 2688 479 2714 structuram
502 2682 661 2712 orationis
683 2682 811 2721 posuit:
836 2681 884 2711 ita
906 2680 977 2711 lau-
1020 2681 1226 2722 spectaculiS‚
1243 2681 1462 2720 Circensibus,
1479 2681 1681 2712 muneribus.

275 2726 386 2763 datur,
403 2731 441 2755 nt
459 2725 514 2756 ille
531 2724 616 2764 apud
632 2724 778 2754 Ennium
795 2732 880 2754 unus
897 2723 955 2753 ἃς.
1060 2725 1101 2753 34
1132 2733 1198 2763 qua
1217 2723 1377 2761 dominus,
1397 2733 1464 2763 qua
1485 2723 1576 2763 adu]
1603 2723 1721 2754 Domi·

318 2772 359 2798 3¹2
383 2779 412 2798 υ.
435 2779 467 2799 a.
486 2777 531 2798 m.
548 2777 581 2797 n.
595 2776 620 2797 s·
638 2768 678 2796 iis
692 2767 754 2802 icti,
773 2765 896 2804 vereor]
922 2766 976 2803 iis,
1019 2775 1099 2796 num
1123 2766 1187 2796 int.
1211 2765 1384 2797 editorem:
1410 2765 1584 2796 advocatos
1605 2771 1718 2797 autem

276 2809 419 2847 Caesare,
446 2811 562 2841 Crasso
584 2812 617 2839 et
640 2808 812 2838 similibus.
858 2807 976 2838 Vereor
1018 2808 1154 2846 amicos,
1182 2809 1238 2847 qui
1262 2808 1452 2839 resisterent
1476 2808 1617 2840 inimicis
1640 2808 1718 2841 sibit

276 2851 309 2884 b.
335 2852 358 2884 l.
380 2853 477 2884 debet
499 2861 581 2889 esse,
604 2860 672 2881 non
695 2850 773 2882 satis
789 2851 868 2882 scio,
914 2849 976 2881 Sed
1020 2850 1178 2890 lantibus,
1196 2853 1281 2881 male
1297 2849 1494 2882 dicentibus.
