1940 3231
317 122 401 160 694
698 113 879 158 EPIST.
908 117 985 157 AD
1011 119 1059 161 Q.
1077 114 1382 164 FRATREM,-

323 223 632 279 mittendisque
665 224 881 279 praebere3
913 222 1163 280 praeclarum
1198 223 1336 277 magis
1369 228 1447 274 est,
1480 233 1609 278 quam
1642 213 1755 263 diffi-

324 281 420 323 cile.
443 296 529 323 non
551 291 615 322 est
635 281 748 322 enim
774 281 962 337 positum
987 281 1028 322 in
1052 281 1196 323 labore
1218 280 1377 335 aliqu0,
1400 279 1472 320 sed
1503 280 1547 320 in
1569 279 1754 334 quadam

325 339 577 385 inductione
599 338 730 380 animi
753 349 880 393 atque
903 337 1138 379 voluntate.
1178 337 1257 379 Illa
1279 352 1407 378 causa
1430 336 1757 392 publicanorum

327 405 532 451 quantam
556 395 836 437 acerbitatem
859 393 1008 435 afferat
1031 395 1172 445 sociis,
1192 394 1481 435 intelleximus
1502 408 1555 434 ex
1574 392 1758 442 civibus,

328 454 401 508 qui
431 468 567 509 nuper
594 454 638 494 in
671 451 872 508 portoriis
907 450 1045 492 [taliae
1079 452 1294 502 tollendis,
1315 466 1398 492 non
1423 462 1511 492 tam
1533 451 1585 491 de
1607 458 1756 505 porto-

328 511 408 562 rio,
439 525 567 566 quam
605 510 657 550 de
700 507 913 549 nonnullis
956 508 1123 563 injuriis
1165 509 1422 564 portitorum
1453 507 1756 563 querebantur,

279 567 313 600 ²³-
330 568 474 615 Quare
497 581 581 607 non
606 567 775 622 ignoro,
793 565 897 620 quid
920 565 1047 606 sociis
1069 565 1237 606 accidat
1257 565 1301 605 in
1322 565 1484 606 ultimis
1507 564 1642 614 terris,
1658 577 1759 604 eum

325 624 534 666 audierim
564 623 606 664 in
641 622 767 663 Italia
788 622 978 677 querelas
1012 620 1187 663 civium.
1247 621 1336 663 Hic
1364 632 1405 663 te
1432 622 1494 663 ita
1514 619 1688 670 versari,
1712 629 1760 660 ut

325 691 371 722 et
391 681 631 736 publicanis
655 679 906 730 satisfacias,
928 679 1165 736 praesertim
1190 679 1373 734 publicis
1403 679 1512 721 male
1540 678 1758 727 redemtis,

325 747 370 779 et
392 738 531 779 socios
554 737 690 793 perire
711 751 797 778 non
820 737 948 787 sinas,
967 736 1125 777 divinae
1145 735 1369 791 cujusdam
1391 736 1560 777 virtutis
1582 749 1672 777 esse
1696 734 1758 774 vi:-

325 795 465 846 detur,
489 795 531 836 id
554 804 634 846 est,
658 803 758 835 tuae.
818 793 884 835 Ac
916 793 1102 850 primum
1125 793 1307 844 Graecis,
1330 793 1371 834 id
1395 793 1510 848 quod
1534 791 1756 834 acerbissi-

325 867 445 893 mum
468 862 546 903 est,
568 851 682 907 quod
707 859 806 892 sunt
832 851 1074 907 vectigalcS,
1097 865 1183 891 non
1206 851 1266 891 ita
1298 852 1499 891 acerbum
1523 850 1654 891 videri
1684 850 1757 890 de-

326 910 414 961 bet,
438 918 666 965 propterea
687 909 803 963 quod
826 909 917 950 sine
952 908 1132 964 imperio
1166 907 1313 963 populi
1348 907 1550 958 Romani,
1573 908 1657 947 suis
1692 907 1757 947 in-

325 967 503 1019 sumtis,
527 969 565 998 55
580 981 654 1022 per
676 981 720 1007 se
744 965 824 1022 ipsi
849 965 909 1007 ita
930 965 1117 1006 fuerunt.
1178 965 1350 1006 Nomen
1373 976 1514 1006 autem
1539 963 1757 1019 publicani

325 1024 540 1081 aspernari
563 1039 649 1065 non
673 1032 866 1080 possunt,
889 1024 961 1078 qui
986 1022 1169 1079 pendere
1192 1022 1271 1078 ipsi
1297 1021 1482 1077 vectigal
1504 1022 1594 1062 sine
1618 1021 1757 1077 publi-

323 1097 433 1124 cano
456 1097 543 1123 non
566 1090 813 1138 potuerunt,
836 1081 1000 1136 56quod
1035 1080 1086 1120 iis
1122 1079 1343 1134 aequaliter
1376 1079 1492 1122 Sulla
1524 1079 1758 1133 descripse-

324 1149 404 1181 rat.
467 1138 568 1180 Non
610 1153 700 1180 esse
736 1148 880 1179 autem
912 1138 1093 1179 leniores
1131 1137 1175 1177 in
1213 1137 1439 1193 exigendis
1474 1135 1757 1192 vectigalibus

324 1198 521 1246 Graecos,
556 1211 685 1251 quam
727 1207 896 1236 nostros
939 1194 1206 1251 publicanOS,
1239 1194 1340 1235 hinc
1381 1194 1562 1250 intelligi
1601 1203 1758 1250 potest,

322 1256 438 1309 quod
475 1254 630 1295 Caunii
666 1267 815 1308 nuper,
838 1266 1072 1307 omnesque
1103 1266 1157 1294 ex
1191 1252 1354 1303 insulis,
1378 1255 1524 1307 57quae
1554 1260 1674 1292 erant
1703 1250 1758 1290 ab

325 1312 442 1353 Sulla
468 1311 652 1353 Rhodiis
674 1311 912 1360 attributas,
935 1310 1226 1365 confugerunt
1247 1309 1301 1350 ad
1333 1320 1542 1359 senatum,
1565 1309 1689 1350 nobis
1712 1317 1759 1349 ut

323 1370 469 1426 potius
487 1369 827 1425 vectigal,quam
848 1367 1032 1408 Rhodiis
1056 1367 1304 1423 penderent.
1338 1367 1481 1413 Quare
1504 1381 1657 1407 nomen
1681 1381 1758 1422 pu-

324 1427 483 1468 blicani
507 1440 645 1483 neque
668 1426 696 1466 ii
721 1426 880 1467 debent
910 1425 1096 1475 horrere,
1119 1424 1193 1479 qui
1225 1438 1391 1479 semper
1414 1424 1644 1480 vectigales
1668 1424 1758 1464 fue-

323 1495 451 1537 runt3
483 1498 620 1540 neque
643 1484 670 1524 ii
694 1482 926 1539 aspernari,
950 1482 1072 1537 ⁵2qui
1096 1496 1171 1537 per
1192 1496 1236 1522 se
1259 1482 1443 1537 pendere
1466 1481 1650 1537 vectigal
1672 1496 1758 1522 non

327 1552 584 1598 potuerunt3
618 1555 754 1596 neque
777 1541 805 1581 ii
830 1554 1038 1591 recusare,
1059 1540 1133 1594 qui
1155 1539 1496 1595 postulaverunt.
1556 1538 1693 1580 Simul
1715 1547 1759 1579 et

324 1600 427 1641 illud
449 1599 554 1641 Asia
583 1599 762 1655 cogitet,
786 1597 944 1639 nullam
971 1613 996 1638 a
1031 1611 1075 1637 se
1104 1610 1243 1652 neque
1276 1597 1376 1637 belli
1408 1597 1591 1647 externi,
1621 1610 1757 1651 neque

322 1658 633 1699 discordiarum
655 1656 988 1697 domesticarum
1018 1654 1305 1695 calamitatem
1334 1654 1581 1695 abfuturam
1610 1653 1756 1703 fuisse,

324 1716 357 1756 si
382 1715 464 1756 hoc
488 1714 669 1771 imperio
692 1728 778 1754 non
804 1723 1032 1753 teneretur.
1065 1711 1107 1752 id
1130 1721 1273 1752 autem
1306 1711 1532 1767 imperium
1564 1725 1662 1752 cum
1695 1725 1758 1751 re-

325 1773 450 1813 tineri
484 1773 573 1813 sine
611 1770 892 1826 vectigalibus
931 1769 1045 1810 nullo
1086 1769 1214 1810 modo
1259 1770 1407 1824 possit,
1447 1783 1571 1824 aequo
1611 1768 1756 1808 animo

324 1840 446 1886 parte
467 1830 610 1886 aliqua
632 1842 804 1869 suorum
828 1828 1047 1869 fructumn
1070 1841 1218 1882 pacem
1244 1826 1326 1867 sibi
1358 1826 1662 1882 sempiternam
1692 1839 1758 1865 re-

264 1899 311 1934 ω
325 1887 460 1927 dimat
484 1898 614 1942 atque
636 1886 788 1927 otium.
850 1884 1018 1932 Quodsi
1050 1898 1184 1940 genus
1210 1883 1350 1939 ipsum
1373 1893 1416 1924 et
1439 1898 1595 1924 nomen
1618 1882 1759 1938 publi-

324 1945 418 1986 cani
446 1960 528 1985 uon
552 1945 700 1998 iniquo
736 1942 880 1984 anitno
919 1942 1219 1983 sustinebunt:
1254 1950 1457 1997 poterunt
1489 1941 1555 1991 iis,
1577 1939 1758 1981 consilio

322 2014 365 2042 et
390 2002 616 2058 prudentia
638 2012 725 2052 tua,
747 2000 910 2056 reliqua
932 2000 1065 2041 videri
1089 1999 1274 2039 mitiora.
1316 1998 1504 2039 Possunt
1526 1998 1567 2038 in
1593 1997 1757 2054 pactio-

321 2061 449 2100 nibus
482 2059 690 2100 faciendis
722 2074 808 2099 non
839 2059 976 2114 legem
1006 2066 1198 2113 spectare
1231 2057 1485 2104 censoriam,
1510 2055 1582 2096 sed
1614 2055 1756 2110 potius

321 2118 675 2158 commoditatem
708 2115 966 2157 conficiendi
1006 2115 1187 2169 negotii,
1216 2122 1260 2154 et
1292 2113 1590 2154 liberationem
1624 2112 1757 2152 mole-

324 2176 435 2216 stiae.
498 2174 626 2216 Potes
649 2173 777 2214 etiam
806 2184 849 2213 tu
874 2173 916 2214 id
949 2171 1102 2221 facere,
1124 2171 1238 2226 quod
1270 2180 1314 2211 et
1339 2170 1478 2211 fecisti
1501 2170 1688 2226 egregie,
1711 2177 1755 2209 et

192 2232 447 2286 p.297.1”acis‚
479 2242 527 2273 ut
567 2245 893 2281 cmnmemores,
925 2240 1086 2285 quanta
1117 2230 1173 2269 sit
1203 2229 1245 2269 in
1280 2227 1520 2284 publicanis
1551 2227 1753 2281 dignitas,

281 2299 532 2345 ²¹·quantum
556 2304 632 2330 nos
657 2289 712 2330 illi
738 2288 878 2329 ordini
901 2288 1146 2336 debeamus,
1171 2295 1216 2326 ut
1239 2295 1403 2326 remoto
1427 2285 1622 2340 imperio,
1641 2298 1690 2324 ac
1713 2284 1753 2322 vi

322 2348 547 2403 potestatis
578 2356 622 2387 et
653 2346 848 2396 fascium,
872 2345 1122 2401 publicanos
1146 2358 1244 2384 cum
1268 2343 1433 2383 Graecis
1466 2342 1604 2396 gratia
1625 2350 1753 2395 atque

320 2405 576 2446 auctoritate
607 2404 861 2458 conjungas.
924 2401 1007 2443 Sed
1038 2411 1078 2441 et
1106 2401 1159 2441 ab'
1184 2401 1248 2450 iis,
1270 2400 1321 2440 de
1345 2400 1500 2454 quibus
1522 2399 1683 2452 optime
1708 2407 1752 2437 tu

319 2462 494 2502 meritus
517 2477 575 2510 es,
594 2471 637 2501 et
655 2461 727 2516 qui
754 2461 832 2501 tibi
855 2460 1000 2500 omnia
1022 2459 1194 2508 debent,
1213 2458 1296 2498 hoc
1322 2467 1454 2512 petas,
1477 2466 1521 2496 ut
1544 2454 1749 2495 facilitate

319 2534 409 2571 sua,
433 2533 507 2559 nos
531 2533 622 2559 cam
655 2517 1028 2568 necessitudinem,
1053 2531 1149 2571 quae
1181 2525 1245 2556 est
1277 2515 1401 2555 nobis
1432 2527 1529 2554 cum
1563 2512 1755 2567 publica-

361 2634 400 2663 55
419 2642 526 2672 perse
539 2633 598 2671 ipsi
621 2630 840 2671 itafueramt]
868 2631 951 2661 Cum
976 2630 1015 2660 li·
1058 2629 1173 2660 tradit.

320 2675 387 2706 beri
403 2682 522 2711 essent,
538 2675 603 2704 suis
620 2674 764 2714 ipsorum
781 2673 942 2704 institutis
958 2673 1016 2704 ha-
1103 2675 1137 2706 57
1164 2680 1233 2710 quse
1249 2673 1345 2700 erant
1360 2670 1401 2699 ab
1424 2669 1522 2700 Sulla
1544 2668 1681 2699 Rhodiis
1701 2673 1753 2698 at-

318 2718 417 2750 buum
435 2718 636 2758 publicano&
1059 2714 1202 2752 tributae]
1220 2713 1325 2753 Quam
1343 2713 1384 2742 ob
1399 2721 1528 2742 causam
1548 2711 1640 2741 Sulla
1662 2710 1750 2741 Rho-

361 2761 402 2791 56
422 2760 507 2799 quod
527 2760 566 2789 iis
588 2759 756 2798 aeqmzc'iter
778 2757 877 2788 Sulla
895 2757 942 2797 d.]
968 2767 1013 2787 sc.
1058 2756 1117 2786 diis
1135 2756 1195 2785 ho<-
1211 2755 1348 2791 dederit,
1363 2764 1427 2784 non
1445 2759 1586 2783 constat.

317 2801 351 2832 in
369 2809 487 2841 capzta.
505 2801 542 2831 de
559 2812 598 2832 ea
613 2811 646 2830 re
661 2811 690 2830 v.
707 2800 875 2830 Plutarch.
893 2800 926 2830 in
950 2799 1016 2830 Lu-
1103 2802 1142 2829 53
1165 2799 1219 2837 qui
1231 2807 1293 2837 per
1307 2807 1339 2827 se
1358 2798 1496 2836 pendere
1516 2794 1673 2836 vectigal]
1693 2800 1761 2835 per

316 2844 418 2881 cuno,
433 2844 487 2887 qui
505 2853 551 2875 xx
567 2843 671 2875 millia
692 2842 895 2875 talentorum
917 2841 1016 2874 fuisse
1059 2851 1104 2879 se,
1121 2846 1182 2879 est,
1198 2840 1267 2871 siue
1282 2839 1474 2882 publicanis.
