1940 3231
691 157 801 195 LIB
818 156 897 193 ER
933 157 1004 194 XI.
1485 161 1562 199 727

122 259 332 302 meritatis
375 275 507 314 meae;
555 274 682 316 quam
726 268 771 300 tu
818 259 1091 314 prudentiam
1136 258 1242 299 mihi
1289 259 1419 300 videri
1465 261 1557 303 vis:

121 329 262 372 neque
293 328 334 358 te
364 319 571 368 deterreo,
604 331 690 371 quo
724 315 866 356 minus
900 316 941 356 id
976 316 1182 371 disputes,
1223 316 1468 371 scribasque
1505 319 1559 359 ad

122 386 193 414 me
214 389 340 430 quam
376 375 626 431 saepissime.
659 373 859 414 nonnihil
889 373 1004 413 enim
1036 387 1103 413 nie
1126 373 1269 414 levant
1293 381 1377 413 tuae
1402 374 1555 415 litterae

120 429 206 472 hoc
239 442 443 487 tempore.
506 431 587 472 Per
609 445 696 481 θος,
718 430 792 486 qui
823 439 969 470 nostra
991 445 1119 471 causa
1143 430 1305 479 volunt,
1329 429 1557 484 valentque

123 489 238 542 apud
271 489 402 538 illum,
425 487 751 543 diligentissime
783 487 1017 528 contendas
1041 502 1148 542 opus
1171 498 1249 538 est,
1273 501 1347 542 per
1370 487 1555 527 Balbum

120 553 164 584 et
202 545 396 601 Oppium
427 545 632 596 maxime,
664 554 712 585 ut
743 544 848 585 40de
882 559 950 585 me
987 545 1177 585 scribant
1209 558 1338 599 quam
1373 544 1601 600 diligen-h.

120 601 299 643 tissime.
331 616 635 657 oppugnamur
665 602 795 652 enim,
820 611 867 642 ut
896 602 1040 652 audio,
1071 611 1114 642 et
1145 601 1430 657 praesentibus
1461 602 1558 656 qui-

122 657 318 709 busdam,
339 669 382 699 et
406 673 480 714 per
510 658 687 701 litteras.
711 659 763 700 iis
795 659 855 698 ita
885 659 1212 710 occurrendum,
1239 671 1283 699 ut
1307 659 1365 699 rei
1390 660 1557 714 magui-

123 715 228 755 tudo
251 715 454 769 postulat.
500 715 682 757 Furnius
705 725 770 757 est
792 715 893 767 illic,
916 716 1022 756 mihi
1046 715 1383 757 inimicissimus.
1417 716 1557 763 Quin-

121 779 189 812 tus
212 773 331 813 misit
352 773 488 813 filium
512 788 597 814 non
621 774 758 814 solum
782 773 846 813 sui
878 773 1215 829 deprecatorem,
1239 773 1310 813 sed
1334 774 1463 814 etiam
1487 788 1557 814 ac*

119 838 362 870 cusatorem
386 831 485 871 mei.
507 831 694 883 dictitat,
717 844 761 871 se
782 845 807 870 a
830 845 896 871 me
915 831 1026 886 apud
1049 829 1265 871 Caesarem
1286 831 1556 886 oppugnari:

118 886 233 938 quod
259 887 412 928 refellit
445 888 594 929 Caesar
623 889 730 944 ipse,
752 902 987 942 omnesque
1009 887 1045 942 ej
1057 902 1100 928 us
1130 888 1272 928 amici.
1295 902 1434 943 neque
1457 903 1557 928 vero

117 943 301 994 desistit,
334 945 595 1000 ubicumque
625 956 704 996 est,
736 945 882 985 omnia
914 946 956 985 in
991 959 1056 985 me
1089 945 1316 986 maledicta
1347 945 1557 986 conferre.

117 999 228 1041 nihil
252 1002 357 1042 mihi
381 1017 585 1058 umquam
608 1012 695 1044 tam
718 1002 969 1042 incredibile
991 1001 1164 1052 accidit,
1185 1002 1288 1042 nihil
1316 1003 1355 1043 in
1380 1002 1445 1042 his
1470 1017 1559 1042 ma-

115 1055 167 1097 lis
199 1066 286 1099 tam
318 1060 632 1114 acerbum.,qui
663 1075 718 1100 ex
752 1059 845 1114 ipso
877 1059 1109 1107 audissent,
1132 1073 1230 1099 cum
1264 1059 1450 1114 Sicyone
1483 1075 1558 1115 pa-

115 1112 202 1155 lam
225 1115 370 1157 multis
401 1117 674 1158 audientibus
706 1116 965 1171 loqueretur,
990 1116 1152 1156 nefaria
1173 1117 1369 1171 quaedam
1405 1117 1456 1157 ad
1489 1131 1558 1157 me

114 1173 400 1227 pertulerunt.
427 1177 465 1204 41
481 1174 594 1214 nosti
627 1188 776 1228 genus,
799 1173 929 1214 etiam
961 1182 1165 1228 expertus
1197 1187 1240 1213 es
1272 1173 1479 1215 fortasse:
1513 1175 1556 1214 in

116 1243 188 1269 me
210 1230 252 1271 id
274 1240 339 1271 est
361 1245 488 1271 omne
509 1245 781 1271 conversum.
804 1230 875 1271 sed
909 1244 1047 1285 augeo
1080 1231 1459 1271 commemorando
1482 1231 1559 1271 do-

115 1285 266 1338 lorem,
298 1297 341 1328 et
372 1287 487 1329 facio
517 1288 648 1329 etiam
681 1288 776 1329 tibi.
799 1302 930 1343 quare
961 1287 1013 1327 ad
1047 1287 1146 1328 illud
1180 1288 1332 1338 redeo3
1364 1302 1480 1339 cura,
1511 1299 1560 1328 ut

116 1341 247 1398 hujus
279 1345 338 1385 rei
371 1360 513 1397 causa,
545 1346 692 1386 dedita
722 1360 868 1401 opera,
899 1345 1047 1385 mittat
1078 1344 1261 1399 aliquem
1298 1345 1473 1386 Balbus.
1505 1347 1558 1386 ad

119 1415 228 1454 quos
262 1402 495 1453 videbitur,
531 1403 656 1444 velim
690 1417 812 1444 cures
853 1402 1015 1443 litteras
1056 1416 1153 1443 meo
1187 1403 1376 1443 nomine.
1438 1401 1557 1444 Vale.

117 1471 166 1501 vx
193 1458 291 1500 Kal.
312 1459 492 1502 Januar.
710 1465 720 1471 ‘

550 1533 785 1575 CICERO
817 1532 1046 1575 ATTICO
1079 1533 1123 1574 S.
1569 1541 1596 1582 9

118 1589 262 1643 EGO
285 1615 385 1642 vero
417 1608 461 1641 et
491 1600 678 1652 incaute,
705 1611 751 1642 ut
783 1602 949 1653 scribis,
981 1610 1023 1641 et
1054 1600 1247 1651 celerius,
1271 1615 1399 1656 quam
1431 1616 1559 1657 opor-

116 1659 215 1710 tuit,
245 1658 396 1710 42feci,
430 1672 508 1699 nec
540 1658 582 1699 in
616 1659 701 1700 ulla
733 1674 825 1699 sum
858 1673 964 1714 spe;
995 1658 1157 1714 quippe
1189 1659 1262 1714 qui
1288 1659 1559 1714 exceptioni-

113 1717 195 1758 bus
234 1716 475 1757 edictorum
511 1717 775 1758 43retinear:
815 1731 912 1772 quae
954 1716 985 1757 si
1026 1730 1110 1756 non
1151 1726 1292 1756 essent
1331 1716 1558 1757 sedulitate

114 1773 299 1824 effectae,
333 1782 376 1814 et
410 1773 705 1814 benivolentia
740 1783 828 1824 tua,
860 1773 1006 1814 liceret
1034 1772 1140 1814 mihi
1176 1773 1293 1814 abire
1330 1773 1372 1813 in
1408 1773 1558 1814 solitu-

114 1831 236 1872 dines
269 1830 447 1886 aliquaS.
482 1845 598 1872 nunc
637 1846 691 1872 ne
726 1831 768 1872 id
802 1831 976 1888 quidem
1015 1830 1130 1871 licet.
1169 1831 1272 1886 quid
1309 1841 1453 1871 autem
1489 1845 1559 1871 me

104 1888 249 1943 juvat,
271 1888 387 1943 quod
409 1890 561 1929 44ante
588 1888 746 1934 initum
776 1890 1043 1930 tribunatum
1069 1888 1180 1937 veni,
1205 1889 1237 1928 si
1261 1888 1417 1943 ipsum,
1440 1889 1553 1943 quod

110 1946 226 1995 veni,
258 1944 367 1986 nihil
389 1944 552 2000 juvat?
577 1945 687 2000 jam,
711 1946 814 2001 quid
847 1960 1013 2002 sperem
1046 1946 1100 1986 ab
1130 1960 1196 1997 eo,
1219 1946 1291 2000 qui
1317 1945 1420 1986 mihi
1448 1945 1556 1986 ami-

108 2018 185 2044 cus
218 2017 452 2058 numquam
485 2002 591 2055 fuit.;
623 2006 663 2034 45
677 2018 776 2044 cum
801 2003 895 2059 jam
928 2003 1022 2058 lege
1053 2003 1183 2044 etiam
1217 2003 1297 2043 sim
1329 2002 1553 2043 confectus

110 2070 154 2101 et
176 2063 436 2117 oppressus?
468 2061 772 2116 quotidiejam
798 2060 923 2101 Balbi
947 2061 997 2101 ad
1023 2075 1091 2101 me
1122 2060 1277 2101 litterae
1309 2059 1553 2116 languidio-

108 2132 201 2169 res;
227 2116 462 2171 multaeque
483 2117 717 2158 multorum
739 2118 791 2159 ad
815 2118 950 2169 illum,
973 2117 1154 2158 fortasse
1176 2126 1328 2158 eontra
1348 2132 1431 2158 me.
1454 2131 1550 2158 meo

108 2175 218 2217 vitio
242 2188 384 2231 pereo.
409 2174 516 2215 nihil
540 2175 645 2216 mihi
668 2176 769 2216 mali
791 2190 913 2217 casus
936 2174 1107 2216 attulit:
1131 2174 1278 2215 omnia
1299 2174 1426 2230 culpa
1446 2189 1593 2223 con-p.
1616 2182 1684 2216 176.

105 2240 247 2274 tracta
278 2239 392 2272 sunt.
423 2245 506 2288 ego
536 2233 668 2284 enim,
690 2247 789 2275 cum
821 2247 956 2289 genus
989 2232 1087 2273 belli
1112 2232 1315 2283 viderem,
1340 2231 1591 2289 imparataa·

148 2360 190 2388 40
213 2358 252 2388 de
279 2367 330 2387 me
359 2357 505 2387 scribant
527 2367 627 2398 quam
654 2357 726 2397 dit]
757 2357 807 2387 Ad
851 2358 925 2388 ficio
945 2367 1012 2388 non
1036 2361 1199 2396 uteretur,
1216 2357 1365 2388 timenda
1387 2361 1456 2387 erat
1480 2368 1552 2398 per-

108 2402 286 2437 Caesarem,
317 2399 525 2441 deprecandi,
555 2399 806 2431 commendandi
851 2408 950 2440 petua
966 2401 1102 2431 Caesaris
1117 2401 1184 2431 ira:
1203 2399 1288 2439 quod
1305 2404 1377 2430 erat
1392 2400 1552 2440 periculo-

104 2452 216 2473 causa.
850 2453 923 2473 sum
942 2452 1050 2473 nimis.

147 2487 184 2515 41
210 2484 293 2515 nosti
304 2494 420 2523 genus,
435 2485 535 2516 eciam
551 2489 703 2525 expertus
718 2482 804 2523 ess]
892 2488 935 2515 44
957 2489 1033 2515 anae
1047 2485 1166 2514 z'm‘tam
1182 2483 1275 2523 trib]
1301 2483 1428 2523 Nempe
1449 2483 1481 2514 id
1502 2484 1549 2514 fe-

103 2526 203 2557 Varie
218 2527 272 2558 hic
291 2527 383 2557 loeus
398 2534 430 2558 et
453 2528 674 2568 interpolatus
697 2532 747 2556 est
769 2526 804 2556 in
849 2532 951 2563 cerat,
969 2537 1009 2558 ne
1032 2526 1158 2556 tribuni
1181 2527 1270 2562 novi,
1291 2525 1412 2564 aliquid
1437 2526 1470 2556 in
1494 2527 1550 2557 ab·

101 2568 196 2600 libris
218 2574 252 2599 et
274 2574 410 2600 vexatus
432 2570 644 2609 conjecturis.
661 2569 732 2599 haec
754 2572 805 2598 est
848 2574 957 2600 sentes
994 2568 1182 2606 statuendo,
1220 2579 1296 2599 eum
1335 2568 1549 2599 excluderent

102 2611 203 2642 lectio
240 2612 290 2643 ed.
328 2612 426 2644 Rom.
457 2622 557 2651 quam
593 2612 804 2642 servavimus·
849 2611 958 2643 Italia.

105 2653 256 2684 Pertinet
269 2658 381 2685 autem
397 2654 438 2685 ad
451 2654 610 2685 familiam
627 2654 668 2694 Ω.
682 2653 804 2684 fratris.
892 2657 933 2685 45
956 2663 1030 2684 eum
1048 2652 1128 2694 jam
1157 2654 1227 2691 lege
1247 2653 1349 2682 etiam
1372 2653 1448 2692 δια]
1476 2653 1549 2683 Hoc

147 2697 190 2725 42
200 2694 288 2735 jeci]
307 2696 356 2727 Ut
369 2698 404 2727 in
420 2697 554 2727 Italiam
571 2696 721 2727 redirem.
850 2705 918 2726 non
932 2697 1075 2727 cohaeret
1090 2695 1369 2726 antecedentibus,
1400 2695 1486 2724 Puto
1503 2695 1548 2725 le-

148 2740 190 2768 43
213 2738 373 2778 retinear]
400 2739 448 2770 Ut
470 2750 508 2770 ex
524 2739 623 2769 Italia
637 2739 724 2769 exire
739 2746 806 2767 non
850 2739 993 2778 gendum
1009 2737 1103 2779 cijus
1115 2737 1193 2779 jam
1210 2738 1232 2767 l.
1248 2747 1276 2768 e.
1292 2747 1366 2767 sum
1389 2736 1552 2775 confectus

105 2780 247 2821 possim:
274 2781 350 2820 quia
377 2781 413 2811 in
436 2781 544 2812 edicto
567 2781 703 2812 Antonii
727 2780 805 2810 seri·
852 2783 911 2811 διο.
925 2791 999 2811 sum
1021 2781 1121 2811 habet
1142 2780 1192 2810 ed.
1210 2780 1307 2810 Rom.
1323 2780 1408 2818 quod
1430 2785 1463 2809 et
1480 2789 1553 2809 cor-

103 2830 201 2861 ptum
220 2827 304 2859 erat,
319 2826 358 2853 ut
380 2825 505 2854 nemini
529 2824 806 2865 Pompeianorum
851 2824 989 2854 rectioni
1004 2829 1125 2853 nostrae
1138 2822 1237 2853 favet.
1262 2821 1482 2861 Intelligenda
1494 2832 1554 2852 au.

102 2866 137 2898 in
162 2864 261 2899 ltalia
282 2874 350 2895 esse
372 2865 500 2902 liceret,
524 2870 644 2906 praeter
668 2867 710 2898 D.
732 2865 806 2895 Lae-
850 2870 918 2895 tem
932 2865 981 2896 lex
995 2864 1179 2896 Dolabellae
1193 2864 1312 2903 aliqua.
1329 2873 1406 2895 nam
1422 2864 1461 2895 ad
1474 2873 1551 2896 eum

98 2907 185 2941 lium
207 2911 242 2939 et
264 2908 471 2940 Ciceronem.
496 2918 571 2940 nam
595 2909 621 2940 si
645 2919 684 2941 eo
707 2909 806 2939 bene·
851 2909 995 2947 pertinet
1010 2908 1170 2949 superius.

761 2954 785 2991 3
812 2963 838 2991 Α
861 2956 889 2992 4
