1940 3231
723 149 935 190 LIBER
967 149 1062 189 XII.
1518 157 1597 196 763

144 264 237 299 tum
271 257 377 310 vito,
408 271 490 300 nee
529 265 671 299 tamen
708 256 763 296 ab
802 269 853 295 eo
890 253 1155 295 levationem
1195 251 1327 294 ullam
1360 261 1731 313 exspect02p.196.

146 316 221 357 sed
243 326 365 357 erant
386 331 544 368 causae,
564 329 641 357 cur
661 313 746 354 hoc
771 321 966 368 tempore
987 311 1087 352 istic
1108 325 1201 352 esse
1223 309 1406 354 nollem:
1422 329 1537 369 quae
1562 314 1643 358 sia·

143 375 399 424 manebunt,
421 372 653 430 quaerenda
676 371 759 412 erit
778 369 1006 412 excusatio
1030 369 1083 410 ad
1106 368 1316 420 Brutum3
1338 378 1396 421 et,
1416 380 1465 412 ut
1483 387 1600 416 nunc

145 440 225 482 est,
262 446 475 472 mansurae
510 429 724 471 videntur.
787 427 856 469 De
894 427 1046 479 hortis,
1069 441 1218 482 quaeso
1250 425 1438 482 explica.
1468 441 1602 485 caput

146 488 252 529 illud
275 500 354 541 est,
376 488 489 544 quod
513 487 611 528 scis.
635 485 844 542 sequitur,
871 488 907 516 10
919 494 966 527 ut
988 485 1121 526 etiam
1145 484 1254 525 mihi
1287 484 1370 540 ipsi
1392 485 1601 540 quiddam

145 560 257 602 opus
277 548 346 588 sit.
371 560 449 586 nec
467 545 584 585 enim
603 559 696 585 esse
718 545 762 585 in
786 543 915 586 turba
937 557 1129 600 possum,
1148 556 1228 583 nec
1250 557 1275 582 a
1291 541 1416 583 vobis
1436 543 1600 587 abesse.

145 602 251 645 huic
272 618 369 644 meo
391 602 573 644 consilio
597 602 706 644 nihil
728 602 895 659 reperio
919 602 1002 644 isto
1030 601 1127 642 loco
1151 600 1293 657 aptius
1315 617 1325 642 :
1357 610 1402 640 et
1431 599 1486 642 de
1519 601 1603 645 hac

147 675 193 702 re
219 661 365 716 llquid
393 661 456 701 tui
479 660 650 701 consilii
673 661 744 711 sit,
769 658 877 700 mihi
901 673 1151 715 persuasum
1186 666 1264 709 est,
1286 666 1331 698 et
1361 672 1413 699 eo
1445 661 1602 716 magis,

146 718 263 773 quod
286 718 400 759 idem
433 718 627 760 intellexi
660 718 741 759 tibi
765 717 915 768 videri,
937 732 1008 758 me
1029 717 1083 757 ab
1110 715 1258 772 Oppio
1281 724 1326 756 et
1349 715 1489 757 Balbo
1511 718 1602 760 val-

146 775 200 815 de
222 775 362 830 diligi.
393 791 494 818 cum
525 777 577 817 iis
609 776 920 826 communices,
944 783 1108 831 quanto
1140 788 1286 830 opere,
1308 782 1352 814 et
1375 789 1507 829 quare
1529 790 1604 817 ve„

143 831 222 873 lim
255 833 435 886 hortosg
467 834 540 875 sed
573 833 615 874 id
648 834 709 874 ita
742 848 881 890 posse,
905 835 937 874 si
970 831 1230 888 expediatur
1261 830 1365 872 illud
1399 831 1604 874 Faberia-

145 903 277 932 num:
314 893 505 933 lsssintne
526 892 661 948 igitur
692 902 890 932 auctores
922 890 1073 940 futuri,
1097 889 1240 945 siqua
1270 890 1401 930 etiam
1427 889 1604 945 jactura

148 946 350 991 facienda
382 950 436 990 sit
467 950 509 991 in
543 950 910 1005 repraesentando,
932 948 1075 1004 quoad
1108 956 1291 1003 possunt
1321 947 1503 990 adduci:
1538 957 1605 990 to-

147 1013 242 1047 tum
265 1008 381 1048 enim
410 1007 515 1049 illud
546 1008 845 1063 desperatum:
879 1007 1064 1061 denique
1097 1003 1327 1060 intelliges,
1350 1005 1506 1060 ecquid
1539 1006 1603 1047 in-

147 1062 313 1105 clinent
344 1065 398 1106 ad
429 1065 514 1107 hoc
545 1079 688 1106 meum
722 1063 950 1105 consilium
983 1062 1294 1118 adjuvandum.
1319 1062 1352 1102 si
1377 1063 1481 1118 quid
1507 1064 1604 1114 erit,

147 1135 358 1179 magnum
390 1133 455 1164 est
486 1123 811 1178 adjumentum:
847 1122 911 1162 sin
943 1123 1102 1170 minus,
1129 1134 1405 1175 quacumque
1436 1121 1604 1163 ratione

147 1181 477 1222 contendamus.
514 1183 549 1211 13
561 1189 681 1220 vetus
723 1179 828 1221 illud
869 1183 1060 1234 ἐγγῆμμοι,
1094 1178 1462 1233 quemadmodum
1500 1180 1606 1220 scri-

148 1238 290 1293 psisti,
314 1238 379 1279 vel
401 1241 546 1287 ἐντοίφιον
570 1246 738 1293 putatO.
804 1236 920 1278 14De
944 1236 1015 1277 illo
1040 1234 1234 1277 Ostiensi
1257 1235 1367 1275 nihil
1388 1244 1453 1276 est
1482 1237 1608 1292 cogi-

149 1295 346 1336 tandum.
371 1296 405 1336 si
428 1295 512 1336 hoc
537 1310 623 1336 non
645 1294 937 1351 assequimur:
972 1309 997 1335 a
1019 1293 1172 1335 Lamia
1194 1307 1281 1335 non
1314 1302 1421 1349 puto
1453 1308 1606 1350 posse:

153 1350 417 1409 Damasippi
439 1351 754 1410 experiendum
780 1361 859 1393 est.

586 1446 824 1489 CICERO
855 1444 1086 1487 ATTICO
1119 1445 1165 1487 S.
1621 1458 1678 1497 30

157 1502 425 1573 QUAERO,
448 1522 549 1577 quid
571 1522 624 1563 ad
648 1532 690 1563 te
713 1521 924 1563 scribam:
959 1520 1031 1561 sed
1056 1519 1165 1561 nihil
1187 1527 1266 1561 est.
1289 1520 1437 1562 eadem
1463 1521 1610 1576 quoti-

151 1580 237 1621 die.
273 1580 414 1627 -Quod
441 1579 670 1620 Lentulum
694 1579 860 1630 invisis,
885 1577 1007 1621 valde
1030 1588 1217 1634 gratum.
1245 1593 1398 1634 pueros
1420 1579 1611 1621 attribue

153 1639 208 1688 ei,
238 1647 346 1693 quot
384 1646 427 1678 et
460 1652 569 1693 quos
605 1637 836 1678 videbitur.
902 1635 971 1677 De
1005 1635 1100 1677 Silii
1132 1636 1355 1677 voluntate
1379 1636 1610 1688 vendendi,

158 1698 196 1726 15
209 1704 254 1736 et
289 1695 342 1736 de
375 1710 441 1746 eo,
476 1696 643 1750 quanti,
668 1705 712 1736 tu
746 1693 881 1737 vereri
905 1693 1080 1745 videris,
1104 1694 1291 1750 primum
1312 1708 1364 1734 ne
1386 1694 1511 1746 nolit,
1535 1695 1608 1736 de-

153 1752 256 1794 inde
278 1768 331 1794 ne
355 1753 479 1794 tanti.
542 1753 643 1794 Sica
668 1753 816 1795 aliter:
850 1750 921 1793 sed
956 1752 1037 1793 tibi
1070 1752 1296 1793 assentior.
1320 1766 1467 1807 quare,
1491 1761 1540 1794 ut
1569 1753 1610 1794 ei

155 1811 335 1867 placuit,
358 1811 510 1867 scripsi
543 1811 596 1852 ad
627 1810 880 1868 Egnatium.
942 1809 1075 1857 Quod
1109 1809 1240 1851 Silius
1264 1819 1305 1851 te
1330 1810 1368 1840 16
1381 1824 1482 1851 cum
1506 1809 1612 1852 Clo-

154 1868 229 1910 dio
251 1869 370 1924 loqui
391 1869 510 1922 vult;
545 1878 667 1925 potes
689 1869 732 1910 id
757 1884 853 1910 mea
877 1867 1100 1910 voluntate
1123 1867 1290 1909 facere:
1313 1867 1610 1909 commodius-

154 1941 241 1981 que
263 1936 342 1978 est,
365 1942 510 1983 quam,
534 1927 650 1982 quod
684 1927 754 1968 ille
788 1942 813 1967 a
841 1940 910 1967 me
934 1926 1058 1981 petit,
1082 1940 1151 1966 me
1174 1925 1318 1982 ipsum
1346 1925 1533 1966 scribere
1555 1926 1609 1969 ad
1622 1933 1655 1965 b.

158 1984 380 2028 Clodium.
445 1988 480 2019 17
499 1984 567 2026 De
600 1984 830 2042 mancipiis
865 1983 1164 2036 Castricianis,
1206 1982 1612 2026 commodissimum

203 2129 242 2157 10
264 2130 303 2156 ut
318 2126 419 2156 etiam
437 2127 595 2167 mihiipsi
610 2126 769 2167 quiddam
785 2136 863 2167 opus
904 2128 1015 2156 terum
1038 2125 1131 2155 locus
1154 2124 1208 2155 hic
1231 2124 1268 2156 in
1292 2124 1366 2156 edd.
1383 2130 1417 2156 et
1439 2135 1503 2158 scr.
1519 2125 1615 2158 valde

154 2169 212 2209 sit]
244 2168 352 2200 intell.
377 2175 417 2200 ut
444 2170 526 2200 mihi
554 2171 656 2200 etiam
683 2170 757 2200 loco
780 2179 862 2210 opus
905 2172 957 2199 est
973 2168 1122 2198 vitiosus.
1147 2177 1208 2198 nec
1231 2177 1321 2198 nunc
1343 2170 1423 2199 satis
1446 2170 1614 2201 constitu-

157 2212 214 2249 sit,
245 2211 299 2242 ubi
328 2221 398 2242 esse
424 2218 519 2243 extra
541 2213 657 2243 urbem
686 2218 721 2243 et
746 2217 862 2243 tamen
904 2215 981 2241 tum
1004 2216 1097 2251 puto.
1114 2220 1155 2242 an
1172 2211 1218 2241 sic
1240 2211 1470 2242 scribendum:
1494 2223 1520 2244 s.
1536 2214 1562 2243 i.
1578 2223 1614 2244 a.

157 2264 260 2294 prope
275 2254 390 2285 urbem
414 2256 548 2295 possim.
564 2255 620 2286 sed
637 2254 668 2285 id
684 2255 796 2285 durius
813 2260 864 2286 est
892 2252 1034 2293 futuri.-
1058 2255 1085 2284 si
1099 2263 1165 2294 qua
1180 2254 1360 2284 etiam—in
1376 2259 1615 2294 repraesentan-

157 2298 241 2328 milzi
262 2298 420 2337 quiddam
444 2308 522 2337 opus
543 2299 596 2329 sil.
642 2299 777 2339 Conjeci
802 2298 863 2328 ali·
907 2297 959 2333 do,
974 2298 1082 2336 quoad
1089 2297 1215 2337 possint
1227 2297 1359 2327 adduci.
1381 2301 1455 2328 tum
1479 2299 1617 2338 denique

159 2340 293 2379 quando
307 2341 443 2380 quidam
459 2343 544 2371 loeus
557 2342 612 2372 sit.
908 2347 958 2369 est
973 2339 1105 2378 saltem,
1124 2341 1151 2370 si
1168 2339 1252 2369 nihil
1275 2339 1365 2370 aliud
1386 2341 1545 2379 effen-em,
1563 2346 1617 2372 ta-

207 2385 240 2413 11
267 2383 347 2423 quid
359 2384 410 2413 tui
423 2385 548 2414 consilii
563 2384 618 2415 sit.
634 2384 716 2413 milti
723 2392 864 2423 persua-

157 2434 233 2456 sam
248 2426 307 2465 est]
327 2425 514 2456 Gronovius
528 2426 718 2466 interpungi
735 2426 867 2457 volebat

160 2473 237 2507 post
259 2479 288 2508 q.
313 2472 338 2498 t.
362 2470 488 2499 consilii
509 2470 565 2506 sit,
583 2468 690 2501 intell.
714 2473 864 2509 expecto.

161 2510 246 2541 Sane
254 2520 454 2550 persuasum
469 2516 515 2541 est
530 2521 597 2542 non
613 2512 695 2542 bene
711 2512 867 2543 convenit

159 2551 223 2589 illi,
246 2554 327 2593 quid
347 2555 398 2583 tui
419 2555 545 2585 consilii
565 2555 620 2585 sit.
666 2553 706 2583 ln
723 2564 865 2594 persua-

161 2603 235 2624 mm
253 2599 300 2626 est
321 2606 359 2626 ex
383 2607 422 2627 ea
444 2600 573 2628 ratione
596 2596 867 2636 intelligendum,

162 2637 224 2667 tibi
253 2637 340 2669 idem
366 2639 477 2670 videri.
510 2641 545 2670 in
571 2639 668 2670 valde
691 2640 789 2678 diligi
811 2641 866 2678 sic,

162 2679 331 2710 Gronovio
345 2681 451 2713 eidem
468 2682 643 2713 videbatur
657 2681 866 2713 scribendum

163 2723 286 2753 scilieet
301 2733 359 2764 pro
374 2726 429 2762 sit,
446 2725 533 2765 quod
548 2725 589 2756 ab
605 2724 677 2756 edd.
695 2735 746 2765 pr.
761 2725 867 2763 abest,

165 2770 205 2795 ut
221 2765 336 2797 aberat
350 2767 430 2798 Mss.
445 2768 578 2806 Graevii,
594 2768 649 2808 qui
670 2772 706 2798 et
727 2767 866 2798 delevit:

163 2807 260 2847 idque
285 2819 346 2848 ego
372 2819 445 2840 sum
471 2810 634 2841 imitatus.
655 2811 777 2842 scilicet
799 2820 867 2841 non

165 2850 249 2880 bene
264 2854 420 2882 convenit
434 2854 659 2892 sequentibus

213 2896 249 2924 12
280 2895 388 2926 sintne
415 2895 525 2934 ‘igitur
558 2900 708 2927 auctores
731 2895 866 2937 futuri]

164 2935 361 2972 Praestaturi
384 2946 507 2973 nomen
533 2937 763 2976 Faberianum.
808 2940 870 2972 Ce-

909 2391 987 2413 men
1003 2383 1122 2413 saltem
1138 2381 1316 2422 intelliges,

950 2428 986 2456 13
1005 2428 1094 2456 vetus
1109 2425 1197 2456 illud
1209 2424 1372 2468 ἰγγῆξαμα
1387 2424 1463 2466 &0.]
1480 2435 1512 2458 V.
1523 2424 1617 2458 Clav-

909 2467 1026 2499 Graeca
1041 2469 1076 2498 in
1092 2478 1123 2498 v.
1137 2468 1277 2508 ἐντάφιον.

956 2513 995 2541 14
1015 2510 1071 2542 De
1085 2511 1140 2542 illo
1163 2510 1317 2552 Ostiensi]
1342 2521 1388 2542 sc.
1405 2511 1518 2543 Cottae
1538 2510 1619 2542 hor-

909 2556 959 2590 to,
974 2562 1075 2594 supra
1088 2564 1141 2594 ep.
1156 2556 1209 2585 23.

956 2598 1004 2627 15·
1015 2600 1047 2627 ec
1070 2597 1109 2627 de
1124 2606 1170 2634 eo,
1186 2595 1318 2637 quanti]
1345 2597 1482 2636 Semper
1500 2606 1552 2627 me
1568 2596 1620 2626 of-

909 2638 1017 2669 fendit
1031 2639 1071 2669 de
1085 2649 1133 2677 eo,
1147 2643 1193 2670 etr
1204 2649 1318 2680 sapere
1340 2638 1620 2680 interpolatorem

911 2681 1016 2712 visum
1030 2687 1093 2713 est·

955 2724 994 2755 16
1008 2734 1085 2756 eum
1109 2723 1231 2766 Clodio]
1250 2725 1338 2765 Quia
1351 2725 1391 2756 de
1412 2734 1447 2755 re
1462 2723 1620 2764 pecunia-

911 2767 961 2798 ria
990 2777 1099 2799 sermo
1129 2772 1193 2806 est,
1223 2768 1355 2799 videtur
1391 2767 1620 2805 Hermogenes

912 2810 1047 2842 Clodius
1070 2821 1153 2850 esse,
1170 2811 1226 2851 qni
1249 2810 1395 2842 occurrit
1417 2809 1505 2840 infra
1519 2807 1619 2846 XIII,

911 2855 963 2886 524.

957 2899 995 2930 17
1019 2895 1075 2929 De
1095 2897 1269 2940 mancipiis
1289 2893 1441 2936 Cer-scria]
1466 2903 1498 2929 v,
1521 2902 1622 2936 supra

913 2949 964 2981 ep.
982 2941 1035 2973 28.
