1940 3231
261 952 267 959 .
287 931 334 959 18.

237 936 257 967 P
324 977 409 1018 ·ria
437 977 505 1017 lex
537 992 561 1017 a
594 977 742 1018 Flavio
777 976 952 1017 tribuno
986 975 1122 1031 plebis
1146 974 1419 1016 vehementer
1440 952 1711 1031 agitabatur0
1707 989 1783 1015 au-

346 138 422 172 460
765 132 943 171 EPIST.
971 132 1049 171 An
1075 116 1360 177 AT‘r'rcuM,

347 239 437 280 sine
459 237 591 280 dubio
614 245 714 278 sunt
742 236 785 277 in
813 236 957 288 armis,
979 237 1339 292 excursionesque
1362 236 1404 277 in
1424 233 1689 292 provinciam
1713 234 1777 277 fa-

347 297 482 336 ciunt.
543 295 724 336 Senatus
747 293 951 343 decrevit,
973 303 1021 334 ut
1044 294 1239 335 consules
1261 295 1365 334 duas
1389 292 1552 334 Gallias
1574 292 1779 334 sortiren-

348 363 430 403 tur,
452 352 641 393 delectus
672 350 913 401 haberetur,
936 351 1180 392 vacationes
1203 365 1254 392 ne
1286 350 1487 400 valerent,
1518 348 1647 413 legati
1678 363 1778 390 cum

347 411 603 451 auctoritate
637 408 922 458 mitterentur,
960 408 1032 462 qui
1069 408 1234 448 adirent
1272 407 1425 449 Galliae
1459 407 1672 457 civitates,
1704 406 1781 447 da-

347 477 525 531 rentque
550 480 739 522 operam,
763 479 814 505 ne
847 479 908 504 eae
939 477 1035 505 cum
1068 464 1282 506 Helvetiis
1316 479 1358 504 se
1385 464 1636 519 jungerent.
1699 463 1780 504 Le-

346 524 435 580 gati
467 534 564 564 sunt
596 523 651 569 Q.
680 521 881 562 Metellus
907 520 1117 571 Creticus,
1145 530 1188 562 et
1209 521 1257 562 L.
1284 521 1475 570 Flaccus,
1498 530 1555 570 et,
1586 540 1622 560 το
1657 523 1709 560 ἐπὶ
1739 524 1782 573 ‘rii

345 584 439 635 φανῇ
459 599 573 634 pangor,
609 579 814 620 Lentulus
841 577 1039 618 Clodiani
1067 579 1193 619 filius.
1253 577 1397 632 Atque
1429 578 1514 618 hoc
1544 551 1642 618 loco
1676 574 1779 617 illud

347 650 431 676 non
458 650 567 690 queo
591 636 822 700 prffaeteiiie,
846 635 975 690 quod,
999 650 1097 675 cum
1120 636 1172 676 de
1190 635 1501 684 consularibus,
1523 637 1564 664 3⁴
1578 648 1672 674 mea
1695 631 1781 689 pri-

347 707 417 733 ma
440 706 528 732 sors
551 693 725 743 exisset,
749 706 833 733 una
857 706 960 732 voce
992 706 1063 732 sen
1069 702 1162 733 atus
1198 692 1396 747 frequens
1420 691 1688 732 retinendum
1713 702 1783 730 me

347 749 390 789 in
427 750 529 789 urbe
565 750 746 791 censuit.
778 750 860 790 hoc
888 749 1000 789 idem
1034 759 1132 805 post
1171 765 1237 790 me
1274 749 1482 804 Pompeio
1515 747 1702 788 accidit:
1734 753 1782 786 ut

348 821 425 846 nos
448 806 548 856 duo,
571 808 690 862 quasi
713 806 894 868 pignora
916 806 1180 859 reipublicae,
1201 806 1373 847 retineri
1397 805 1652 846 vider-emur
1677 802 1782 858 quid

347 864 459 904 enim
480 877 562 918 ego
584 867 624 894 35
641 864 818 904 aliorum
848 876 890 901 1n
924 875 992 901 me
1014 864 1248 913 ἔπιφωνῆμοιτοι
1269 872 1533 926 exspectem,
1562 875 1658 902 cum
1686 860 1782 901 baec

347 920 463 961 (lomi
487 922 743 961 nascantur?
803 918 992 959 Urbanae
1017 926 1158 958 autem
1184 932 1247 958 res
1271 934 1330 959 src
1353 934 1396 960 se
1424 919 1600 960 habent.
1642 916 1783 974 Agra-

345 1044 464 1075 ctore
493 1033 730 1090 Pompeio3
762 1033 908 1089 36quae
942 1032 1049 1073 nihil
1077 1032 1282 1088 populare
1303 1032 1505 1082 habebat,
1528 1043 1685 1089 praeter
1705 1045 1781 1073 au-

345 1101 523 1132 ctorem.
547 1106 601 1132 ex
625 1092 705 1132 hac
736 1104 818 1145 ego
841 1090 950 1155 lege,
973 1090 1158 1131 secunda
1188 1090 1409 1131 concionis
1433 1065 1667 1140 voluntate,
1689 1103 1783 1130 om-

345 1148 417 1189 nia
437 1148 654 1200 tollebam,
676 1163 773 1204 quae
799 1148 850 1188 ad
868 1156 1130 1203 privatorum
1145 1146 1467 1187 incommodum
1486 1147 1781 1202 pertinebant:

344 1205 578 1246 liberabam
605 1220 756 1262 agrurn
780 1218 892 1254 eum,
915 1204 1005 1258 qui,
1029 1203 1078 1244 P.
1104 1203 1272 1254 Mucio,
1298 1204 1345 1245 L.
1370 1204 1608 1260 Calpurnio
1627 1217 1783 1245 consu-

344 1263 473 1313 libus,
498 1263 694 1318 publicus
725 1262 900 1302 fuisset:
932 1260 1203 1301 Sullanorum
1238 1262 1460 1301 hominum
1494 1260 1786 1317 possessiones

345 1320 680 1360 confirmabam:
721 1318 1024 1359 Volaterranos
1046 1328 1089 1358 et
1111 1320 1146 1350 37
1164 1317 1402 1369 Arretinos,
1425 1333 1607 1374 quorum
1630 1331 1784 1373 agrum

346 1377 463 1417 Sulla
487 1377 738 1432 publicu-,at
759 1389 895 1430 neque
916 1375 1132 1425 diviserat,
1157 1375 1196 1414 in
1232 1390 1307 1416 sua
1338 1390 1605 1431 possessrone
1627 1375 1785 1416 retine-

346 1435 475 1475 bam:
509 1448 638 1474 unam
672 1432 883 1473 rationem
917 1447 1002 1472 non
1028 1431 1291 1486 rejiciebam
1314 1444 1360 1472 ut
1382 1447 1484 1488 ager
1514 1432 1595 1473 hac
1624 1433 1785 1474 adven-

346 1491 449 1531 ticia
471 1492 652 1546 pecunia
673 1498 900 1539 emeretur,
919 1504 1015 1545 quae
1038 1503 1090 1529 ex
1117 1490 1239 1530 novis
1262 1489 1544 1546 vectigalibus
1568 1503 1642 1545 per
1657 1489 1784 1544 quin-

345 1562 582 1602 quennium
614 1547 892 1601 reciperetur.
953 1545 1072 1587 Huic
1107 1546 1186 1586 toti
1221 1547 1375 1587 rationi
1407 1547 1585 1601 agrariae
1611 1556 1784 1587 senatus

346 1605 668 1655 adversabatur,
693 1605 930 1659 suspicanS,
962 1603 1172 1659 Pompeio
1204 1618 1360 1644 novam
1395 1604 1609 1659 quandam
1634 1614 1787 1660 poten-

347 1663 450 1703 tiam
489 1662 639 1717 quaeri.
716 1660 950 1716 Pompeius
990 1674 1089 1701 vero
1131 1661 1182 1701 ad
1218 1660 1483 1702 voluntatem
1517 1660 1782 1726 perferendae

347 1718 455 1776 legis
478 1719 747 1759 incubuerat.
779 1732 862 1774 ego
880 1726 1050 1782 autem,
1086 1732 1244 1774 magna
1276 1733 1374 1758 cum
1397 1719 1664 1774 agrariorum
1687 1733 1791 1774 gra-

348 1778 424 1828 tia,
446 1775 757 1817 confirmabam
773 1774 966 1817 omnium
983 1776 1247 1830 privatorum
1270 1776 1579 1840 possessiones:
1600 1775 1655 1828 (is
1668 1790 1785 1817 emm

347 1843 413 1875 est
442 1843 588 1874 noster
617 1832 850 1883 exereitus,
872 1831 1113 1882 hominum,
1138 1841 1196 1874 ut
1215 1842 1305 1873 tute
1329 1833 1428 1883 scis,
1456 1826 1736 1888 locupletium
1753 1834 1788 1882 t)

349 1890 511 1946 populo
542 1899 701 1941 autem,
723 1899 767 1930 et
792 1888 1003 1945 Pompeio
1025 1864 1143 1942 (nain
1176 1890 1216 1930 id
1249 1904 1421 1944 quoque
1445 1889 1660 1938 volebam)
1682 1889 1786 1930 satis

350 1947 562 1988 faciebam
598 1947 811 1988 emtione:
842 1960 928 2001 qua
955 1947 1193 1987 constituta
1227 1946 1470 2002 diligenter,
1497 1957 1540 1987 et
1571 1946 1786 1988 sentinam

350 2005 466 2046 urbis
488 2004 723 2054 exhauriri,
745 2012 789 2044 et
811 2002 950 2044 Italiae
983 2003 1256 2044 solitudinem
1289 2004 1549 2058 frequentari
1573 2017 1699 2059 posse
1719 2018 1787 2045 ar-

349 2062 555 2104 bitrabar.
575 2061 647 2102 sed
670 2061 765 2101 haec
787 2069 880 2102 tota
903 2074 967 2101 res
992 2060 1258 2116 interpellata
1281 2060 1391 2101 bello
1413 2060 1654 2102 refrixerat.
1688 2060 1789 2102 Me-

351 2119 475 2160 tellus
506 2128 570 2160 est
599 2117 750 2159 consul
780 2131 883 2158 sane
916 2118 1067 2168 bonus,
1089 2127 1132 2158 et
1163 2133 1239 2158 nos
1271 2118 1502 2158 admodum
1526 2117 1684 2173 diligit.
1717 2117 1788 2159 ille

352 2175 459 2218 alter
490 2176 550 2216 ita
581 2175 689 2216 nihil
717 2183 796 2226 est,
817 2177 856 2205 38
873 2182 918 2214 ut
944 2174 1082 2230 plane,
1113 2175 1215 2229 quid
1248 2175 1414 2225 emerit,
1438 2175 1615 2216 nesciat.
1675 2173 1790 2216 Haec

354 2241 454 2274 sunt
476 2233 519 2273 in
544 2232 786 2288 republica:
818 2234 859 2265 39
876 2231 958 2272 nisi
979 2232 1109 2272 etiam
1130 2231 1232 2272 illud
1255 2232 1305 2272 ad
1330 2232 1638 2288 rempublicam
1663 2242 1789 2288 putas

352 2290 581 2348 pertinere,
601 2289 869 2330 Herennium
901 2289 1130 2344 quendam,
1163 2289 1382 2330 tribunum
1413 2288 1565 2345 plebis,
1587 2288 1789 2330 tribulem

398 2418 439 2446 34
462 2425 535 2445 mea
554 2415 667 2452 prima
690 2422 758 2443 sors
780 2411 909 2452 exisset]
945 2422 991 2443 sc.
1013 2416 1053 2442 ut
1137 2413 1177 2446 37
1201 2412 1384 2452 Arretinos]
1401 2413 1466 2442 Pro
1478 2412 1701 2444 Artemitanos
1715 2423 1791 2445 cum

355 2457 485 2496 legatus
501 2457 534 2486 in
550 2455 750 2495 provinciam
766 2454 909 2485 Galliam
926 2456 1019 2486 irem.
1096 2453 1223 2484 Graevio
1238 2455 1335 2485 edidi.
1355 2465 1385 2485 v.
1402 2455 1521 2486 clavis.

398 2503 438 2530 35
462 2500 604 2528 aliorum
619 2498 654 2527 in
677 2507 728 2527 me
753 2497 849 2537 ima]
876 2497 965 2527 Bene
980 2497 1052 2527 Ma·
1137 2498 1177 2527 38
1201 2501 1237 2526 nc
1258 2499 1372 2536 plane,
1397 2497 1477 2536 quid
1497 2498 1624 2535 emerit,
1650 2496 1789 2538 nesciat]

356 2541 485 2582 laspina
499 2540 639 2580 coniecit
655 2540 851 2577 alienorum,
868 2540 889 2569 i.
902 2549 931 2570 e.
947 2544 1054 2569 exter·
1097 2538 1143 2568 Ut
1156 2538 1278 2568 frustra
1299 2539 1490 2577 largitiones
1506 2540 1632 2576 fecerit,
1647 2549 1723 2571 cum
1741 2539 1791 2571 di·

358 2593 490 2620 norum,
504 2573 686 2612 Gallorum.
1096 2580 1232 2619 gnitatis
1242 2579 1324 2611 nihil
1333 2592 1350 2611 e
1363 2580 1537 2611 consulatu
1552 2583 1695 2621 gerendo
1705 2591 1796 2622 quae.

400 2628 441 2656 36
462 2630 533 2664 quae
549 2624 631 2654 nihil
646 2624 806 2662 populare
828 2622 979 2663 habebat]
996 2623 1053 2653 Vi—
1097 2628 1158 2652 rat.

359 2667 455 2699 detur
485 2667 599 2698 Cicero
633 2673 796 2704 s(r1psisse
822 2666 939 2695 hahet:
976 2675 1052 2695 nam
1139 2667 1179 2698 39
1201 2664 1263 2693 nisi
1274 2665 1697 2705 eliam-putespertinere]
1720 2667 1793 2696 Ma-

360 2709 552 2750 imperfecta
579 2707 776 2738 adhibentur
798 2708 831 2737 in
854 2706 913 2737 tali
943 2717 1054 2737 narra·
1098 2705 1177 2746 lasp.
1208 2707 1240 2735 in
1265 2707 1330 2736 suis
1355 2707 1443 2737 libris
1461 2712 1576 2747 putas,
1604 2713 1638 2738 et
1665 2708 1700 2737 in
1725 2708 1790 2740 Ms.

358 2753 449 2784 tione
469 2751 508 2782 de
531 2750 625 2781 rebus
648 2749 698 2785 iis,
723 2759 794 2789 quae
817 2749 904 2779 inter
905 2760 956 2785 ea,
978 2749 1054 2779 dum
1101 2748 1244 2778 Helmst.
1259 2749 1378 2787 reperit
1393 2749 1552 2780 Graevius.
1568 2750 1647 2780 mihi
1664 2760 1794 2790 quoque

358 2794 499 2834 epistola
524 2798 574 2823 est
601 2793 635 2822 in
665 2793 728 2827 via,
757 2791 879 2821 mutari
905 2797 1055 2832 possunt.
1099 2791 1131 2821 in
1156 2796 1301 2820 mentem
1327 2791 1417 2821 venit
1438 2791 1574 2828 dudum,
1597 2791 1736 2832 denique
1758 2792 1795 2824 in

359 2836 500 2867 Librarii
527 2839 658 2875 tempus
687 2834 782 2872 huius
812 2833 901 2863 verbi
939 2834 1055 2863 ceteris
1098 2833 1150 2864 ed.
1165 2832 1262 2864 Rom.
1279 2833 1395 2873 reperi,
1408 2838 1443 2864 et
1457 2834 1505 2864 sic
1515 2833 1612 2866 edidi.

360 2878 567 2909 consentiens
581 2878 687 2908 facere
704 2876 848 2912 voluere,
864 2880 902 2906 ut
926 2877 1055 2915 opinor.
