1940 3231
594 172 632 211 L
642 173 662 211 1
675 166 758 209 BE
769 171 809 209 R
848 170 958 208 VIII.
1422 178 1497 215 655

60 275 135 332 qui
167 276 240 319 hic
270 283 384 328 sunt,
409 283 458 318 ut
481 275 760 317 Brundisium
783 274 983 316 ducerem
1017 273 1129 315 hanc
1150 275 1336 331 copiam,
1369 294 1497 334 quam

59 348 232 376 mecum
266 335 419 376 habeo.
473 334 560 374 Vos
593 332 755 382 hortor,
780 341 827 373 ut
849 332 1152 387 quodcumque
1186 333 1372 374 militum
1395 351 1498 377 con-

59 392 229 433 trahere
261 392 472 448 poteritis,
502 389 781 440 contrahatis,
816 399 858 430 et
890 389 1041 430 eodem
1077 390 1258 431 veniatis
1281 394 1499 447 quampri-

57 462 195 490 mum.
217 463 349 500 armu,
370 462 466 502 quae
500 446 554 486 ad
588 460 656 487 me
688 447 854 487 missuri
878 448 1020 498 eratis,
1044 447 1110 497 iis,
1133 462 1302 499 censeo,
1326 451 1498 491 armetis

59 506 234 557 milites,
256 520 363 561 quos
389 503 611 544 vobiscum
647 503 830 544 habetis.
865 519 961 559 quae
999 519 1117 544 arma
1150 505 1427 561 superabunt,
1450 521 1501 548 ea

59 563 95 604 si
131 562 407 605 Brundisium
434 560 646 616 jumentis
679 561 969 617 deportaritis‚
994 561 1268 603 vehementer
1293 563 1501 619 reipubli-

60 635 124 662 cae
159 618 418 676 profueritis.
482 617 549 658 De
572 618 652 659 hac
675 633 719 659 re
741 622 780 652 72
797 618 922 659 velim
951 628 1120 660 nostros
1143 620 1346 662 certiores
1368 621 1501 663 facia-

57 677 140 719 tis:
171 691 253 731 ego
275 675 327 716 ad
361 674 410 716 P.
445 675 613 731 Lupum
636 684 679 716 et
713 675 764 717 C.
796 675 1043 731 Coponium
1071 686 1276 732 praetores
1309 678 1422 729 misi,
1452 688 1500 720 ut

59 749 104 775 se
136 734 260 774 nobis
293 733 625 789 conjungerent,
648 742 705 784 et,
725 733 913 774 militum
942 733 1058 788 quod
1091 734 1311 787 haberent,
1334 736 1388 777 ad
1426 751 1499 778 vos

58 791 332 832 deducerent.

159 873 258 916 CN.
281 873 548 916 MAGNUS
582 873 920 973 PRPQCOCZJSOSS.
945 873 1001 915 D.
1034 874 1083 916 L.
1110 874 1390 918 DOMITIO

29 1039 34 1043 .
57 986 303 1052 MIROR‚
326 1009 366 1041 te
396 1000 450 1042 ad
479 1014 548 1041 me
575 999 683 1040 nihil
704 1000 904 1050 scribere,
927 1008 969 1040 et
992 999 1135 1056 potius
1157 1001 1212 1042 ab
1236 1001 1344 1053 aliis,
1367 1017 1498 1058 quam

56 1071 82 1097 a
104 1065 160 1109 te,
182 1058 235 1099 de
258 1058 479 1114 republica
511 1071 580 1098 me
601 1057 828 1098 certiorem
853 1056 957 1097 fieri.
1020 1057 1128 1108 Nos,
1150 1058 1331 1113 disjecta
1355 1075 1498 1113 manu,

57 1129 181 1170 pares
219 1116 470 1157 adversariis
504 1129 594 1156 esse
631 1129 718 1155 non
753 1129 995 1170 possumuS.
1018 1115 1314 1170 73conjunctis
1342 1119 1499 1159 nostris

57 1173 212 1229 copiis,
236 1188 359 1229 spero
381 1188 459 1213 nos
487 1183 529 1212 et
553 1171 802 1228 reipublicae
825 1181 869 1212 et
890 1172 1111 1212 communi
1134 1173 1258 1213 saluti
1285 1175 1498 1229 prodesse.

58 1231 340 1284 quamobrem
363 1244 462 1271 cum
484 1230 796 1280 constituisses,
820 1238 867 1270 ut
889 1228 1104 1269 Vibullius
1136 1229 1242 1270 mihi
1272 1231 1504 1287 scripserat

59 1302 100 1328 a.
122 1288 164 1329 d.
187 1303 228 1329 v.
253 1287 318 1328 Id.
352 1287 456 1328 Feb.
487 1286 681 1327 Corfinio
705 1286 921 1342 proficisci
943 1301 1041 1327 cum
1064 1287 1274 1339 exercitu,
1296 1297 1337 1329 et
1356 1289 1408 1330 ad
1433 1304 1501 1331 me

61 1345 230 1397 venire;
262 1345 408 1395 miror,
431 1344 534 1399 quid
563 1359 704 1385 causae
727 1343 871 1394 fuerit,
894 1359 1025 1399 quare
1047 1344 1273 1385 consilium
1306 1346 1502 1388 mutarisss

57 1414 158 1443 nam
193 1402 265 1443 illa
293 1416 435 1451 causa,
458 1416 586 1456 quam
621 1401 729 1441 mihi
764 1400 978 1442 Vibullius
1010 1401 1174 1453 scribit,
1205 1401 1309 1443 levis
1345 1412 1424 1454 est,
1459 1415 1502 1446 te

54 1467 286 1515 propterea
322 1468 538 1500 moratum
575 1473 680 1509 esse,
715 1458 831 1513 quod
867 1458 1067 1510 audieris,
1103 1458 1319 1500 Caesarem
1354 1460 1499 1503 Firmo

54 1530 329 1573 progressum
349 1517 393 1557 in
415 1516 616 1557 Castrum
639 1515 925 1556 Truentinum
948 1517 1128 1557 venisse.
1182 1517 1359 1563 Quanto
1384 1519 1499 1560 enim

53 1575 194 1629 magis
225 1574 573 1630 appropinquare
613 1573 879 1614 adversarius
918 1573 1071 1628 coepit,
1111 1588 1162 1614 eo
1199 1574 1278 1615 tibi
1321 1575 1498 1617 celerius

55 1630 271 1686 agendum
294 1641 399 1682 erat,
423 1640 471 1672 ut
493 1640 534 1671 te
556 1645 726 1672 mecum
749 1630 1050 1686 conjungereS,
1076 1631 1324 1686 priusquam
1351 1632 1499 1675 Caesar

54 1697 131 1729 aut
163 1698 286 1729 tuum
322 1689 402 1729 iter
436 1688 658 1744 impedire,
692 1697 767 1728 aut
800 1702 867 1728 me
903 1689 979 1729 abs
1011 1696 1053 1728 te
1080 1688 1309 1729 excludere
1338 1700 1497 1746 posset.

55 1745 352 1792 Quamobrem
374 1745 504 1787 etiam
535 1755 578 1786 et
607 1746 737 1786 etiam
762 1754 802 1786 te
825 1760 931 1801 rogo
954 1753 998 1786 et
1019 1745 1184 1797 hortor,
1207 1745 1249 1786 id
1271 1747 1387 1802 quod
1410 1763 1497 1789 non

53 1802 200 1844 destiti
225 1804 517 1860 superioribus
543 1803 695 1844 litteris
715 1818 740 1843 a
762 1812 804 1843 te
828 1814 987 1859 petere,
1006 1811 1054 1843 ut
1075 1803 1215 1859 primo
1234 1818 1406 1860 quoque
1427 1806 1497 1848 die

54 1858 282 1902 Luceriam
304 1864 345 1896 74
358 1861 576 1912 advenias,
603 1869 833 1915 antequam
857 1861 1012 1916 copiae,
1044 1875 1148 1915 quas
1176 1861 1365 1902 instituit
1400 1862 1499 1905 Cae-

54 1932 122 1960 sar
143 1918 411 1970 contrahere,
436 1919 478 1959 iu
502 1933 635 1960 unum
654 1918 795 1959 locum
823 1927 988 1959 coactae
1022 1932 1099 1958 nos
1134 1933 1160 1958 a
1187 1918 1312 1959 nobis
1346 1920 1500 1962 distra-

52 1973 175 2016 hant.
198 1976 271 2017 sed
291 1976 325 2017 si
345 1974 484 2028 erunt,
504 1976 577 2031 qui
601 1985 642 2016 te
665 1975 919 2031 impediant,
941 1978 981 2008 75
998 1983 1043 2015 ut
1062 1974 1183 2015 villas
1203 1990 1298 2016 suas
1313 1986 1499 2030 servent,

54 2047 227 2088 aequum
250 2043 316 2074 est
343 2048 412 2074 me
440 2047 466 2073 a
491 2043 534 2074 te
555 2033 800 2089 impetrare,
825 2041 871 2073 ut
892 2032 1107 2083 cohortes,
1130 2047 1228 2087 quae
1252 2047 1306 2074 ex
1333 2034 1496 2076 Piceno

53 2098 98 2130 et
118 2089 349 2131 Camerino
376 2100 599 2143 venerunt,
627 2105 723 2147 quae
747 2090 942 2131 fortunas
973 2104 1069 2131 suas
1093 2090 1370 2146 reliquerunt,
1391 2093 1432 2126 76
1445 2092 1499 2134 ad

51 2161 123 2188 me
143 2148 321 2189 missum
346 2147 493 2189 facias.

1509 895 1540 925 p.
1559 887 1628 916 130,

1508 938 1539 959 a·

93 2263 135 2295 72
156 2263 255 2292 velim
269 2265 349 2292 nost.
362 2272 391 2292 c.
402 2260 562 2302 faciatis]
589 2262 688 2292 velim
701 2271 752 2293 re-

50 2304 143 2344 posui
170 2314 229 2344 pro
252 2306 381 2342 vellem,
404 2309 442 2334 ut
461 2304 584 2334 dudum
609 2304 752 2334 videram

51 2346 282 2386 corrigendum
305 2356 373 2377 esse
395 2356 435 2377 ex
457 2346 637 2377 latinitate.
664 2356 752 2377 nunc

50 2394 86 2418 et
107 2389 153 2419 sic
174 2390 209 2420 in
224 2389 273 2420 ed.
288 2389 386 2420 Rom.
402 2390 518 2429 reperi.
542 2389 593 2420 ed.
609 2389 701 2420 Jens.
718 2393 752 2419 et

50 2429 126 2460 inde
141 2431 215 2462 aliae
227 2437 309 2463 vett.
323 2430 633 2471 vellem—faceretis
643 2442 652 2460 :
667 2432 753 2471 quod

51 2473 161 2513 ipsum
185 2483 314 2513 quoque
343 2474 425 2504 bene
449 2474 567 2504 habet:
592 2473 648 2504 sed
669 2473 752 2504 illud

51 2515 181 2546 melius.
205 2516 336 2546 inscitia
358 2517 551 2547 correctoris
566 2516 702 2556 alicujus
717 2517 751 2546 in

53 2556 126 2588 edd.
157 2559 356 2590 recentiores
389 2558 520 2599 irrepsit
549 2560 688 2596 vellem3
713 2564 753 2589 ut

49 2607 147 2638 saepe.

94 2644 135 2675 73
157 2642 338 2683 conjunctis
357 2652 390 2674 n.
407 2643 517 2683 copiis]
543 2644 596 2674 Sic
611 2642 675 2683 legi
691 2652 751 2683 pro

51 2686 226 2715 contractis
263 2685 415 2725 placebat
449 2685 580 2717 Graevio
611 2696 629 2716 e
668 2685 750 2716 Mss.

52 2725 137 2756 suis:
161 2728 238 2766 quia
261 2728 306 2758 sic
325 2734 360 2758 et
379 2727 430 2758 ed.
444 2728 544 2760 Rom.
563 2729 681 2770 recepi.
697 2728 752 2759 in-

53 2767 103 2798 fra
120 2774 171 2798 est
185 2774 302 2800 coactoe
314 2771 421 2810 copioe.

93 2811 134 2842 74
158 2811 325 2853 advenias]
349 2812 459 2853 Vulgo
483 2813 598 2846 vitiose
621 2813 751 2845 adveni·

796 2271 858 2293 res.
887 2271 964 2293 nam
987 2261 1143 2303 praecedit
1168 2271 1247 2300 rogo
1271 2266 1303 2293 et
1321 2264 1443 2301 hortor,
1463 2269 1497 2296 et

795 2304 942 2343 sequitur
957 2305 1157 2335 distrahant.
1188 2305 1330 2335 Librarii
1345 2306 1431 2338 male
1448 2317 1498 2338 re-

797 2346 948 2378 tulerunt
963 2347 1004 2378 ad
1018 2348 1137 2377 destiti.

838 2392 878 2422 75
901 2394 940 2420 ut
953 2391 1030 2420 illas
1043 2399 1120 2420 suas
1133 2388 1275 2428 servent]
1296 2389 1310 2419 Ι
1315 2390 1496 2430 ntenigunt

795 2433 955 2462 cohortes.-
979 2432 1036 2462 sed
1051 2432 1099 2463 ita
1113 2432 1275 2462 omisisset
1292 2433 1378 2462 illas.
1402 2434 1495 2464 Grae-

795 2475 865 2504 vius
896 2474 978 2504 bene
1008 2474 1144 2513 corrigit
1174 2475 1271 2504 villas
1297 2484 1386 2506 suas,
1416 2485 1495 2512 nam

795 2526 872 2546 mox
895 2517 1043 2556 sequitur
1065 2526 1135 2556 quae
1145 2516 1311 2557 fortunas
1329 2527 1407 2547 sua-⁵·
1419 2519 1498 2549 reli-

794 2563 947 2598 querunt.
972 2559 1014 2590 cf.
1041 2563 1075 2589 et
1101 2569 1152 2599 ep.
1183 2561 1230 2590 13.
1249 2559 1304 2589 ubi
1327 2559 1361 2590 in
1381 2560 1496 2592 eadem

795 2602 962 2632 sententia
983 2602 1072 2640 agri,
1094 2603 1229 2632 villuloe.
1257 2611 1325 2632 non
1347 2602 1494 2634 dubitavi

796 2644 948 2683 recipere.

837 2686 879 2720 76
900 2687 947 2716 acl
967 2695 1019 2716 me
1042 2686 1176 2716 missum
1178 2684 1311 2725 facias]
1337 2687 1400 2717 Pro
1415 2688 1493 2717 mis-

795 2737 898 2759 sas.v.
913 2728 1060 2759 Perizon.
1073 2727 1113 2759 ad
1123 2729 1248 2758 Sanctii
1259 2729 1343 2759 Min.
1355 2739 1386 2769 p.
1402 2730 1492 2760 1125.

795 2771 850 2801 sed
870 2775 920 2801 est
938 2771 1062 2802 durius.
1077 2769 1166 2801 aliud
1180 2770 1368 2813 exemplum
1384 2771 1416 2801 in
1432 2770 1493 2801 hac

795 2812 903 2845 forma
917 2813 1068 2854 nuspiam
1083 2816 1186 2844 extat.
