1940 3231
326 147 404 186 744
756 138 932 177 EPIST.
961 139 1039 177 AD
1066 137 1345 182 ATTICUM,

380 246 496 283 cessit.
552 245 683 293 Itaque
704 257 783 281 cum
810 257 846 280 se
877 245 999 281 Cicero
1018 245 1161 280 Astarae
1188 244 1396 283 abdidisset,
1418 242 1650 290 quotidianas
1665 253 1768 290 paene

381 300 524 334 litteras
541 298 722 339 mittebat,
739 299 893 345 gemitus
914 298 1098 344 luctusque
1117 298 1336 333 continentes
1349 311 1361 331 .·
1383 296 1467 330 item
1482 305 1605 342 preces
1623 299 1767 330 conten-

381 353 596 398 tionemque,
618 354 656 385 ut
677 349 775 385 horti
791 350 860 384 sibi
878 350 922 384 ab
940 350 1066 384 Attico
1085 353 1311 389 curarentur,
1334 348 1369 383 in
1395 344 1770 395 quibusfihaefanum

381 405 533 439 condere
546 406 677 450 posset.
719 402 880 442 Fluxere,
900 402 982 436 dum
999 401 1052 436 lzae
1065 402 1284 442 scribuntur,
1306 411 1436 435 menses
1454 399 1536 446 plus
1551 400 1667 434 vminus
1683 398 1771 433 duo-

383 456 569 502 deviginti.
601 453 697 488 Nam
716 465 757 488 ec
772 453 859 488 Kal.
875 452 962 489 Jan.
981 451 1055 498 ejus
1074 454 1175 495 anni,
1195 465 1265 499 qno
1282 452 1399 487 Coesar
1420 453 1455 486 in
1469 449 1637 498 Africam
1653 454 1771 485 trans-

383 509 494 548 misit,
514 507 562 541 ad
590 506 726 540 a’statis
755 506 900 540 initium
928 506 1015 539 anni
1046 505 1157 545 illins,
1188 516 1257 552 quo
1287 509 1455 551 quartam
1476 503 1716 538 Dictaturam
1734 502 1774 536 in

382 560 567 606 Hispania
597 558 722 603 gessit,
753 561 807 591 tot
828 555 915 604 fere
943 561 1188 592 numerantur.
1243 556 1430 592 AEstatem
1458 567 1570 603 porro
1593 555 1772 602 reliquam

375 611 508 660 fuisse,
527 611 674 657 scriptis
693 609 777 644 libri
807 607 912 655 hujus
929 609 1104 657 epistolis,
1125 619 1166 643 ex
1195 610 1316 655 prima
1340 609 1442 644 tertii
1461 608 1589 644 decimi
1610 605 1775 654 cognosci

388 664 484 698 licet.

302 720 315 754 ¹
771 727 1006 769 CICERO
1038 725 1266 768 ATTICO
1299 726 1343 767 S.

335 785 710 851 UNDECIMO
733 804 801 846 die
825 814 1053 860 postquam
1076 819 1101 844 a
1129 813 1169 844 te
1191 803 1484 854 discesseram,
1506 803 1590 844 hoc
1611 804 1780 845 litteru-

332 865 470 906 larum
491 862 682 913 exaravi,
716 862 939 918 egrediens
973 876 995 901 e
1024 861 1124 902 villa
1146 869 1244 902 ante
1266 860 1432 902 lucem:
1464 868 1593 916 atque
1625 876 1676 902 eo
1709 860 1779 902 die

339 926 350 953 1
379 920 630 976 cogitabam
654 919 696 960 in
721 919 972 976 Anagnino,
996 927 1168 974 postero
1193 927 1335 958 autem
1360 918 1402 958 in
1425 916 1696 970 Tusculano;
1717 918 1779 959 ibi

337 993 471 1019 unum
505 977 636 1018 diem.
671 992 695 1018 v
732 976 915 1017 Kalend.
950 976 1084 1031 igitur
1106 975 1192 1016 Qad
1216 975 1516 1016 constitutum.
1540 984 1669 1030 atque
1696 975 1782 1015 uti-

338 1050 438 1077 nam
472 1034 680 1075 continuo
709 1034 758 1075 ad
784 1033 1060 1090 complexum
1086 1047 1192 1074 meae
1219 1031 1388 1084 Tulliae,
1411 1032 1462 1072 ad
1486 1032 1679 1073 osculum
1701 1031 1784 1072 At-

341 1093 440 1134 ticae
475 1091 635 1148 possim
670 1093 862 1133 currere!
897 1090 1010 1146 quod
1035 1090 1208 1145 quidem
1233 1090 1372 1146 ipsum
1397 1089 1536 1130 scribe
1558 1104 1706 1145 quaeso
1728 1088 1780 1129 ad

340 1165 436 1202 me;
468 1159 530 1201 ut,
563 1149 665 1190 dum
703 1149 893 1190 consisto
928 1148 970 1188 in
1001 1147 1260 1198 Tusculano,
1289 1147 1436 1198 sciam,
1459 1147 1562 1202 quid
1596 1146 1781 1203 garriat:

341 1211 360 1238 3
386 1207 448 1247 sin
474 1206 720 1257 rusticatur,
743 1206 844 1261 quid
866 1205 1027 1246 scribat
1049 1205 1101 1246 ad
1125 1215 1190 1247 te:
1218 1206 1342 1260 eique
1365 1205 1529 1245 interea
1550 1214 1624 1245 aut
1645 1204 1785 1244 scribe

344 1264 540 1314 salutem,
565 1273 638 1304 aut
662 1264 828 1315 nuntia,
851 1263 1041 1317 itemque
1065 1262 1205 1303 Piliae.
1227 1273 1271 1303 et
1293 1272 1452 1312 tamen,
1472 1262 1551 1302 etsi
1575 1261 1783 1302 continuo

343 1321 615 1376 congressuri
651 1336 811 1372 sumus,
844 1321 1003 1361 scribes
1037 1320 1089 1360 ad
1123 1333 1206 1370 me,
1229 1321 1263 1360 si
1298 1319 1400 1374 quid
1424 1319 1618 1360 habebis.
1672 1318 1786 1359 Cum

344 1378 650 1434 complicarem
689 1378 801 1419 hanc
834 1376 1076 1433 epistolam,
1115 1376 1446 1417 noctuabundus
1481 1376 1532 1417 ad
1562 1390 1630 1416 me
1669 1375 1788 1416 venit.

345 1451 443 1476 cum
468 1434 651 1491 epistola
674 1445 746 1476 tua
769 1434 1013 1476 tabellarius
1032 1451 1041 1476 z
1073 1449 1158 1489 qua
1180 1433 1304 1484 lecta,
1324 1433 1376 1474 de
1392 1433 1553 1475 Atticae
1577 1431 1788 1474 febricula

345 1493 510 1534 scilicet
531 1492 652 1533 valde
669 1493 802 1534 dolui.
827 1492 1003 1546 reliqua,
1020 1506 1116 1546 quae
1140 1491 1463 1547 exspectabam,
1485 1506 1539 1532 ex
1565 1491 1649 1531 tuis
1671 1490 1787 1530 litte-

346 1551 418 1601 ris,
455 1550 642 1606 cognovi
676 1550 836 1591 omnia.
871 1550 943 1589 sed
974 1549 1123 1603 4quod
1160 1549 1325 1599 scribis,
1358 1547 1588 1603 igniculum
1619 1546 1792 1588 matuti-

219 1627 250 1657 p.
271 1615 471 1656 186.nnm,·
502 1609 757 1662 γεξοντικώτεξον
779 1616 843 1647 est
864 1606 1116 1646 memoriola
1139 1606 1350 1646 vacillare.
1373 1620 1455 1661 ego
1477 1606 1590 1645 enim
1616 1619 1664 1646 lv
1692 1603 1790 1645 Kal.

306 1670 336 1690 ἢ·
351 1665 469 1706 Axio
492 1664 707 1713 dederam,
741 1664 820 1704 tibi
846 1678 923 1713 111,
947 1663 1130 1713 Quinto,
1153 1678 1239 1717 quo
1261 1663 1329 1704 die
1359 1663 1586 1712 venissem,
1610 1665 1628 1693 5
1648 1661 1690 1702 id
1712 1669 1792 1712 est,

351 1738 376 1764 v
402 1721 499 1763 Kal.
523 1721 607 1761 hoc
642 1721 775 1776 igitur
798 1721 993 1771 habebis,
1026 1721 1127 1761 novi
1153 1720 1274 1761 nihil.
1299 1720 1402 1775 quid
1425 1734 1529 1775 ergo
1560 1734 1667 1775 opus
1699 1727 1791 1758 erat

350 1778 560 1836 epistola?
592 1779 711 1833 quid,
733 1793 831 1819 cum
855 1793 998 1819 coram
1024 1792 1183 1828 sumus,
1214 1787 1257 1818 et
1285 1777 1493 1832 garrimus
1516 1775 1724 1831 quidquid
1749 1775 1793 1815 in

350 1838 564 1878 buccam?
594 1844 660 1875 est
689 1835 885 1890 profecto
915 1835 1120 1890 quiddam
1156 1834 1272 1886 λέσχη,
1309 1849 1406 1889 quae
1440 1834 1587 1886 habet,
1621 1831 1790 1875 etiamsi

352 1894 460 1936 nihil
479 1894 640 1944 subest,
663 1893 953 1934 collocutione
976 1892 1070 1948 ipsa
1092 1891 1363 1933 suavitatem.

398 2009 410 2037 1
436 2008 622 2045 cogitabam
643 2006 679 2036 in
694 2007 872 2045 Anagnino
893 2006 966 2046 δια]
999 2005 1048 2036 Ex
1091 2004 1220 2045 Nempe
1234 2004 1384 2035 Atticum
1399 2004 1513 2034 Cicero
1527 2007 1713 2044 pupugerat
1725 2004 1794 2045 epi-

352 2054 462 2080 cetera
485 2049 652 2080 Ciceronis
675 2049 912 2079 consuetudine
935 2048 968 2077 in
989 2049 1050 2078 hac

353 2094 460 2122 forma
475 2091 612 2122 debebat
628 2100 695 2120 esse
705 2090 1052 2130 Anagninum—Tus-

353 2136 524 2164 culanum.
560 2134 672 2164 Potest
690 2139 803 2163 tamen
817 2133 960 2171 intelligi
977 2143 1051 2163 esse.

354 2185 388 2207 et
403 2184 453 2207 est
467 2186 571 2206 unum
593 2180 627 2205 et
650 2176 792 2205 alterum
809 2175 994 2215 exemplum
1011 2175 1054 2205 si-

355 2219 434 2249 mile
463 2223 630 2248 notatum.
653 2223 691 2247 ut
711 2229 750 2248 ex
776 2218 868 2255 xlv,
886 2221 916 2248 2.
934 2219 1057 2256 cogita-

357 2261 432 2291 bam
446 2260 587 2297 Astzzroe,
604 2270 662 2299 pro
678 2261 848 2290 Asturam.

399 2306 418 2333 2
441 2303 487 2332 ad
507 2302 733 2341 constitutum]
761 2303 781 2332 i.
804 2302 924 2332 locum.
945 2303 979 2332 in
996 2300 1056 2331 vil-

355 2345 421 2376 lam
439 2355 524 2382 eam,
539 2346 571 2374 in
589 2355 654 2384 qua
668 2345 788 2375 morari
804 2345 1056 2376 destinaveram.

356 2398 386 2418 v.
403 2387 495 2419 Clav.
766 2412 769 2416 .

397 2432 415 2460 3
438 2431 487 2459 sin
511 2429 706 2465 rusticatur,
722 2429 802 2468 quid
819 2428 955 2468 scribat]
983 2429 1055 2459 Hu-

350 2472 406 2511 jus
427 2471 491 2502 loci
517 2472 615 2501 lectio
637 2478 687 2501 est
708 2482 724 2501 e
751 2472 833 2501 libro
849 2472 1057 2507 Germanico,
1076 2490 1079 2491 ν

354 2515 446 2552 cujus
462 2514 560 2544 lectio
578 2520 695 2544 notata
708 2514 771 2543 fuit
788 2514 821 2543 in
841 2514 989 2553 margine
1003 2513 1053 2544 ed.

355 2557 448 2587 Crat.
474 2561 605 2596 recepta
630 2566 647 2585 a
675 2557 834 2586 victorio.
864 2557 954 2595 (nam
977 2562 1054 2586 ante

354 2602 426 2629 erat
452 2599 530 2638 quid
550 2599 687 2634 garriat
711 2600 745 2627 in
774 2599 964 2635 rusticam.)
995 2599 1056 2628 nisi

356 2640 443 2678 quod
467 2640 523 2670 ille
551 2640 632 2669 liber
657 2640 772 2670 habuit
794 2641 844 2669 sin
866 2641 1055 2671 rusticetar.

358 2682 409 2712 Ex
435 2692 473 2712 eo
499 2682 580 2712 libro
608 2682 668 2711 feci
693 2688 726 2712 et
749 2683 850 2711 scribe
865 2688 898 2711 et
914 2684 1057 2713 nuncia.-

358 2724 445 2763 quod
460 2725 541 2754 mihi
557 2729 592 2754 et
606 2730 683 2754 ante
698 2726 732 2754 in
749 2729 893 2754 mentem
910 2732 1056 2756 venerat.

358 2777 434 2797 cuni
451 2767 549 2806 vulgo
565 2766 607 2796 sit
622 2767 748 2801 scribes,
762 2767 943 2797 nunciabis.

400 2812 419 2839 4
442 2819 471 2848 q.
487 2820 550 2839 scr.
578 2810 765 2846 igniculum
789 2809 1004 2848 matutinum]
1031 2809 1059 2839 E

358 2857 515 2889 sequente
544 2851 641 2881 verbo
678 2852 740 2882 int.
783 2851 943 2893 ’γεροντικὴ
970 2861 1058 2882 esse:

360 2893 448 2931 quod
470 2902 505 2926 et
526 2893 706 2925 Lambinus
721 2894 756 2925 in
769 2898 866 2926 textu
881 2893 1062 2927 addidit.—

1093 2047 1190 2083 stola,
1203 2047 1290 2085 quod
1306 2048 1365 2077 sibi
1380 2056 1446 2076 non
1462 2046 1572 2085 ignem
1587 2048 1793 2078 matutinum

1094 2090 1299 2129 praebuisset:
1311 2090 1439 2119 Atticus
1449 2087 1673 2128 responderat,
1684 2090 1795 2130 ignem

1097 2132 1198 2162 talem
1221 2131 1352 2162 senibus
1375 2131 1473 2162 modo
1489 2140 1557 2161 esse
1571 2130 1631 2161 tali
1646 2137 1796 2172 tempore

1098 2180 1226 2214 aptum.
1260 2174 1447 2213 Respondet
1474 2173 1601 2210 Cicero,
1617 2174 1718 2204 etiam
1746 2186 1797 2214 γε·

1099 2216 1296 2259 ςηντικώτεμν
1311 2225 1379 2246 esse
1396 2215 1555 2246 memoria
1569 2216 1739 2246 vacillare:
1764 2221 1797 2247 et

1099 2262 1175 2299 quia
1198 2259 1253 2289 ille
1273 2258 1417 2299 jocando
1438 2258 1574 2294 dixerat,
1598 2257 1712 2288 Cicero
1735 2257 1798 2288 hoc

1100 2303 1200 2332 etiam
1225 2312 1283 2342 per
1300 2302 1414 2340 jocum
1441 2299 1588 2340 reponit:
1611 2301 1668 2330 hoc
1691 2300 1802 2339 igitur

1101 2345 1240 2375 habebis.
1268 2343 1394 2384 Lapsus
1409 2342 1576 2373 memoriae
1591 2342 1654 2372 fuit
1668 2342 1701 2372 in
1720 2343 1801 2373 rati·

1101 2397 1163 2418 one
1180 2387 1318 2416 dierum.

1143 2432 1161 2460 5
1185 2429 1220 2459 z'd
1233 2433 1291 2464 est,
1307 2438 1324 2456 v
1339 2426 1436 2467 Kal]
1457 2427 1508 2457 Sic
1522 2425 1596 2456 edd.
1613 2435 1661 2466 pr.
1675 2435 1801 2458 omnes.

1101 2475 1135 2501 et
1147 2471 1236 2502 hunc
1251 2480 1426 2501 numerum
1442 2478 1510 2499 esse
1523 2468 1652 2506 debere,
1668 2478 1717 2498 res
1730 2468 1801 2509 ipsa

1097 2514 1205 2550 docet,
1231 2518 1265 2544 et
1290 2513 1417 2543 dixerat
1440 2516 1529 2546 ante,
1551 2519 1584 2541 se
1608 2521 1636 2541 v.
1653 2510 1729 2541 Kal.
1747 2522 1801 2542 ve-

1099 2557 1183 2586 nisse
1197 2556 1231 2585 in
1246 2555 1371 2591 villam,
1382 2555 1415 2584 in
1429 2563 1526 2593 quam
1541 2552 1700 2584 voluerat.
1724 2553 1799 2584 Ma-

1101 2599 1213 2629 nutius
1228 2598 1370 2636 conjecit
1383 2597 1405 2626 i.
1420 2606 1447 2626 e.
1465 2604 1502 2625 ιι.
1517 2594 1597 2625 Καί.
1612 2600 1729 2635 captus
1744 2596 1804 2626 ob-

1098 2641 1295 2676 servatione,
1308 2639 1420 2679 pridie
1431 2637 1511 2668 Kal.
1526 2638 1571 2667 sic
1584 2637 1751 2668 interdum
1767 2638 1802 2668 in

1100 2682 1190 2713 libris
1214 2692 1276 2712 scr.
1301 2680 1452 2720 exprimi,
1468 2679 1500 2710 id
1523 2685 1599 2719 post
1619 2681 1653 2711 in
1668 2684 1800 2711 textum

1100 2730 1224 2755 temere
1252 2729 1420 2763 receptum
1445 2728 1507 2753 est.
1544 2723 1622 2753 Dies
1640 2722 1802 2753 adventus

1102 2768 1136 2797 in
1168 2766 1289 2801 villam,
1318 2765 1404 2795 unde
1433 2765 1544 2795 literas
1574 2765 1673 2800 misit,
1703 2764 1802 2795 debet

1102 2815 1190 2839 certe
1216 2809 1305 2849 prior
1326 2817 1394 2838 esse
1416 2806 1539 2843 diebus,
1560 2807 1675 2847 quibus
1690 2806 1802 2836 literas

1103 2852 1211 2882 misit:
1235 2860 1313 2891 ergo
1340 2854 1419 2883 ante
1449 2858 1498 2882 ιν.
1527 2850 1605 2882 Kal.
1632 2850 1659 2880 is
1686 2852 1799 2881 autem

1102 2894 1168 2926 erit
1181 2904 1212 2926 v.
1227 2893 1306 2927 Kal.

1929 2599 1930 2603 „
1919 2471 1931 2578 mma-:12³
1923 2403 1931 2462 osam
1928 2386 1931 2391 ,
1926 2343 1927 2347 Α
