1940 3231
307 153 387 191 '750
732 145 911 184 EPIST.
938 144 1016 183 AD
1043 141 1331 186 ATTICUM‚

310 251 467 293 biliora
490 250 576 292 fieri
612 264 736 307 posse
758 249 872 302 villa,
894 249 1032 300 litore,
1055 256 1285 305 prospectu
1315 246 1457 298 maris,
1480 253 1571 287 tum
1592 246 1659 287 his
1681 261 1746 289 re·

310 310 393 350 bus
416 309 632 350 omnibus.
656 307 728 348 sed
749 321 888 362 neque
909 307 1004 347 haec
1026 306 1158 362 digna
1179 304 1447 361 longioribus
1469 303 1644 356 litteris3
1667 318 1746 346 nec

312 375 418 419 erat,
441 366 556 422 quod
579 365 834 414 scriberem3
867 372 910 404 et
931 377 1106 404 somnus
1130 363 1325 419 urgebat.

745 467 980 510 CICERO
1011 466 1238 511 ATTICO
1270 469 1315 510 S.
1363 459 1365 462 Α

311 527 548 580 4¹MALE
579 536 822 578 mehercule
853 536 905 577 de
927 535 1205 576 Athamante.
1229 546 1326 577 tuus
1357 545 1500 577 autem
1527 534 1649 576 dolor
1670 534 1750 575 hu·

312 611 464 637 manus
492 596 529 650 is
550 594 740 649 quidem,
763 594 835 635 sed
867 607 1130 649 magnopere
1162 593 1460 634 moderandus.
1491 591 1751 634 consolatio-

312 668 416 695 num
440 662 583 693 autem
613 651 761 692 multae
786 651 882 702 viae,
905 651 977 691 sed
1009 651 1080 691 illa
1110 650 1361 690 rectissima.
1393 652 1595 705 impetret
1627 649 1751 701 ratio,

313 709 430 765 quod
461 709 551 749 dies
583 709 865 765 impetratura.
895 716 974 748 est.
1034 707 1210 748 Alexim
1233 721 1332 747 vero
1363 722 1574 758 curemus,
1598 707 1753 762 imagi-

314 781 412 808 nem
445 766 640 817 Tironis3
674 781 801 821 quem
834 779 997 821 aegrum
1032 765 1217 805 Romam
1251 764 1419 805 remisi:
1451 773 1508 816 et,
1538 768 1578 795 42
1593 765 1625 805 si
1649 764 1753 819 quid

314 824 448 865 habet
480 823 601 864 collis
637 825 812 875 ἐπιδήμιον,
846 823 899 863 ad
935 836 1005 862 me
1037 837 1133 863 cum
1169 820 1401 862 Tisameno
1436 821 1753 862 transferamus,

316 890 409 922 tota
439 881 593 921 domus
625 879 818 936 superior
840 889 980 932 vacat,
1003 889 1051 920 ut
1082 879 1179 921 scis.
1211 879 1295 920 hoc
1319 891 1424 935 puto
1448 878 1568 920 valde
1590 878 1643 918 ad
1665 893 1754 920 rem

316 948 544 994 pertinere.

258 1023 300 1057 ll

249 480 301 516 10

749 1009 985 1051 CICERO
1017 1008 1245 1053 ATTICO
1278 1009 1322 1051 S.

321 1068 511 1121 MALE
541 1079 594 1120 de
630 1077 743 1119 Seio.
777 1078 848 1118 sed
882 1078 1028 1119 omnia
1057 1077 1246 1119 humana
1277 1077 1515 1118 tolerabilia
1546 1076 1756 1119 ducenda.

318 1137 400 1193 ipsi
423 1138 537 1177 enim
561 1136 665 1191 quid
688 1139 860 1177 sumus?
893 1146 968 1176 aut
988 1149 1117 1191 quam
1149 1136 1221 1176 diu
1255 1135 1348 1176 haec
1372 1135 1558 1176 curaturi
1583 1137 1754 1178 sumus?

316 1210 367 1235 ea
409 1195 644 1243 videamus,
682 1208 779 1247 quae
822 1193 874 1233 ad
918 1207 994 1234 nos
1036 1193 1174 1248 magis
1216 1193 1447 1249 pertinent,
1490 1206 1570 1233 nec
1612 1201 1756 1232 tamen

318 1251 479 1293 multo:
512 1254 551 1283 43
564 1250 666 1305 quid
693 1264 871 1305 agamus
904 1251 955 1291 de
987 1259 1151 1291 senatu.
1215 1250 1285 1301 Et,
1308 1261 1356 1291 ut
1378 1265 1430 1290 ne
1452 1250 1555 1304 quid
1579 1260 1756 1304 praeter-

318 1309 505 1359 mittam,
538 1307 763 1348 Caesonius
797 1307 849 1347 ad
882 1322 950 1348 me
985 1306 1147 1348 litteras
1183 1308 1314 1358 misit,
1347 1307 1615 1348 Postumiam
1658 1306 1755 1347 Sul-

187 1366 423 1422 p.189·picii
455 1366 680 1406 4⁴d0mum
716 1364 769 1405 ad
803 1379 846 1404 se
881 1365 1059 1405 venisse.
1122 1364 1190 1406 De
1225 1364 1423 1420 Pompeii
1459 1363 1616 1420 Magni
1652 1363 1760 1420 filia,

273 1427 304 1447 a.
322 1424 401 1464 tibi
434 1422 645 1477 rescripsi,
669 1421 775 1462 nihil
806 1435 874 1462 me
905 1422 988 1463 hoc
1011 1431 1204 1478 tempore
1225 1423 1432 1477 cogitare.
1454 1422 1630 1463 alteram
1654 1418 1768 1462 vero*

319 1481 450 1531 illam,
473 1494 602 1535 quam
634 1490 679 1519 tu
711 1478 877 1531 scribis,
900 1489 1005 1536 puto
1037 1480 1167 1521 nosti.
1188 1483 1228 1511 45
1240 1479 1348 1521 nihil
1370 1479 1456 1521 vidi
1480 1478 1656 1520 foedius.
1681 1478 1756 1519 sed

319 1538 483 1579 adsum.
507 1551 652 1578 coram
677 1537 824 1593 igitur.

377 1595 622 1649 Obsignata
650 1593 848 1649 epistola,
869 1593 1017 1649 accepi
1050 1600 1159 1634 tuas.
1219 1592 1381 1636 Atticae
1413 1593 1674 1635 hilaritatem
1703 1591 1754 1633 li-

318 1654 468 1694 benter
490 1651 644 1693 audio:
676 1651 1054 1692 commotiuncuiis
1076 1654 1287 1705 συμπάσχω.

757 1755 991 1797 CICERO
1021 1754 1250 1798 ATTICO
1283 1757 1327 1798 S.

319 1813 471 1866 ‘fflDE
499 1825 613 1877 dote,
637 1833 758 1865 tanto
788 1823 928 1879 magis
960 1837 1189 1880 perpurga.
1249 1826 1288 1857 47
1301 1823 1427 1864 Balbi
1459 1823 1578 1880 regia
1607 1823 1758 1865 condi-

318 1883 380 1924 tio
402 1894 466 1923 est
488 1882 728 1939 delegandi.
751 1896 925 1937 quoquo
948 1882 1077 1922 modo
1099 1881 1280 1923 confice.
1304 1891 1429 1937 turpe
1453 1892 1532 1933 est,
1555 1895 1643 1922 rem
1675 1881 1756 1921 im-

259 1770 309 1806 12

319 2044 492 2075 Francicus
507 2046 552 2075 sic
567 2056 573 2073 ε
599 2044 687 2084 quod
701 2043 864 2084 reliquum
887 2048 949 2081 est,
965 2043 1016 2074 ni-

318 2087 365 2117 hil
383 2092 491 2127 potest
507 2087 679 2117 amabilius
696 2096 764 2117 esse
777 2086 856 2117 villa
871 2096 944 2116 mea
959 2087 1016 2116 &a

319 2129 375 2160 sed
391 2130 424 2160 id
440 2139 506 2159 non
522 2135 572 2159 est
585 2130 618 2160 in
634 2130 758 2160 verbis:
782 2137 922 2168 quorum
945 2137 1018 2158 sen-

320 2181 374 2201 sus
397 2181 464 2202 esse
487 2171 633 2207 deberet,
648 2172 675 2202 si
693 2172 770 2202 fana
792 2175 923 2201 essent:
947 2170 1018 2200 Nee

321 2218 442 2251 cetera,
466 2220 586 2254 praeter
607 2214 700 2245 illam
725 2213 850 2244 scilicet
877 2212 1019 2253 Philippi

319 2255 568 2295 loquacitatem,
585 2266 657 2294 quae
673 2266 760 2287 nunc
775 2260 865 2292 sunt,
882 2262 1020 2295 possunt

321 2298 512 2329 amabiliora
534 2298 605 2328 fieri
629 2309 686 2339 per
708 2298 807 2335 villae,
830 2298 935 2328 litoris
959 2298 1018 2328 &c.

321 2341 560 2370 amoenitatem.
575 2341 628 2371 sed
652 2342 683 2372 id
698 2350 764 2371 non
781 2340 946 2370 consentit
961 2349 1018 2370 an-

322 2383 548 2413 tecedentibus
564 2382 602 2412 de
616 2383 673 2414 illa
688 2393 746 2414 sna
760 2383 948 2412 solitudine.

364 2428 401 2454 41
429 2425 520 2455 Male
549 2425 587 2455 de
617 2425 710 2465 Am]
743 2435 787 2455 se.
818 2430 928 2455 actum
957 2429 1019 2460 est,

322 2476 399 2496 cnm
415 2473 464 2497 est
482 2473 644 2498 mortuus.
660 2469 705 2498 sie
728 2469 763 2498 in
785 2478 836 2508 ep.
853 2477 918 2507 seq.
935 2468 1022 2497 male

322 2509 362 2538 de
377 2508 449 2539 Seio
464 2509 577 2541 codem
594 2519 701 2540 sensu.

363 2553 405 2581 42
427 2552 454 2581 si
470 2552 549 2591 quid
562 2553 656 2582 habet
670 2553 758 2583 collis
772 2550 928 2592 ἐπιδήμιον]
955 2553 1018 2582 col-

321 2592 362 2622 lis
384 2594 447 2623 int.
470 2593 663 2633 Quirinalis,
687 2595 721 2624 in
746 2606 810 2634 quo
836 2595 938 2625 Attici
963 2594 1020 2625 do-

321 2643 406 2666 mus.
423 2637 511 2666 collis
525 2645 557 2665 se
571 2646 588 2666 e
605 2636 695 2666 libris
712 2639 890 2668 restituisse
906 2638 954 2668 ait
965 2637 1022 2667 Vi.

323 2677 459 2715 etorius,
476 2688 551 2707 cum
576 2678 608 2708 in
632 2678 703 2708 edd.
727 2679 770 2709 sit
793 2680 889 2710 tollis.
911 2679 966 2710 sed
989 2679 1022 2710 id

323 2725 395 2749 erat
403 2721 476 2759 jam
492 2720 524 2750 in
541 2720 637 2751 Rom.
655 2721 740 2751 tollis
754 2732 774 2751 a
792 2722 937 2753 ,Jensouo
961 2722 1021 2752 flu-

323 2761 382 2796 xit,
399 2772 521 2799 errore,
536 2767 575 2793 ut
588 2767 682 2802 put0,
699 2772 885 2803 operarum.

364 2806 405 2834 43
428 2805 507 2844 quid
520 2814 663 2844 agamus
675 2805 714 2835 de
728 2806 860 2846 senatu]
886 2805 925 2836 In
946 2816 1022 2836 eum

322 2846 520 2908 venientium
546 2848 590 2879 sit
617 2852 651 2878 et
679 2850 846 2881 sententia
873 2847 1021 2887 dicenda,

323 2895 383 2922 nec
399 2897 438 2919 ne
449 2912 456 2919 .

1101 2046 1143 2075 44
1164 2044 1297 2075 domum
1316 2045 1364 2075 ad
1382 2055 1415 2075 se
1435 2044 1569 2084 venisse]
1594 2053 1640 2075 sc.
1659 2048 1696 2074 ut
1718 2044 1759 2075 de

1059 2096 1159 2116 uxore
1176 2097 1194 2117 a
1210 2097 1262 2117 me
1280 2087 1427 2118 ducenda
1449 2098 1524 2117 cum
1547 2097 1586 2117 eo
1609 2088 1757 2127 loquere-

1060 2134 1137 2159 tur:
1163 2139 1239 2160 nam
1267 2130 1436 2160 dimiserat
1456 2130 1649 2160 Terentiam
1671 2134 1758 2160 tum.

1060 2181 1099 2243 (ὦ)
1116 2174 1260 2211 pertinet
1276 2173 1376 2204 etiam
1392 2173 1534 2203 alterum
1549 2172 1588 2202 de
1611 2171 1759 2212 Pompeii

1100 2224 1142 2244 ia.

1104 2259 1144 2287 45
1173 2257 1259 2287 nihil
1285 2257 1372 2287 enim
1401 2256 1468 2286 vidi
1487 2255 1628 2295 soedz'us]
1666 2256 1759 2286 Bene

1063 2298 1210 2329 Graevius
1233 2299 1352 2330 delevit
1375 2300 1462 2329 enim
1483 2309 1502 2328 e
1519 2299 1598 2329 Mss.
1614 2298 1692 2328 suis.
1706 2302 1758 2328 et-

1063 2341 1128 2371 iam
1152 2341 1193 2371 ab
1215 2341 1266 2371 ed.
1289 2342 1386 2372 Rom.
1409 2341 1514 2372 abest.
1536 2340 1665 2372 induxit
1689 2341 1756 2381 pri-

1062 2392 1134 2413 mus
1149 2383 1325 2414 Jensonus.

1103 2427 1145 2456 46
1167 2425 1222 2457 De
1236 2426 1320 2465 dote]
1346 2425 1397 2456 De
1414 2425 1520 2465 prima
1534 2425 1688 2465 pensione
1703 2424 1761 2455 do·
1816 2426 1825 2434 ³

1062 2467 1106 2499 tis
1122 2478 1141 2498 a
1155 2467 1331 2499 Dolabella
1346 2468 1515 2508 exigenda.
1529 2477 1580 2507 ep.
1598 2469 1628 2498 8.

1105 2512 1145 2544 47
1170 2509 1272 2542 Balbi
1285 2511 1380 2549 ‘regia
1397 2520 1461 2541 cue.
1474 2508 1661 2548 delegandi]
1681 2507 1759 2539 Bal-

1061 2552 1122 2582 bus
1137 2553 1266 2583 volebat
1282 2562 1340 2592 pro
1359 2551 1533 2583 Dolabella
1553 2551 1679 2582 solvere
1702 2561 1760 2590 per

1062 2594 1315 2633 delegationem,
1331 2603 1398 2624 non
1413 2605 1453 2624 ex
1473 2603 1560 2625 arca.
1584 2603 1656 2624 eam
1679 2602 1758 2623 con-

1062 2636 1221 2667 ditionem
1246 2636 1359 2666 Cicero
1383 2637 1519 2675 regiam,
1541 2637 1563 2666 i.
1579 2646 1608 2666 e.
1632 2636 1760 2666 lautam

1063 2683 1172 2716 vocat,
1194 2683 1229 2709 et
1250 2678 1471 2718 accipiendam
1502 2680 1535 2709 in
1565 2678 1760 2709 difficultate

1065 2721 1213 2762 pecuniae
1236 2731 1255 2750 a
1270 2720 1444 2752 Dolabella
1463 2721 1679 2761 accipiendae:
1704 2719 1762 2750 alii

1065 2764 1188 2794 duram
1210 2762 1416 2802 intelligunt,
1432 2764 1510 2802 quia
1531 2763 1666 2800 Balbus,
1689 2763 1762 2793 Cae-

1065 2807 1129 2836 sari
1159 2805 1375 2844 gratissimus,
1401 2815 1467 2836 non
1496 2810 1605 2846 posset
1625 2805 1698 2844 cogi
1720 2803 1762 2835 ad

1065 2847 1258 2878 solvendum
1274 2860 1281 2877 z
1305 2847 1355 2878 vel
1372 2849 1448 2887 quia
1462 2848 1553 2887 quasi
1576 2856 1635 2888 pro
1657 2847 1761 2887 impes

1068 2891 1116 2922 rio
1130 2890 1232 2929 dicat,
1248 2889 1411 2930 quomodo
1427 2890 1551 2922 solvere
1564 2889 1655 2922 velit.
