1940 3231
691 148 899 187 LIBER
934 146 1029 185 XII·
1503 152 1578 191 761

134 254 218 300 eile
241 256 405 298 ferebat
428 255 542 305 Sica,
564 269 647 311 ego
669 253 807 308 magis
831 251 950 293 illum
982 249 1194 291 desidero.
1226 260 1435 306 praeterea
1466 254 1582 295 nosti

136 315 280 357 Niciae
312 314 447 355 nostri
479 310 837 360 imbecillitatem,
862 307 1103 359 mollitiam,
1127 310 1489 351 consuetudinem
1518 312 1583 352 vi-

136 384 247 414 ctuS.
278 386 355 413 cur
385 386 468 427 ego
499 369 558 410 illi
590 367 795 409 molestus
818 366 963 418 velim,
995 379 1094 408 cum
1125 364 1234 406 mihi
1265 364 1335 406 ille
1360 367 1583 420 jucundus

136 445 229 471 esse
276 444 371 470 non·
412 427 573 484 possit?
624 424 821 467 voluntas
866 433 1011 465 tamen
1053 423 1145 479 ejus
1187 421 1296 463 mihi
1339 432 1463 479 grata
1503 436 1584 467 est.

135 491 177 522 98
192 487 330 529 Unam
359 500 447 527 rem
477 484 530 524 ad
562 497 630 524 me
662 482 888 539 scripsisti,
910 482 963 523 de
985 496 1070 537 qua
1091 481 1262 522 decrevi
1286 480 1394 522 nihil
1418 481 1496 521 tibi
1522 496 1587 522 re-

137 545 339 585 scribere.
357 556 481 599 spero
503 541 619 582 enim
643 555 711 581 me
733 556 758 581 a
777 549 817 581 te
840 540 1107 596 impetrasse,
1128 548 1175 580 ut
1198 538 1388 595 privares
1411 552 1480 580 me
1503 538 1588 580 ista

135 601 348 643 molestia.
412 598 536 640 Piliae
558 608 602 639 et
623 598 786 639 Atticae
810 597 1006 639 salutem.

575 682 811 725 CICERO
842 681 1075 724 ATTICO
1108 681 1153 723 S.
1599 690 1653 731 27

140 741 240 793 DE
271 751 440 793 Siliano
467 752 663 808 negotio,
685 751 765 792 etsi
787 751 895 792 mihi
919 765 1004 792 non
1029 758 1094 791 est
1116 749 1267 806 ignota
1289 749 1499 801 conditio,
1521 758 1632 803 ἵει-ρ,
1653 768 1721 799 195.

137 824 236 850 men
259 809 390 851 hodie
412 824 481 850 me
511 824 566 851 ex
599 809 700 850 Sica
729 809 915 850 arbitror
946 808 1093 849 omnia
1123 808 1417 864 cogniturum.
1479 807 1630 849 Cot-a·

138 875 211 918 tae‚
233 868 351 922 quod
383 882 515 923 negas
548 880 590 908 te
622 881 761 916 nosse,
797 866 906 907 ultra
936 865 1144 906 Silianam
1178 865 1320 907 villam
1353 876 1417 906 est
1439 871 1590 921 (quam

138 935 247 980 puto
280 925 359 966 tibi
391 935 538 966 notam
571 926 681 975 esse)
707 923 852 965 villula
882 923 1069 974 sordida,
1091 934 1135 964 et
1157 924 1279 965 valde
1311 923 1493 979 pusilla3
1526 925 1592 964 ni-

136 981 200 1023 hil
232 983 350 1038 agri3
382 983 486 1024 99ad
517 982 643 1023 aliam
684 996 774 1022 rem
807 981 890 1022 loci
925 981 1048 1032 nihil,
1089 981 1190 1022 satis
1228 981 1280 1022 ad
1320 995 1428 1031 eam,
1463 996 1594 1036 quam

138 1054 305 1095 quaero.
332 1043 559 1096 1005equor
590 1039 902 1081 celebritatem.
936 1039 1025 1090 sed,
1049 1038 1081 1079 si
1116 1038 1339 1095 perficitur
1370 1039 1423 1080 de
1454 1038 1595 1080 hortis

141 1098 254 1148 Silii,
278 1098 362 1139 hoc
385 1107 464 1148 est,
487 1097 521 1138 si
546 1097 745 1154 perficis3
777 1101 861 1149 (est
892 1096 1008 1137 enim
1041 1103 1180 1137 totum
1216 1096 1406 1152 positum
1438 1096 1480 1137 in
1507 1106 1548 1138 te
1563 1099 1594 1148 3)

141 1155 251 1196 nihil
276 1164 341 1196 est
363 1155 542 1205 scilicet,
565 1155 681 1209 quod
704 1154 757 1195 de
781 1154 916 1195 Cotta
941 1153 1201 1209 cogitemus.
1266 1153 1333 1194 De
1366 1153 1596 1206 Cicerone,

142 1222 191 1254 ut
215 1213 382 1264 scribis,
404 1213 463 1253 ita
488 1212 673 1253 faciam:
705 1212 786 1267 ipsi
821 1211 1070 1267 permittam
1101 1211 1154 1251 de
1186 1220 1401 1268 tempore:
1441 1227 1596 1253 numo-

142 1285 238 1311 rum
275 1279 486 1325 quantum
520 1284 628 1326 opus
663 1269 758 1321 erit,
795 1279 844 1310 ut
880 1277 1162 1325 permutetur,
1197 1278 1244 1309 tu
1282 1269 1464 1310 videbis.
1526 1269 1597 1312 Ex

141 1327 320 1379 Atedio,
355 1328 471 1384 quod
506 1328 674 1378 scribis,
711 1328 745 1368 si
781 1327 886 1382 quid.
919 1326 1149 1378 inveneris,
1184 1327 1361 1368 scribes.
1422 1325 1481 1368 Et
1512 1342 1601 1384 ego

143 1400 198 1426 ex
232 1385 318 1426 tuis
349 1385 650 1427 animadverto
681 1384 851 1436 litteris,
874 1393 917 1426 et
950 1384 1146 1441 profecto
1179 1393 1225 1425 tu
1256 1399 1312 1425 ex
1344 1385 1466 1436 meis,
1488 1385 1601 1427 nihil

146 1442 306 1484 habere
345 1459 438 1496 nos,
478 1443 595 1498 quod
635 1443 898 1484 scribamus:
932 1442 1083 1484 eadem
1123 1442 1334 1498 quotidie,
1371 1457 1469 1498 quae
1501 1443 1600 1498 jam

138 1500 323 1556 jamque
347 1501 439 1558 ipsa
461 1501 650 1542 contrita
671 1510 795 1542 sunt:
830 1509 973 1541 tamen
996 1499 1138 1541 faeere
1169 1515 1255 1540 non
1278 1515 1470 1555 possum,
1492 1501 1600 1556 quin

145 1558 344 1614 quotidie
365 1559 418 1600 ad
442 1569 484 1599 te
505 1559 694 1607 mittam,
719 1568 765 1599 ut
788 1567 882 1599 tuas
905 1557 1134 1614 accipiam.
1182 1557 1250 1598 De
1274 1558 1412 1599 Bruto
1437 1567 1599 1611 tamen,

147 1617 182 1657 si
206 1616 309 1671 quid
343 1616 538 1658 habebis.
571 1615 679 1656 scire
710 1616 826 1656 enim
850 1616 946 1671 jam
978 1625 1102 1672 puto,
1125 1615 1200 1657 ubi
1233 1614 1421 1657 Pansam
1443 1630 1600 1672 exspe-

145 1682 250 1715 ctet.
285 1673 335 1724 si,
364 1677 438 1715 lut
470 1672 739 1715 consuetudo
777 1682 856 1725 est,
897 1674 940 1715 in
983 1673 1121 1729 prima
1155 1673 1393 1729 provincia,
1426 1674 1600 1716 circiter

145 1730 245 1772 Kal.
280 1728 492 1773 affuturus
521 1731 704 1773 videtur.
742 1731 892 1772 vellem
927 1731 1104 1773 tardius.
1139 1731 1262 1772 valde
1294 1731 1410 1772 enim
1444 1732 1600 1773 urbem

148 1789 273 1846 fugio
298 1789 453 1830 multas
477 1789 533 1831 ob
557 1804 721 1831 causaS.
746 1789 892 1845 itaque
917 1790 959 1830 id
981 1791 1125 1845 ipsum
1147 1789 1316 1840 dubito,
1341 1803 1394 1830 an
1415 1803 1599 1830 excusa-

146 1847 312 1888 tionem
343 1847 532 1903 aliquam
566 1848 619 1889 ad
651 1846 770 1888 illum
806 1862 978 1903 parem:
1006 1846 1122 1902 quod
1159 1847 1334 1902 quidem
1370 1846 1496 1888 video
1533 1846 1600 1888 fa-

148 1904 230 1946 cile
252 1919 358 1946 esse.
381 1905 453 1946 sed
476 1905 688 1946 habemus
712 1905 814 1946 satis
840 1905 1046 1962 temporis
1077 1904 1132 1951 ad
1162 1904 1462 1961 cogitandum.
1525 1903 1601 1946 Pi-

149 1961 236 2015 liae,
259 1962 422 2005 Attieae
446 1963 643 2005 salutem.

590 2048 828 2091 CICERO
862 2046 1090 2090 ATTICO
1122 2047 1167 2089 S.
1611 2055 1667 2099 28

153 2102 254 2157 DE
287 2115 393 2157 Silio
423 2116 561 2159 nihilo
594 2118 719 2174 plura
755 2117 946 2175 cognovi
981 2131 1037 2158 ex
1071 2124 1286 2172 praesente
1322 2115 1436 2169 Sica,
1470 2131 1603 2173 quam

152 2188 208 2215 ex
251 2173 405 2215 litteris
448 2174 557 2230 ejus.
599 2175 830 2231 scripserat
861 2175 976 2217 enim
1016 2175 1262 2231 diligenter.
1305 2174 1340 2214 si
1379 2175 1515 2233 igitur
1553 2185 1604 2217 tu

155 2230 277 2273 illum
300 2233 569 2286 conveneris,
591 2233 754 2276 scribes
775 2233 830 2275 ad
853 2247 936 2285 me,
960 2232 994 2274 si
1019 2232 1125 2288 quid
1147 2232 1380 2274 videbitur.
1425 2232 1495 2275 De
1516 2247 1604 2290 quo

198 2377 238 2409 98
269 2374 377 2406 Unam
394 2385 462 2405 rem
479 2375 526 2405 σᾱ
540 2385 590 2406 me
604 2375 775 2416 scripsisti]
794 2375 860 2406 Pu-
902 2376 950 2406 eit
971 2374 1018 2406 ad
1036 2376 1186 2414 suillam,
1203 2375 1328 2416 inepte.
1345 2375 1469 2417 recepit
1491 2380 1608 2413 tamen

157 2420 246 2454 tant,
263 2418 302 2448 de
316 2418 475 2448 Terentia
491 2418 600 2449 fuisse.
903 2418 1065 2449 Gruterus
1082 2419 1142 2448 &c.

200 2463 241 2494 99
264 2461 311 2490 ad
322 2462 428 2491 aliam
443 2470 513 2490 rem
530 2462 590 2491 loci
606 2461 701 2498 nihil,
716 2461 799 2491 satis
816 2461 863 2491 ad
950 2464 1009 2490 100
1031 2470 1145 2500 sequor
1158 2460 1396 2501 celebritatem]
1426 2461 1524 2494 Hanc
1537 2461 1561 2495 l.
1575 2474 1606 2496 e.

156 2512 242 2538 eam,
258 2513 290 2543 q.
306 2504 351 2543 q.]
379 2502 522 2533 Exhibui
538 2503 715 2534 lectionem
732 2504 768 2533 P.
785 2503 859 2534 Ma·
905 2504 1017 2534 Cottae
1032 2502 1119 2533 villae
1133 2503 1253 2533 tribuit
1269 2502 1394 2534 Cicero.

159 2547 246 2575 nutii
263 2546 435 2576 manifeste
450 2554 574 2582 veram,
590 2547 710 2587 quippe
726 2555 864 2576 consen·
951 2549 966 2577 ι
992 2550 1030 2576 ut
1044 2555 1153 2576 consu.
1169 2550 1228 2581 est,
1244 2545 1279 2575 in
1287 2548 1405 2585 prima
1420 2547 1609 2589 provincia]

159 2588 301 2618 tientem
319 2588 391 2619 loco
408 2588 504 2619 alteri
517 2588 556 2619 de
571 2588 632 2619 hac
649 2588 728 2619 villa
741 2598 793 2629 ep.
808 2591 861 2620 23.
909 2587 949 2618 In
975 2588 1068 2619 aditu
1096 2588 1287 2628 provinciae‚
1312 2599 1378 2628 qua
1402 2600 1549 2631 primum
1576 2601 1614 2621 in.

155 2630 318 2670 pusillum
347 2632 419 2668 loci,
450 2632 497 2661 ad
529 2632 614 2662 hanc
647 2635 760 2662 tamen
793 2641 864 2661 rem
908 2640 982 2661 eam
998 2631 1142 2661 venitur.
1189 2631 1403 2662 Consuetudo
1419 2633 1465 2663 sic
1480 2633 1615 2670 fuit,ut·.

153 2673 236 2714 plus
263 2674 364 2704 etiam
392 2674 483 2705 satis.
513 2674 659 2713 vulgatae
693 2674 865 2709 lectiones,
909 2673 1022 2703 abiens
1034 2673 1249 2713 magistratus
1265 2673 1615 2712 advenientem,velut

161 2715 266 2745 etiam
288 2715 449 2747 librorum
468 2716 682 2757 scriptorum,
697 2722 777 2747 sunt
796 2726 867 2746 cor-
909 2715 1046 2746 honoris
1073 2725 1184 2752 causa,
1210 2717 1388 2756 exciperet,
1417 2723 1452 2749 et
1480 2717 1615 2757 provin-

162 2757 376 2797 ruptissimae‚
404 2762 444 2789 ut
470 2759 521 2790 ed.
544 2760 641 2791 Rom.
665 2760 712 2790 ad
737 2760 869 2790 nullam
912 2758 998 2788 eiam
1019 2758 1049 2788 ei
1071 2758 1229 2798 traderet.
1255 2768 1324 2789 non
1349 2764 1463 2790 tamen
1485 2768 1616 2800 semper

162 2809 243 2843 rem·
265 2801 324 2830 loci
349 2803 440 2837 satis,
466 2802 551 2832 nihil
577 2802 624 2832 ad
650 2812 737 2839 eam,
767 2811 868 2842 quam
910 2800 973 2831 hoe
999 2806 1050 2831 est
1076 2806 1256 2839 servatum,
1283 2803 1467 2841 praesertim
1492 2802 1534 2839 ab
1561 2803 1616 2838 iis,

162 2851 283 2881 qtcoerO.
313 2842 373 2873 Ed.
401 2844 495 2874 JenS.
525 2844 572 2874 ad
596 2846 728 2875 nullam
751 2854 782 2875 r.
809 2846 868 2874 διο.
911 2843 966 2883 qui
986 2843 1083 2874 inviti
1106 2844 1249 2881 abirent,
1265 2848 1325 2875 aut
1346 2844 1523 2875 successori
1546 2854 1617 2875 non

164 2893 238 2922 quae
260 2884 397 2924 vulgata
418 2887 507 2917 faeta
531 2892 594 2925 est,
619 2887 660 2917 ad
687 2888 722 2918 P.
749 2887 870 2918 Manu·
911 2891 1022 2917 essent
1049 2887 1161 2923 amici,
1186 2893 1226 2920 ut
1250 2886 1440 2929 exemplum
1459 2887 1559 2929 Appii
1581 2888 1616 2918 in

164 2927 251 2958 tium
267 2936 379 2970 usque.
423 2928 540 2961 Rosius
562 2940 602 2962 ex
625 2930 672 2961 ad
694 2931 799 2963 ullam
822 2929 869 2961 fe-
914 2929 1030 2962 Cilicia
1043 2929 1150 2963 docet.
