1940 3231
325 176 401 210 554
745 168 922 208 EPIST.
949 168 1027 206 AD
1054 166 1336 210 ATTICUM,

325 275 372 316 in
402 270 630 330 Arpinum,
659 287 759 315 cum
799 273 853 314 ad
881 287 949 314 me
977 271 1105 314 frater
1140 272 1337 321 venisset,
1370 268 1413 310 in
1444 267 1591 324 primis
1620 270 1743 312 nobis

326 345 481 382 sermo,
511 331 630 386 isque
661 331 835 380 multus,
865 330 918 370 de
951 340 992 370 tc
1025 330 1130 371 fuit:
1162 343 1216 370 ex
1249 342 1334 383 quo
1359 326 1455 366 veni
1484 325 1536 366 ad
1563 340 1626 376 ea,
1648 341 1745 380 quae.

326 387 542 430 fueramus
563 402 644 444 ego
666 397 710 428 et
728 398 773 427 tu
797 387 906 427 inter
929 401 1006 426 nos
1028 387 1080 426 de
1102 400 1244 426 sorore
1270 387 1312 425 in
1335 381 1576 424 Tusculano
1597 382 1745 424 locuti.

326 445 433 486 nihil
470 455 555 486 tam
587 444 673 484 vidi
702 444 821 493 mite,
852 442 959 483 nihil
987 452 1074 483 tam
1094 442 1333 498 ‘plac-atum,
1355 454 1479 495 quam
1505 448 1595 480 tum
1627 453 1745 480 meus

326 501 459 543 frater
487 510 577 542 erat
597 502 641 541 in
676 514 862 541 sororem
894 509 1039 550 tuam,
1071 509 1118 539 ut
1141 500 1284 549 etiam,
1308 498 1342 539 si
1367 512 1451 552 qua
1481 496 1620 536 fuerat
1652 500 1672 530 9
1690 511 1745 537 ex

325 559 491 600 ratione
514 566 653 598 sumta
674 556 869 606 offensio,
890 570 976 596 non
997 564 1235 611 appareret.
1259 555 1329 596 illo
1352 555 1413 594 sic
1434 552 1517 594 die.
1541 551 1746 608 postridie

323 630 380 657 ex
403 614 602 671 Arpinati
626 613 807 669 profecti
830 627 988 654 sumus.
1015 622 1063 653 ut
1081 613 1122 652 in
1146 611 1316 653 Arcano
1335 611 1524 657 Quintus
1542 621 1746 659 maneret,

276 680 279 682 ’
328 672 468 712 10dies
501 671 628 711 fecit:
660 685 742 726 ego
764 669 940 725 Aquini,
966 670 1038 711 sed
1072 669 1316 724 prandimus
1343 668 1386 707 in
1411 666 1596 707 Arcano.
1633 667 1745 707 nosti

324 728 441 770 hunc
482 727 678 768 fundum.
719 742 805 782 quo
848 734 896 767 ut
939 727 1146 776 venimus,
1188 724 1493 765 humanissime
1541 723 1745 770 Quintus,

327 784 584 840 Pomponia,
614 785 769 839 inquit,
809 786 841 814 ¹¹
866 794 909 824 tu
940 783 1076 823 invita
1105 782 1316 832 mulieres,
1338 795 1420 836 ego
1453 794 1553 821 vero
1583 780 1746 821 aeciam

324 855 494 897 pueros.
528 841 634 881 nihil
656 841 814 897 potuit,
829 839 936 880 mihi
959 839 1129 894 quidem
1154 848 1201 878 ut
1223 838 1358 879 visum
1381 846 1460 888 est,
1482 836 1660 887 dulcius,
1684 837 1746 877 id-

324 913 409 954 que
444 901 481 930 12
496 912 594 939 cum
616 898 771 948 verbis,
796 908 886 937 tuin
919 897 1047 937 etiam
1077 895 1235 945 animo,
1258 910 1308 935 ac
1330 894 1464 935 vultu.
1496 906 1539 933 at
1568 893 1652 944 illa,
1673 908 1748 934 au-

324 955 541 996 dientibus
560 955 698 1005 nobis,
721 969 802 1010 ego
826 967 932 1003 sum,
956 954 1109 1008 inquit,
1139 952 1206 992 hic
1239 951 1421 1006 hospita.
1455 949 1497 990 id
1528 959 1669 990 autem
1692 966 1747 992 ex

322 1027 389 1062 eo,
412 1022 460 1053 ut
482 1012 650 1068 opinor,
673 1011 787 1067 quod
809 1019 1092 1052 antecesserat
1114 1008 1290 1058 Statius,
1309 1016 1357 1048 ut
1376 1007 1601 1062 prandium
1624 1008 1748 1049 nobis

324 1070 501 1110 videret.
529 1079 621 1109 tum
644 1068 849 1118 Quintus,
871 1082 939 1118 en,
963 1067 1102 1122 inquit
1123 1065 1244 1116 mihi,
1262 1065 1358 1105 haec
1376 1078 1458 1120 ego
1482 1065 1621 1119 patior
1642 1079 1749 1119 quo-

324 1127 443 1167 tidie.
505 1126 651 1178 Dices,
680 1125 797 1181 quid,
831 1129 992 1179 q'uaeso,
1031 1123 1292 1164 istuc‘erat?
1334 1135 1565 1176 magnum:
1604 1122 1748 1176 itaque

322 1198 393 1224 me
414 1185 555 1240 ipsum
577 1192 892 1224 commoverat:
926 1182 985 1222 sic
1007 1180 1187 1221 absurde
1209 1188 1251 1221 et
1276 1192 1423 1234 aspere
1448 1178 1585 1218 verbis
1609 1178 1749 1219 vultu-

323 1255 408 1296 que
443 1240 733 1296 responderat.
776 1238 1038 1279 dissimulavi
1070 1238 1232 1278 dolens.
1273 1235 1567 1276 discubuimus
1600 1250 1748 1276 omnes

323 1307 481 1353 praeter
503 1298 641 1347 illam3
673 1297 741 1337 cui
766 1306 907 1337 tamen
931 1295 1121 1341 Quintus
1143 1294 1194 1334 de
1217 1307 1361 1334 mensa
1380 1292 1519 1343 misit3
1551 1291 1622 1333 illa
1643 1292 1750 1348 reje-

323 1355 399 1396 cit.
436 1355 538 1410 quid
561 1353 726 1394 multa?
765 1352 872 1393 nihil
893 1367 989 1393 meo
1012 1351 1142 1392 fratre
1164 1350 1314 1400 lenius,
1335 1349 1440 1390 nihil
1464 1349 1653 1405 asperius
1675 1359 1750 1390 tua

323 1425 468 1453 sorore
500 1411 606 1451 mihi
637 1411 774 1450 visum
806 1420 897 1450 est:
934 1419 977 1449 et
999 1408 1134 1449 multa
1163 1416 1386 1464 praetereO,
1407 1421 1504 1462 quae
1528 1416 1618 1447 tum
1642 1407 1748 1447 mihi

323 1468 480 1524 majori
518 1466 756 1518 stomacho,
790 1481 918 1522 quam
954 1466 1037 1521 ipsi
1075 1464 1256 1515 Quinto,
1295 1463 1483 1504 fuerunt.
1526 1477 1608 1519 ego
1649 1464 1749 1505 inde

327 1525 576 1581 Aquinum3
616 1524 805 1570 Quintus
838 1524 883 1564 in
914 1521 1085 1563 Arcano
1117 1520 1334 1570 remansit,
1367 1531 1410 1561 et
1441 1519 1664 1575 Aquinum
1696 1521 1749 1562 ad

325 1597 396 1624 me
419 1582 622 1639 postridie
641 1595 766 1622 mane
787 1580 919 1631 venit,
941 1579 1132 1634 mihique
1149 1577 1351 1628 narravit,
1371 1591 1449 1618 nec
1467 1591 1610 1618 secum
1633 1576 1748 1620 illam

280 1645 314 1677 b·
327 1640 512 1682 dormire
534 1637 742 1690 voluisse3
773 1647 831 1689 et,
849 1651 948 1678 cum
969 1637 1206 1678 discessura
1227 1643 1350 1686 esset,
1370 1634 1500 1675 fuisse
1520 1633 1748 1689 ejusmodi,

323 1696 494 1754 qualem
514 1710 596 1752 ego
618 1694 834 1737 vidissem.
864 1693 968 1752 quid
988 1693 1171 1749 quaeris?
1204 1692 1268 1734 vel
1290 1691 1371 1747 ipsi
1393 1691 1477 1733 hoc
1493 1690 1610 1732 dicas
1631 1691 1747 1744 licet,

1056 1816 1095 1838 ea
1118 1806 1219 1838 habet
1250 1806 1401 1837 ascivere.
1434 1805 1520 1836 unde
1545 1806 1619 1836 Asc.
1645 1805 1749 1836 Aldus

1058 1850 1117 1880 ἃς.
1161 1849 1350 1880 Editionem
1373 1848 1464 1878 Jens.
1488 1847 1669 1885 deseruere,
1695 1849 1751 1888 qui

1057 1890 1137 1922 alias
1165 1896 1358 1930 sequuntur,
1383 1891 1418 1920 in
1442 1900 1506 1930 qua
1526 1896 1577 1920 est
1597 1900 1655 1928 ego
1676 1900 1752 1921 vero

1056 1933 1182 1964 aeciam
1211 1942 1354 1972 pueros.-
1390 1942 1449 1963 nee
1477 1941 1551 1962 eam
1579 1933 1750 1971 quisquam

1057 1975 1257 2005 Criticorum
1288 1975 1452 2005 clarorum
1478 1974 1629 2013 inspexit.
1667 1974 1750 2005 mihi

320 1812 467 1852 Arpinas
481 1814 597 1841 natum
613 1809 666 1840 sit.
680 1810 715 1839 in
724 1809 888 1848 Arpinum
902 1812 1014 1839 autem

321 1864 389 1886 non
402 1859 485 1884 esset
495 1852 709 1892 grammatice
723 1852 890 1887 vitiosum,
903 1856 942 1880 ut
955 1860 1015 1890 pu-

319 1901 444 1932 tavere,
459 1896 485 1926 si
507 1895 648 1925 maxime
663 1893 739 1924 urbs
762 1893 1013 1932 intelligeretur.

320 1938 376 1969 sed
397 1937 562 1976 Arpinum
587 1936 641 1966 hic
667 1945 735 1965 non
756 1935 872 1966 urbem
894 1939 1014 1972 notat;

319 1989 382 2011 nee
396 1980 484 2010 enirn
501 1979 545 2008 ibi
561 1978 637 2014 fuit,
647 1977 702 2007 sed
710 1982 761 2008 est
773 1987 849 2017 ager
861 1977 1015 2016 Arpinas,

319 2022 403 2053 fines
421 2020 537 2060 Arpini
560 2020 611 2050 vel
627 2019 846 2059 Arpinatium.
890 2019 943 2049 Sic
963 2022 1014 2048 est

318 2064 407 2095 infra
417 2063 510 2100 XIV,
525 2068 608 2093 extr.
624 2063 706 2092 scire
719 2065 750 2091 te
760 2063 859 2099 volui,
874 2070 926 2091 me
939 2061 1015 2090 hinc

317 2107 485 2146 Arpinum
498 2114 543 2136 se.
558 2105 617 2135 ire.
660 2103 776 2142 Itaque
786 2103 951 2143 Arpinum
965 2112 1014 2132 re-

317 2148 425 2180 stitui.

360 2194 381 2224 9
403 2200 444 2221 ex
454 2190 581 2220 ratione
596 2191 708 2217 sumta
718 2185 864 2226 qffensio]
889 2196 1016 2216 sumere

318 2230 377 2272 Qff'.
400 2232 482 2262 bene
506 2231 637 2265 dicitur,
660 2234 698 2259 ut
724 2237 852 2259 sumere
873 2229 1015 2258 inimici-

317 2275 394 2305 tias.
418 2275 457 2304 ln
472 2273 523 2304 ed.
544 2273 638 2303 Rom.
655 2275 705 2301 est
725 2275 862 2305 sumtus,
878 2270 963 2309 quod
979 2274 1014 2300 et

316 2316 353 2346 in
375 2316 522 2355 margine
539 2312 711 2344 Cratandri
736 2317 903 2348 notatum,
923 2317 958 2342 et
978 2313 1013 2342 in

315 2357 398 2388 Mss.
422 2364 600 2398 repertum,
623 2355 803 2385 aVietorio
826 2354 955 2394 quidem
979 2355 1013 2384 in

315 2399 481 2436 omnibus,
499 2403 536 2429 ut
560 2399 616 2428 ait.
641 2396 794 2427 editionis
816 2396 913 2427 Rom.
937 2396 1012 2426 nul-

314 2440 383 2472 lam
398 2442 601 2471 mentionem
616 2439 708 2469 facit.
745 2437 864 2469 Forma
879 2438 1014 2477 loquen-

314 2482 362 2520 di,
377 2493 417 2513 ex
435 2484 562 2513 ratione
582 2485 694 2511 sumta
715 2479 859 2520 ffmio,
883 2479 1014 2519 elegans

313 2528 366 2556 est
380 2530 414 2556 et
425 2524 652 2555 Ciceroniana:
675 2532 742 2552 non
755 2522 849 2553 illud.
864 2522 1011 2552 dixisset:

313 2568 416 2607 siqua
416 2565 540 2606 fuerat
550 2576 566 2595 e
577 2568 687 2595 sumtu
700 2563 841 2604 offensio.
858 2564 1013 2594 usitatius

314 2613 429 2639 tamen
454 2618 495 2638 ex
515 2609 651 2638 abesset.
678 2607 806 2636 ratione
828 2609 938 2636 sumta
963 2605 1012 2645 qs·

301 2649 416 2691 fensio
431 2655 493 2687 est,
505 2659 578 2688 quae
591 2649 631 2679 ab
643 2647 760 2678 idonea
770 2655 804 2679 et
810 2649 903 2688 justa
915 2657 1013 2678 causa

313 2698 389 2724 orta
403 2696 465 2722 est.

360 2737 398 2764 10
419 2735 486 2764 dies
500 2731 604 2772 fecit]
636 2741 679 2762 sc.
710 2731 777 2761 dies
808 2732 922 2767 festus,
953 2734 1013 2761 aut

313 2775 415 2807 aliam
430 2776 472 2806 ob
485 2784 616 2806 causam
630 2773 707 2804 talis
722 2774 799 2810 fuit,
813 2778 851 2803 ut
863 2773 1008 2812 Quintus

313 2826 382 2849 non
396 2822 504 2858 posset
517 2827 556 2848 ea
569 2816 620 2846 die
635 2816 773 2846 honeste
788 2815 888 2846 abire.

360 2862 393 2889 ll
418 2864 455 2890 tu
468 2860 574 2890 invita
586 2867 630 2889 m.
646 2867 706 2897 ego
721 2858 864 2888 accivere
872 2855 1008 2896 pueros]

315 2899 397 2934 Haec
408 2900 507 2935 lectio
521 2904 571 2934 est
583 2910 623 2934 ex
633 2899 686 2934 ed.
703 2899 800 2933 Rom.
811 2908 1011 2941 quamquam

1056 2022 1168 2047 autem
1187 2017 1257 2047 haee
1271 2016 1370 2047 lectio
1386 2016 1506 2056 placet,
1522 2025 1582 2046 nec
1603 2015 1751 2047 dubitavi

1057 2060 1209 2098 recipere.
1231 2068 1308 2089 nam
1320 2058 1471 2088 futurum
1487 2058 1685 2097 conjunctivi
1697 2058 1751 2089 hie

1056 2100 1201 2132 alienum
1223 2106 1284 2131 est.
1308 2101 1482 2130 acc-iverim
1502 2105 1630 2130 rectum
1651 2105 1751 2137 esset,

1056 2143 1149 2173 nullo
1171 2142 1267 2173 modo
1291 2143 1434 2172 acc-ivero
1447 2154 1456 2170 .-
1483 2141 1534 2172 uti
1555 2141 1618 2171 dici
1640 2146 1751 2182 potest

1056 2195 1114 2224 ego
1128 2186 1158 2216 ei
1171 2185 1324 2220 dixerim,
1339 2194 1406 2215 non
1421 2193 1478 2222 ego
1491 2184 1520 2213 ez·
1533 2184 1654 2214 dixero.

1105 2230 1139 2258 12
1162 2236 1237 2257 cum
1251 2227 1367 2264 verbis,
1384 2231 1456 2257 tum
1474 2226 1575 2257 etiam
1588 2227 1698 2257 animo
1710 2236 1751 2257 ac

1054 2268 1165 2307 vultu]
1186 2268 1275 2299 Alias
1289 2273 1422 2299 tantum
1441 2269 1552 2298 vultus
1573 2269 1751 2308 opponitur

1056 2311 1091 2341 in
1105 2311 1165 2341 tali
1180 2321 1227 2348 re,
1242 2314 1277 2341 et
1290 2311 1336 2340 sic
1351 2316 1425 2351 post
1439 2315 1504 2341 est:
1523 2319 1635 2349 aspere
1647 2312 1752 2342 verbis

1056 2355 1212 2392 vultuque
1230 2353 1448 2393 responderat.
1493 2353 1750 2391 Cannegieterus

1055 2394 1096 2425 ad
1115 2395 1280 2425 Avianum
1298 2395 1467 2433 ingeniose
1489 2394 1626 2432 corrigit
1650 2395 1751 2425 mimo

1055 2446 1095 2466 ac
1105 2438 1213 2473 vultu,
1227 2437 1313 2467 sicut
1329 2436 1516 2467 Perizonius
1531 2435 1566 2465 in
1578 2433 1674 2466 FIoro
1690 2436 1750 2473 IV,

1059 2481 1110 2515 11,
1129 2481 1160 2509 3.
1186 2482 1225 2508 ut
1247 2483 1364 2515 mente,
1383 2479 1434 2508 ita
1455 2479 1564 2508 animo
1585 2486 1624 2507 ac
1645 2479 1752 2516 cultu,

1056 2520 1199 2551 correxit
1213 2521 1322 2551 mimo.
1358 2520 1419 2550 Sed
1431 2521 1542 2550 vultus
1555 2518 1595 2549 ad
1609 2519 1751 2550 mimum

1056 2563 1220 2602 pertinet:
1245 2566 1390 2602 essetque
1405 2559 1638 2601 intelligendus
1652 2561 1751 2592 modo

1055 2609 1180 2644 gestus,
1217 2614 1334 2645 nempe
1369 2603 1487 2644 placidi
1522 2608 1555 2634 et
1592 2604 1753 2635 amantiS.

1055 2648 1187 2677 animus
1196 2645 1249 2676 hic
1262 2646 1370 2676 locum
1382 2654 1449 2675 non
1460 2644 1558 2675 habet
1568 2645 1750 2682 commode,

1054 2689 1111 2718 ubi
1135 2688 1174 2719 de
1199 2689 1342 2719 externis
1370 2696 1477 2718 sermo
1500 2690 1562 2723 est,
1588 2696 1606 2716 e
1633 2687 1751 2725 quibus

1055 2731 1186 2760 animus
1201 2729 1417 2769 intelligitur:
1441 2728 1497 2758 sed
1510 2733 1622 2759 tamen
1636 2731 1671 2758 et
1686 2730 1748 2759 mi-

1052 2781 1126 2802 mus
1149 2772 1185 2802 in
1208 2771 1268 2802 tali
1290 2780 1440 2802 sermone
1461 2769 1605 2800 hominis
1629 2769 1748 2810 placidi

1052 2813 1107 2843 vix
1121 2813 1233 2844 locum
1245 2813 1357 2844 habet.
1400 2812 1434 2843 Si
1449 2811 1488 2842 de
1503 2812 1685 2852 Pomponia
1698 2821 1750 2842 es-

1053 2860 1116 2893 set,
1130 2855 1254 2889 femina
1275 2854 1375 2888 feroci
1395 2859 1431 2887 et
1452 2852 1620 2892 iracunda,
1640 2853 1750 2895 place·

1055 2903 1119 2930 ret·
