1940 3231
106 2389 112 2395 ’
153 2379 250 2410 Rom.

693 145 903 184 LIBER
943 145 1015 182 IX.
1500 144 1573 183 671

139 259 240 302 tate,
262 251 377 307 quod
401 251 667 292 verissimum
690 248 815 289 nobis
844 247 1072 296 videbitur,
1094 247 1147 288 de
1179 261 1244 296 ee,
1267 246 1379 300 quod
1413 246 1464 286 ad
1496 258 1575 286 nos

138 309 361 365 scripsisti,
384 309 462 350 tibi
484 306 708 349 consilium
740 306 962 347 dabimus:
995 304 1109 360 quod
1143 304 1175 343 si
1207 317 1292 342 non
1324 303 1453 343 fuerit
1478 317 1575 357 pru-

137 365 258 416 dens,
279 375 324 406 at
344 376 459 406 certe
480 365 534 405 ab
556 363 722 418 optima
741 362 824 403 fide
845 373 889 402 et
910 363 1075 417 optimo
1095 361 1239 401 animo
1263 359 1572 414 proficiscetur.

140 422 248 472 Nos,
270 423 416 473 21nisi,
438 420 553 476 quod
585 430 732 460 nostro
759 419 928 474 judicio
952 418 1167 460 Caesarem
1201 417 1341 457 facere
1374 426 1574 471 oportere

138 480 449 528 existimatum,
473 487 518 517 ut
540 476 667 518 simul
691 476 875 518 Romam
901 477 1077 526 venerit,
1110 485 1209 531 agat
1240 474 1292 514 de
1323 471 1576 514 reconcilia-

140 537 258 577 tione
288 535 437 590 gratiae
472 549 560 574 suae
591 543 634 574 et
666 533 879 589 Pompeii,
914 534 952 574 id
997 547 1094 574 eum
1125 533 1355 581 facturum,
1391 544 1444 570 ex
1480 530 1573 584 ipso

138 592 504 648 cognovissemus,
528 601 570 631 te
603 591 761 632 hortari
797 591 1100 640 desineremus,
1123 602 1171 630 ut
1203 588 1328 629 velles
1362 587 1413 628 iis
1446 587 1572 627 rebus

139 650 354 698 interesse,
376 662 461 703 quo
484 648 651 689 facilius
673 659 715 688 et
748 648 910 702 majore
940 662 1037 688 cum
1069 647 1282 702 dignitate
1316 659 1389 700 per
1421 655 1477 693 te,
1500 643 1573 698 qui

141 706 309 760 utrique
341 719 384 745 es
415 705 690 759 conjunctUS‚
720 719 782 745 res
818 714 908 745 tota
930 704 1170 748 confieret:v
1193 714 1280 753 aut,
1316 703 1350 742 si
1386 717 1440 742 ex
1471 715 1575 742 con-

138 763 268 803 trario
292 772 536 817 putaremus
569 762 785 804 Caesarem
820 762 861 802 id
898 777 979 802 non
1015 762 1244 810 facturum,
1268 771 1310 800 et
1341 774 1435 800 eum
1469 758 1575 798 velle

138 833 239 860 cum
264 819 472 875 Pompeio
498 819 652 860 bellum
677 833 821 875 gerere
845 820 1073 869 sciremus;
1107 832 1337 872 numquam
1371 816 1446 856 tibi
1480 830 1576 855 sua—

137 877 349 926 fieremus,
387 888 538 917 contra
577 876 810 926 homiuem,
848 878 1012 931 optime
1045 877 1096 916 de
1128 885 1169 916 te
1205 876 1420 923 meritum,
1458 887 1576 913 arma

139 933 295 984 ferres3
327 934 454 974 sicuti
487 945 527 974 te
558 948 724 990 semper
746 934 976 980 oravimus,
1000 947 1050 973 ne
1072 943 1222 973 contra
1245 931 1461 973 Caesarem
1496 945 1575 986 pu-

139 1005 306 1047 gnares.
330 991 401 1031 sed
424 1006 521 1032 cum
544 991 794 1041 etiamnum,
817 990 918 1046 quid
952 990 1140 1030 facturus
1168 989 1314 1030 Caesar
1345 989 1414 1038 sit,
1437 988 1574 1043 magis

140 1048 324 1103 opinari,
345 1063 473 1102 quam
497 1049 603 1089 scire
626 1049 861 1104 possimus:
886 1062 970 1087 non
995 1061 1234 1102 possumus,
1251 1046 1331 1086 nisi
1355 1046 1465 1096 hoc;
1489 1059 1572 1085 non

139 1105 275 1146 videri
298 1119 389 1145 eam
415 1116 532 1146 tuam
555 1119 644 1145 esse
666 1105 938 1160 dignitatem,
962 1118 1098 1158 neque
1130 1103 1256 1143 fidem
1280 1103 1479 1143 omuibus
1502 1111 1617 1142 co·b.

142 1162 324 1218 gnitam,
347 1172 394 1203 ut
414 1173 564 1203 contra
586 1162 852 1211 alterutrum,
875 1176 972 1202 cum
1005 1161 1174 1216 utrique
1206 1161 1261 1200 sis
1285 1160 1472 1200 maxime
1504 1174 1576 1200 ne-

144 1221 365 1269 cessarius,
388 1235 503 1259 arma
526 1219 658 1260 feras:
691 1231 734 1260 et
764 1219 861 1270 hoc,
892 1233 978 1259 non
1009 1218 1270 1267 dubitamus,
1302 1217 1405 1271 quin
1431 1217 1578 1257 Caesar

144 1291 222 1331 pro
245 1291 321 1316 sua
344 1276 609 1316 humanitate
638 1275 827 1316 maxime
860 1276 915 1316 sit
951 1276 1219 1330 probaturus,
1253 1289 1330 1315 nos
1360 1286 1500 1314 tamen
1523 1274 1579 1327 (si

145 1333 225 1374 tibi
250 1334 481 1383 videbitur)
505 1334 557 1374 ad
582 1333 795 1374 Caesarem
831 1334 1080 1384 scribemus,
1105 1344 1150 1373 ut
1185 1347 1260 1372 nos
1283 1332 1484 1372 certiores
1519 1331 1580 1372 fa-

145 1390 246 1441 ciat,
268 1391 421 1445 22quid
457 1390 535 1431 hac
567 1405 609 1431 re
641 1401 812 1431 acturus
845 1391 919 1432 sit:
953 1406 976 1430 a
998 1405 1083 1444 quo
1107 1390 1139 1429 si
1163 1390 1245 1430 erit
1277 1390 1400 1429 uobis
1433 1389 1581 1429 rescri-

144 1458 282 1503 ptum,
306 1449 466 1498 statim,
488 1462 583 1503 quae
618 1448 863 1498 sentiemus,
898 1447 950 1488 ad
984 1457 1024 1487 te
1058 1447 1317 1488 scribemus:
1351 1457 1392 1486 et
1424 1446 1500 1486 tibi
1533 1446 1581 1486 fi-

145 1504 241 1544 dem
279 1504 499 1554 facietnus‚
534 1519 609 1544 nos
649 1520 696 1545 ea
734 1505 1054 1560 suadere„quae
1099 1504 1222 1545 nobis
1263 1504 1460 1544 videntur
1494 1513 1580 1545 tuae

145 1561 366 1617 dignitati,
399 1565 438 1592 23
455 1577 536 1602 non
580 1561 762 1602 Caesaris
795 1563 967 1611 rationi,
1002 1576 1092 1602 esse
1134 1561 1384 1602 utilissima:
1418 1571 1460 1601 et
1497 1560 1581 1602 hoc

145 1617 377 1670 Caesarem,
398 1621 439 1649 24
453 1634 528 1675 pro
552 1633 627 1659 sua
650 1619 918 1675 indulgentia
947 1619 989 1659 in
1022 1633 1114 1669 nos,
1146 1619 1427 1675 probaturum
1461 1629 1585 1673 puta-

143 1689 253 1717 mus.
1270 1688 1275 1692 ·

617 1748 852 1791 CICERO
883 1749 1110 1791 ATTICO
1143 1749 1187 1791 S.
1598 1755 1620 1794 7

149 1804 558 1858 SCRIPSERAM
590 1817 642 1858 ad
676 1827 715 1858 te
746 1817 986 1873 epistolam,
1009 1833 1135 1873 quam
1170 1817 1314 1858 darem
1340 1832 1386 1858 lv
1412 1817 1479 1859 Id.
1512 1817 1583 1858 sed
1596 1829 1630 1861 P·
1650 1821 1721 1853 139-

148 1888 200 1914 eo
222 1874 291 1915 die
313 1875 362 1925 is,
385 1876 451 1915 cui
478 1875 576 1914 dare
600 1875 830 1925 volueram,
851 1890 935 1916 non
958 1886 1021 1915 est
1046 1874 1279 1930 profectus.
1303 1876 1420 1915 venit
1441 1884 1586 1915 autem
1597 1864 1628 1894 b.

151 1945 202 1971 eo
237 1932 331 1987 ipso
367 1932 435 1972 die
474 1931 543 1972 iile
575 1932 793 1988 celeripes,
831 1947 955 1987 quem
1001 1932 1168 1973 Salvius
1210 1932 1403 1974 dixerat:
1443 1931 1589 1972 attulit

155 1989 388 2029 uberrimas
410 1999 503 2029 tuas
535 1989 710 2040 litteras,
733 2005 829 2045 quae
853 1991 891 2020 2¹5
908 1989 1012 2030 mihi
1035 1990 1240 2044 quiddam
1271 1991 1391 2044 quasi
1424 1990 1591 2030 animu-

152 2044 205 2085 lae
238 2046 510 2086 restillarunt.
551 2059 785 2088 recreatum
823 2047 937 2087 enim
971 2062 1038 2087 me
1068 2062 1154 2088 non
1183 2062 1294 2102 queo
1325 2047 1480 2088 dicere.
1518 2046 1590 2088 sed

156 2102 280 2157 plane
309 2109 345 2142 τὸ
364 2106 492 2154 συνέχον
524 2102 718 2144 effecisti.
759 2119 839 2160 ego
875 2105 990 2145 enim
1026 2120 1112 2146 non
1135 2104 1226 2159 jam
1269 2105 1309 2145 id
1347 2120 1446 2161 ago,
1483 2104 1590 2144 mihi

154 2160 294 2211 crede,
316 2169 363 2199 ut
396 2174 619 2216 prosperos
654 2161 798 2202 exitus
829 2176 1080 2216 consequar.
1116 2164 1177 2203 sic
1207 2163 1320 2203 enim
1346 2163 1485 2214 video,
1513 2175 1591 2202 nec

895 2308 968 2328 nus.
1016 2299 1124 2329 Caesar
1137 2298 1251 2338 utique
1273 2299 1308 2329 in
1324 2309 1437 2329 omnes
1452 2308 1526 2329 suos
1541 2298 1593 2328 in-

896 2340 1034 2379 dulgens
1060 2342 1168 2380 potuit
1193 2342 1308 2372 fuisse:
1337 2342 1392 2372 sed
1420 2342 1472 2372 hic
1497 2341 1594 2372 dehet

897 2382 1018 2422 atiquid
1034 2392 1114 2418 esse,
1131 2383 1217 2422 quod
1232 2383 1282 2413 his
1298 2385 1466 2424 proprium
1482 2388 1575 2414 esset.

938 2428 976 2456 25
994 2435 1036 2455 m.
1054 2425 1209 2464 quiddam
1223 2435 1252 2465 q.
1275 2427 1431 2457 ‹mimuloe
1452 2427 1593 2457 res-tilla-

196 2297 234 2325 21
273 2296 335 2326 nisi
368 2294 416 2334 id]
456 2295 571 2326 Delevi
601 2307 676 2327 cum
707 2297 851 2338 Malasp.

153 2336 272 2368 Lamb.
310 2338 439 2369 Graevio
470 2339 514 2369 id.
551 2340 642 2370 abest
671 2348 704 2371 et
734 2341 774 2370 ab
802 2340 851 2370 ed.

196 2424 238 2453 252
264 2424 345 2463 quid
365 2425 427 2454 Ιιαι·
453 2423 502 2463 re]
534 2423 653 2454 Melius
680 2425 765 2454 foi-et
792 2426 855 2454 hac

155 2465 195 2495 de
208 2474 262 2495 re.-
287 2466 342 2496 sed
357 2473 390 2496 et
406 2476 504 2506 supra
517 2468 563 2496 sie
578 2474 627 2496 est
649 2467 682 2496 in
704 2478 755 2507 ep.
770 2477 854 2506 prae-

156 2507 226 2580 aeled.
242 2508 277 2537 in
291 2515 403 2538 tamen
425 2509 551 2539 addunt
573 2509 645 2539 edd.
661 2510 808 2540 Ascensii
821 2516 856 2539 et

191 2559 241 2580 ιω.

200 2594 241 2622 23
267 2602 330 2623 mm
363 2593 499 2624 Coesarc's
524 2594 659 2633 rationi]
687 2593 856 2624 Edidimus

157 2635 291 2670 rationi,
315 2641 353 2665 ut
375 2636 546 2666 videbatur
570 2635 744 2676 legendum
767 2637 857 2666 Grae-

159 2677 224 2712 vio,
247 2687 305 2716 pro
327 2678 462 2718 vulgato
477 2680 609 2709 actioni.
655 2679 708 2709 Sic
734 2678 858 2708 habent

158 2719 230 2749 edd.
257 2718 348 2749 dens.
375 2721 448 2751 Asc.
479 2720 554 2751 Ami
580 2722 640 2751 ἃς.
667 2722 787 2751 actioni
809 2724 860 2749 est

157 2761 192 2791 iu
209 2761 260 2792 ed.
274 2761 371 2792 Rom.

203 2807 245 2835 24
269 2812 329 2842 pro
355 2814 418 2834 sua
442 2805 512 2835 incl.
540 2805 575 2834 in
604 2805 674 2844 nos]
706 2805 759 2836 Sic
784 2803 856 2835 edd.

162 2845 259 2876 Rom.
276 2846 348 2876 Asc.
364 2847 436 2877 Ald.
453 2848 511 2877 ἃς.
535 2854 635 2877 recte.
661 2847 810 2887 placebat
824 2851 859 2877 et

161 2888 303 2920 Graevio.
331 2889 364 2918 in
387 2899 459 2920 suos
481 2889 604 2929 primus
629 2888 718 2920 dedit
740 2889 859 2920 ‹Jenso-

896 2467 992 2506 runt]
1020 2467 1101 2497 Haec
1124 2468 1222 2498 lectio
1247 2476 1296 2498 est
1319 2479 1338 2498 a
1362 2469 1461 2499 Bosio
1486 2479 1503 2499 e
1526 2470 1591 2499 Ms.

898 2509 980 2540 Edd.
996 2520 1045 2549 pr.
1060 2509 1153 2540 valde
1168 2511 1311 2550 primum
1326 2511 1462 2548 vitiosae,
1478 2511 1594 2542 deinde

899 2552 1008 2582 varim.
1039 2553 1072 2582 in
1103 2552 1152 2582 ed.
1179 2553 1275 2584 Rom.
1312 2553 1452 2584 lectione
1481 2563 1595 2584 sensus

899 2594 1010 2624 nullus
1025 2600 1085 2625 est.
1104 2595 1138 2624 in
1153 2595 1202 2625 ed.
1215 2595 1306 2626 aens.
1323 2602 1357 2626 et
1372 2596 1446 2626 Asc.
1462 2603 1512 2626 est
1524 2597 1596 2626 stil-

900 2638 1028 2674 larunt,
1044 2643 1152 2679 cetera
1166 2644 1333 2678 corrupta.
1363 2638 1490 2669 Aldinae
1504 2638 1596 2673 quid-

901 2679 977 2709 dam
994 2689 1054 2719 quo
1074 2684 1196 2710 starem
1213 2682 1430 2711 instillarunt.
1475 2680 1597 2710 Procli-

901 2723 948 2751 vis
973 2731 1045 2751 sum
1075 2722 1115 2752 ad
1137 2724 1310 2754 stillarunt
1337 2722 1596 2763 praeferendum:

901 2774 1005 2794 uuum
1026 2763 1111 2794 illud
1131 2766 1253 2802 obstat,
1267 2766 1354 2805 quod
1370 2765 1483 2795 Cicero
1499 2764 1598 2795 videri

901 2812 1011 2846 potest
1027 2808 1234 2838 restillurunt
1254 2808 1430 2847 scripsisse,
1453 2807 1531 2845 quia
1550 2816 1598 2835 sv-

902 2849 1015 2888 quitur
1030 2854 1223 2880 recreatum.
