1940 3231
684 115 891 156 LIBER
929 115 1003 154 111..
1487 108 1569 155 937

129 224 375 265 scriberem.
406 223 478 264 sed
504 237 571 263 me
593 221 665 263 illa
686 236 787 263 cura
810 219 1026 269 sollicitat,
1046 217 1253 273 angitque
1275 215 1566 268 vehementer,

130 283 246 336 quod
277 283 443 322 dierum
468 281 559 336 jam
591 278 773 335 amplius
808 278 842 318 L
873 275 1097 317 intervallo
1130 273 1237 314 nibil
1268 288 1292 313 a
1324 284 1379 322 te,
1407 275 1514 316 nibil
1540 290 1567 316 a

132 338 319 389 Caesare,
351 337 461 379 nihil
491 352 546 378 ex
578 337 670 377 istis
702 335 822 384 locis,
845 349 930 375 non
963 333 1092 373 modo
1123 331 1376 380 litterarum,
1408 334 1480 373 sed
1513 346 1567 372 ne

131 397 314 436 rumoris
335 396 510 451 quidem
541 393 726 435 affluxit.
787 391 867 432 Me
897 401 1041 432 autem
1057 390 1150 446 jam
1173 398 1216 430 et
1236 404 1353 430 mare
1375 389 1500 440 istuc,
1523 393 1613 430 etb-

134 464 247 493 terra
276 453 502 503 sollicitat3
534 464 675 506 neque
696 449 845 491 desino
868 453 935 502 (ut
958 448 1008 490 fit
1029 449 1072 488 in
1095 449 1260 497 amore)
1281 461 1344 498 ea,
1366 460 1463 501 quae
1487 447 1567 487 mi·-

133 509 251 550 nime
286 510 399 560 volo,
420 508 628 563 cogitare.
691 508 837 554 Quare
860 520 946 547 non
969 505 1167 560 equidem
1196 505 1289 560 jam
1313 515 1353 545 te
1377 516 1498 559 rogo,
1523 513 1569 544 ut

134 566 188 607 ad
220 582 288 608 me
317 568 370 608 de
399 575 456 616 te,
477 566 530 605 de
563 566 687 606 rebus
719 565 812 606 istis
845 563 1291 617 scribaS,(numquam
1317 562 1446 611 enim,
1467 576 1569 602 cum

135 633 273 679 potes,
296 623 626 680 praetermittis)
658 622 730 663 sed
762 621 845 662 hoc
878 631 920 662 te
951 622 1059 661 scire
1091 619 1203 669 volo,
1228 619 1333 660 nihil
1368 620 1455 660 fere
1476 633 1571 659 um-

135 696 263 736 quam
288 695 355 721 me
378 681 438 721 sic
474 691 763 736 exspectasse,
787 688 848 729 ut,
877 693 976 719 cum
1006 677 1101 719 haec
1131 677 1386 728 scribebam,
1410 676 1570 718 litteras

135 748 244 779 tuas.
305 738 436 779 Nunc
458 752 674 793 cognosce
704 752 768 787 ea,
791 750 888 791 quae
922 744 1020 776 sunt
1051 735 1094 776 in
1127 734 1360 790 republica.
1423 734 1572 776 Comi·

134 795 295 836 tiorum
337 795 532 851 quotidie
573 794 731 850 singuli
774 794 864 834 dies
902 792 1110 834 tolluntur
1148 792 1572 844 obnuntiationibus,

134 867 296 908 magna
335 853 555 894 voluntate
596 853 808 893 bonorum
844 851 1063 891 omnium:
1111 860 1230 890 tanta
1272 849 1435 890 invidia
1473 863 1574 893 sunt:

135 910 331 951 consules
366 923 540 967 propter
570 910 860 966 suspicionem
895 918 1117 964 pactorum
1149 907 1430 948 acandidatis
1465 923 1574 963 prae-

136 967 338 1009 miorum.
401 966 632 1008 Candidati
656 965 898 1008 consulares
923 974 1142 1020 quattuor,
1164 979 1312 1005 omnes
1334 965 1410 1014 rei,
1431 981 1573 1008 causae

139 1034 240 1066 sunt
262 1025 484 1067 difficiles:
516 1025 589 1066 sed
618 1025 845 1073 enitemur,
868 1032 915 1063 ut
944 1022 1134 1063 Messala
1166 1033 1309 1062 noster
1330 1023 1469 1064 salvus
1494 1025 1575 1077 sit;

141 1083 256 1138 quod
278 1092 344 1123 est
363 1084 494 1124 etiam
516 1097 616 1123 cum
638 1082 900 1137 reliquorum
924 1080 1059 1121 salute
1080 1080 1378 1135 conjunctum.
1439 1081 1577 1123 Gabi-

140 1140 260 1180 nium
284 1141 336 1181 de
358 1140 524 1181 ambitu
556 1154 675 1180 reum
699 1139 803 1180 fecit
827 1138 876 1178 P.
902 1137 1032 1189 Sulla,
1056 1138 1353 1178 subscribente
1376 1139 1577 1196 privigno

144 1197 375 1247 Memmio,
414 1196 598 1239 tufi-atre
639 1197 821 1238 Caecilio
867 1196 996 1236 Sullae
1036 1195 1141 1236 filio.
1205 1194 1484 1237 contradixit
1527 1198 1578 1239 L.

141 1253 400 1310 TorquatuS.
433 1255 721 1309 omnibusque
755 1253 990 1295 libentibus
1014 1267 1098 1293 non
1123 1253 1328 1294 obtinuit.
1392 1254 1579 1307 Quaeris,

142 1312 246 1366 quid
279 1312 354 1353 fiat
384 1311 437 1353 de
469 1311 692 1354 Gabinio?
725 1312 908 1353 sciemus
944 1311 996 1351 de
1029 1310 1255 1366 majestate
1292 1312 1460 1354 triduo:
1493 1328 1580 1368 quo

143 1369 318 1424 quidem
342 1369 385 1409 in
402 1369 572 1424 judicio
606 1370 708 1410 odio
732 1369 941 1425 premitur
963 1369 1156 1409 omnium
1178 1383 1409 1423 generum:
1442 1372 1583 1412 maxi-

146 1441 214 1467 me
256 1428 438 1467 testibus
474 1427 678 1469 creditur:
731 1427 1054 1467 accusatoribus
1094 1427 1383 1481 frigidissimis
1423 1430 1581 1471 utitur:

145 1484 390 1534 consilium,
409 1484 598 1526 varium:
622 1485 830 1538 quaesitor
852 1486 994 1539 gravis
1016 1494 1059 1524 ct
1080 1483 1241 1534 firmus,
1262 1484 1428 1536 Alfius3
1453 1485 1584 1527 Pom-

145 1542 281 1597 peius,
304 1541 591 1582 45x·e'11ernens
631 1543 672 1581 in
697 1541 922 1596 judicibus
956 1542 1175 1596 rogandis.
1236 1542 1355 1588 Quid
1389 1544 1583 1585 futurum

145 1600 215 1649 sit,
241 1600 411 1641 nescio:
446 1600 586 1640 locum
610 1609 750 1640 tamen
776 1599 832 1639 illi
858 1599 900 1640 in
921 1598 1098 1639 civitate
1121 1614 1207 1639 non
1230 1600 1367 1641 video.
1391 1602 1584 1643 animum

142 1657 320 1712 praebeo
354 1657 404 1697 ad
438 1655 549 1697 illius
589 1657 837 1712 perniciem,
873 1657 1168 1707 moderatum,
1201 1657 1253 1697 ad
1285 1672 1425 1699 rerum
1457 1674 1586 1701 even-

144 1725 256 1764 tum,
278 1714 558 1754 lenissimum.
622 1714 771 1755 Habes
807 1714 893 1754 fere
926 1715 978 1755 de
1011 1715 1213 1755 omnibus
1236 1716 1377 1756 rebus.
1438 1717 1585 1759 Unum

148 1771 253 1812 illud
293 1772 462 1812 acidam.
525 1772 679 1812 Cicero
723 1782 820 1813 tuus
861 1781 1089 1827 nosterque
1131 1787 1300 1813 summo
1339 1774 1481 1816 studio
1522 1784 1588 1817 est

151 1828 320 1870 Paeonii
342 1829 404 1869 sui
430 1828 626 1880 rhetoris,
646 1829 848 1879 hominis,
869 1830 1037 1885 opinor,
1060 1829 1180 1870 valde
1199 1832 1425 1873 exercitati
1446 1842 1490 1874 et
1508 1833 1588 1875 bo-

150 1887 210 1928 ni.
244 1886 315 1927 sed
345 1896 536 1927 nostrum
560 1887 812 1929 instituendi
845 1902 980 1943 genus
1012 1902 1102 1928 esse
1135 1889 1276 1943 paullo
1298 1890 1522 1942 eruditius,
1544 1901 1588 1932 et

151 1945 367 1998 θετικώτεςον,
393 1958 479 1984 non
503 1945 695 2000 ignoras.
756 1945 902 1991 Quare
925 1959 1062 2000 neque
1084 1959 1166 2000 ego
1191 1947 1388 2001 impediri
1414 1948 1592 1990 Cicero-

153 1999 220 2039 nis
253 2000 346 2050 iter,
369 2012 498 2056 atque
530 2002 644 2043 illam
677 2002 949 2058 disciplinam
983 2003 1095 2052 voto,
1128 2014 1170 2043 et
1202 1999 1293 2059 ipse
1318 2019 1421 2060 puer
1452 2007 1591 2063 magis

154 2055 227 2096 illo
249 2057 556 2100 declamatorio
590 2075 745 2116 genere
776 2061 876 2101 duci
902 2070 945 2101 et
977 2060 1179 2102 delectari
1214 2062 1397 2104 videtur.
1429 2063 1470 2105 in
1504 2080 1591 2120 quo

155 2115 360 2168 quoniam
385 2116 464 2171 ipsi
488 2131 660 2173 quoque
683 2118 858 2168 fuimus,
879 2118 1094 2174 patiamur
1117 2118 1233 2160 illum
1259 2119 1318 2160 ire
1341 2123 1497 2162 nostris
1520 2122 1592 2163 iti·
1684 2167 1698 2174 η

154 2173 354 2224 ueribus3
385 2174 536 2215 eodem
558 2176 672 2216 enim
696 2188 1000 2231 perventurum
1023 2191 1114 2217 esse
1138 2177 1412 2219 confidimus.
1436 2180 1508 2221 sed
1528 2189 1591 2221 ta-
1604 2172 1725 2211 P·³²⁴·

157 2243 272 2280 men,
295 2230 329 2270 si
364 2233 590 2273 nobiscum
613 2247 710 2273 eum
735 2248 804 2274 rus
826 2233 970 2289 aliquo
1001 2234 1292 2286 eduxerimus,
1314 2237 1358 2277 in
1381 2236 1492 2278 hanc
1515 2223 1634 2279 no-a'

161 2296 292 2327 stram
345 2289 555 2330 rationem
605 2291 1049 2347 consuetudinemque
1098 2292 1366 2334 inducemus.
1428 2294 1598 2351 Magna

161 2345 277 2385 enim
312 2348 437 2387 nobis
469 2362 493 2387 a
525 2359 565 2388 te
596 2349 820 2404 proposita
850 2363 1011 2390 merces
1043 2360 1121 2400 est,
1145 2365 1274 2405 quani
1305 2361 1419 2392 certe
1452 2363 1599 2394 nostra

159 2402 288 2458 culpa
317 2418 553 2460 numquam
592 2407 732 2447 minus
769 2420 1057 2461 assequemur.
1121 2408 1293 2454 Quibus
1327 2410 1370 2450 in
1403 2409 1522 2461 locis,
1555 2422 1601 2451 et

162 2473 248 2513 qua
269 2475 344 2517 spe
369 2462 631 2505 hiematurus
664 2465 734 2516 sis,
758 2465 808 2506 ad
835 2478 903 2505 me
933 2479 1060 2520 qnam
1084 2464 1416 2522 diligentissime
1437 2469 1599 2510 scribas

165 2517 306 2559 velim.
368 2519 489 2562 Vale.

630 2579 1036 2617 ARGUMENTUM.
1614 2585 1642 2620 4

162 2628 225 2664 De
248 2629 401 2666 Gabinio
428 2635 578 2679 propter
596 2635 816 2668 accusatoris
834 2638 870 2668 et
895 2633 1180 2681 subscriptorum
1207 2633 1409 2684 infantiam
1437 2637 1602 2673 absoluto

212 2683 417 2728 perscribit,
439 2689 473 2718 εἰ
503 2697 617 2731 quare
634 2697 698 2720 nec
724 2697 803 2721 eum
834 2688 1032 2729 accusarit,
1052 2699 1116 2723 nec
1147 2686 1363 2736 defenderit,
1381 2690 1443 2724 sed
1458 2694 1603 2726 tantum

219 2737 463 2771 testimonium
481 2742 610 2773 contra
637 2750 714 2774 eam
736 2740 882 2782 dixerit,
903 2741 1088 2777 ostendit:
1121 2741 1274 2788 denique
1292 2742 1335 2776 (le
1362 2742 1464 2777 rebus
1483 2742 1606 2778 ‹lome-

217 2788 318 2822 sticz's
337 2789 503 2835 quaedam
520 2791 641 2826 addit.

207 2893 380 2933 44frcztre
399 2896 535 2937 Coecilio]
563 2897 675 2930 Fratre
690 2900 834 2931 uterino.
907 2900 969 2930 Pro
1000 2900 1155 2940 Gabinio,
1183 2901 1387 2942 interpositis
1416 2903 1517 2934 etiam
1544 2890 1609 2936 mi-

204 2939 245 2970 δώ
269 2940 437 2970 vehemens
449 2941 486 2971 in
502 2941 674 2981 judicibus
688 2942 860 2983 rogandis]
908 2945 970 2974 nis.
