1940 3231
637 105 844 145 LIBER
882 104 992 144 XIV.
1463 111 1539 148 829

101 209 218 253 enim
252 218 297 252 tu
333 209 386 253 ad
427 225 496 253 me
537 211 785 267 scripseras)
822 223 982 266 magna
1018 206 1319 263 desperatione
1360 209 1540 253 affectus

102 281 267 321 essem;
299 282 399 311 ecce
422 269 501 310 tibi
525 276 568 310 et
591 267 731 318 Bruti,
754 276 798 307 et
827 275 914 308 tuae
946 265 1117 306 litterae.
1150 263 1220 305 ille
1250 264 1427 308 exilium
1452 283 1542 310 me-

102 325 247 367 ditari.
269 341 346 366 nos
369 336 512 367 autem
534 325 663 366 alium
687 333 859 380 portum
888 323 1131 380 propiorem
1156 321 1258 363 huic
1281 323 1399 364 aetati
1425 325 1541 366 vide-
1553 343 1588 374 b.

104 382 284 425 bamus:
317 384 360 423 in
388 398 516 439 quem
546 382 715 423 mallem
746 381 945 436 equidem
978 380 1168 436 pervehi,
1192 379 1373 420 florente
1409 380 1542 423 Bruto

104 449 269 491 nostro,
291 440 611 493 constitutaque
641 439 875 493 republica.
908 437 981 479 sed
1012 451 1127 478 nunc
1149 435 1339 492 quidem,
1365 448 1410 478 ut
1442 438 1546 479 scri-

107 496 190 546 bis,
218 500 328 538 lnori
351 508 493 538 utrum
516 497 594 537 vis.
618 495 834 537 assentiris
856 496 970 536 enirn
1002 494 1125 545 mihi,
1146 503 1338 535 nostram
1370 504 1546 536 aetatem

106 568 132 593 a
153 555 318 604 castris,
340 553 578 609 praesertim
610 553 826 604 civilibus,
848 553 1092 593 abhorrere.
1152 551 1370 592 Antonius
1392 552 1445 593 ad
1477 567 1546 594 me

107 620 276 651 tantum
298 611 351 651 de
371 610 526 651 Clodio
550 611 783 666 rescripsit,
802 624 941 651 meam
965 610 1182 650 lenitatem
1207 617 1251 649 et
1273 608 1547 652 clementiam

108 676 152 708 et
174 668 254 708 sibi
272 681 362 708 esse
380 677 563 724 gratam,
578 677 621 708 et
641 668 746 708 mihi
767 667 978 723 voluptati
999 679 1168 719 magnae
1188 664 1294 707 fore.
1313 667 1383 707 sed
1410 666 1549 708 Pansa

106 724 247 765 furere
270 724 439 766 videtur
462 725 545 766 2de
568 725 738 776 Clodio,
761 725 951 780 itemque
982 723 1035 764 de
1069 723 1303 775 Deiota1·o;
1335 733 1375 764 et
1408 724 1564 780 loqui-v

108 789 178 822 tur
200 796 361 832 severe,
383 782 418 823 si
442 783 545 824 velis
567 783 753 824 credere.
785 781 887 824 illud
923 790 1063 822 tamen
1097 795 1183 821 non
1215 780 1338 832 belle,
1363 791 1408 822 ut
1439 782 1547 823 mihi

107 839 280 893 quidem
307 839 490 891 videtur,
503 840 617 895 quod
642 839 805 881 factum
829 838 1069 880 Dolabella»,
1088 837 1365 879 vehementer
1388 839 1549 895 impro-

106 896 198 937 bat.
261 896 329 939 De
360 897 593 949 coronatis,
614 912 712 938 cum
745 896 901 938 sororis
930 906 1016 937 tuae
1049 894 1161 936 filius
1184 910 1209 936 a
1231 905 1352 951 patre
1373 909 1550 938 accusa-

110 961 178 994 tus
210 964 335 1006 esset,
357 954 591 1011 rescripsit,
613 969 657 995 se
686 968 889 996 coronam
923 952 1124 993 habuisse
1155 952 1330 993 honoris
1364 953 1549 995 Caesaris

109 1025 266 1064 causa3
299 1013 492 1068 posuisse
522 1012 662 1053 luctus
693 1011 857 1068 gratia:
891 1020 1124 1067 postremO,
1147 1024 1191 1050 se
1221 1009 1405 1052 libenter
1438 1011 1551 1052 vitu-

111 1069 378 1124 perationem
402 1070 559 1121 subire,
581 1069 696 1125 quod
719 1076 881 1110 amaret
911 1069 1042 1109 etiam
1073 1076 1291 1108 mortuum
1318 1067 1550 1110 Caesarem.

111 1124 183 1167 Ad
218 1126 502 1179 Dolabellam,
531 1126 894 1182 quemadmodum
928 1126 1006 1166 tibi
1046 1125 1153 1165 dicis
1187 1124 1367 1180 placere,
1399 1126 1551 1182 scripsi

112 1182 357 1240 diligenter.
381 1187 492 1241 3ego
522 1184 653 1225 etiam
685 1184 736 1225 ad
753 1183 954 1224 Siccam.
980 1183 1058 1223 tibi
1077 1182 1174 1223 'hoc
1199 1182 1339 1223 oneris
1364 1197 1448 1223 non
1473 1183 1553 1225 im-

113 1255 244 1296 pono.
268 1241 368 1283 nolo
392 1251 432 1283 te
454 1241 571 1283 illum
597 1243 752 1282 iratum
783 1241 956 1282 habere.
1009 1240 1176 1280 4Servii
1209 1240 1448 1281 orationem
1480 1256 1555 1282 co-

115 1312 304 1354 gnosco:
338 1299 380 1340 in
403 1315 488 1355 qua
511 1299 604 1355 plus
627 1299 794 1340 timoris
819 1298 958 1349 video,
980 1312 1109 1353 quam
1141 1297 1324 1338 consilii.
1349 1297 1421 1338 sed
1444 1312 1552 1353 quo-

115 1356 232 1397 niam
275 1357 487 1412 perterriti
525 1371 673 1397 omnes
712 1370 873 1407 sumus,
909 1355 1119 1396 assentior
1156 1354 1320 1396 Servio.
1373 1354 1555 1396 5Publi-

116 1411 197 1454 lius
220 1422 362 1455 tecum
387 1414 564 1455 tricatus
588 1424 666 1455 est.
689 1413 773 1455 huc
796 1414 910 1454 enim
927 1411 1125 1454 Caerellia
1147 1412 1276 1452 missa
1297 1412 1351 1453 ab
1374 1412 1466 1453 istis
1490 1423 1555 1454 est

116 1468 262 1527 legata
289 1471 342 1512 ad
373 1486 466 1514 me:
499 1472 569 1512 cui
601 1470 725 1512 facile
757 1471 962 1528 persuasi,
994 1469 1100 1510 mihi
1133 1468 1191 1520 id,
1221 1469 1336 1525 quod
1368 1479 1555 1526 rogaret,

116 1541 172 1568 ne
193 1528 320 1570 licere
341 1529 530 1584 quidem,
553 1544 639 1570 non
664 1528 793 1569 modo
826 1543 910 1569 non
943 1527 1102 1568 lubere.
1163 1525 1404 1568 Antonium
1436 1528 1470 1568 si
1495 1528 1558 1569 vi-

116 1585 234 1636 dero,
264 1596 462 1627 accurate
502 1600 629 1642 agam
663 1586 716 1627 de
747 1586 980 1626 Buthroto.
1041 1583 1181 1625 Venio
1213 1584 1265 1625 ad
1297 1585 1557 1627 recentiores

119 1641 308 1695 litteras;
340 1658 602 1698 quamquam
632 1643 685 1684 de
719 1643 869 1688 Servio
904 1642 999 1698 jam
1032 1641 1246 1697 rescripsi.
1277 1642 1375 1682 6me
1418 1642 1558 1684 facere

115 1714 320 1757 magnam
342 1707 462 1758 πςίὶξιν
485 1700 740 1742 Dolabellae.
763 1700 870 1741 mihi
893 1698 1136 1741 mehercule
1155 1699 1215 1740 ita
1235 1698 1417 1751 videtur,
1440 1703 1557 1742 7non

116 1758 330 1814 potuisset
353 1758 491 1814 major
524 1758 596 1800 tali
628 1773 687 1811 re,
711 1758 870 1813 talique
901 1767 1110 1813 tempore.
1134 1757 1206 1797 sed
1242 1768 1400 1808 tamen,
1433 1758 1558 1813 quid-

117 1815 222 1870 quid
253 1816 292 1856 ei
324 1815 482 1868 tribuo,
511 1817 656 1857 tribuo
686 1830 740 1857 ex
774 1816 858 1857 tuis
889 1814 1058 1856 litteris.
1092 1814 1170 1855 tibi
1204 1828 1304 1855 vero
1336 1815 1560 1868 assentior,

117 1871 327 1928 majorem
357 1879 478 1928 πςίίξιν
500 1873 536 1929 ej
547 1889 593 1914 us
625 1872 731 1923 fore,
754 1873 787 1914 si
812 1868 942 1923 inihi,
964 1871 1080 1928 quod
1112 1871 1277 1922 debuit,
1300 1871 1560 1915 dissolverit.

121 1929 297 1981 Brutus,
322 1930 464 1982 velim,
487 1931 542 1972 sit
569 1931 757 1972 Asturae.
820 1930 951 1978 Quod
983 1939 1128 1971 autem
1159 1928 1420 1980 laudas,me‚
1444 1931 1561 1985 quod

119 1987 228 2033 nihil
258 1997 358 2029 ante
387 1987 440 2028 de
474 1988 740 2044 profectione
771 1988 1048 2043 constituam,
1071 2001 1215 2042 quam,
1239 1986 1321 2027 ista
1345 2001 1430 2042 quo
1462 2002 1562 2029 eva-

121 2059 219 2086 sura
240 2044 341 2095 sint,
360 2044 523 2088 videro:
556 2056 676 2088 muto
699 2046 973 2086 sententiam.
997 2059 1135 2100 neque
1156 2043 1393 2099 quidquam
1419 2055 1561 2087 tamen

120 2112 234 2153 ante,
256 2116 386 2157 quam
418 2112 459 2143 te
484 2103 644 2145 videro.
705 2102 899 2145 Atticam
930 2117 1071 2144 meam
1102 2101 1263 2158 gratias
1296 2101 1401 2142 mihi
1434 2112 1695 2159 agerep.235,

117 2159 171 2200 de
193 2171 330 2201 matre
351 2160 543 2216 gaudeo:
576 2161 646 2204 cui
668 2160 843 2216 quidem
875 2175 957 2217 ego
989 2169 1125 2203 totam
1150 2158 1294 2202 villam
1326 2159 1563 2216 cellamque
1575 2162 1606 2184 ³·

123 2274 249 2309 factum
261 2276 374 2315 jocose
387 2274 428 2306 ad
442 2275 582 2307 formam
596 2275 724 2309 ἀσιτίαις.
737 2275 824 2315 quod
866 2275 900 2306 in
924 2276 1047 2307 Senatu
1072 2275 1131 2306 &m
1147 2273 1202 2304 sed
1217 2285 1282 2314 qua
1304 2273 1389 2314 apud
1412 2278 1446 2305 te
1468 2285 1567 2309 usum

123 2317 248 2348 indicat
263 2318 363 2354 istud,
379 2319 425 2348 sic
438 2320 526 2348 enim
546 2325 584 2349 tu
605 2321 653 2350 ad
673 2329 724 2349 me
746 2320 825 2349 scrz'-
866 2328 933 2349 esse
948 2318 1118 2360 scripsisti.
1143 2316 1206 2347 Sed
1221 2316 1450 2356 corrigendum
1464 2327 1569 2358 agno.

119 2369 248 2400 pseras.
270 2360 401 2399 quidam
432 2361 506 2391 addi
533 2362 651 2392 volunt
676 2371 728 2392 em.
757 2371 824 2391 non
865 2371 938 2391 sco:
960 2370 1111 2400 cognosco
1126 2360 1171 2390 sic
1188 2368 1254 2389 non
1270 2359 1402 2390 dicitur.

126 2402 223 2433 male.
254 2412 331 2434 nam
357 2402 421 2433 duo
447 2403 581 2435 ablativi
610 2402 689 2435 nudi
710 2404 823 2435 durius
910 2406 928 2433 5
952 2403 1120 2434 Publilius
1140 2407 1248 2432 tecum
1270 2406 1313 2431 tr.
1337 2401 1397 2440 est]
1424 2401 1476 2433 De
1497 2402 1567 2436 filia

125 2450 340 2482 concurrunt.
868 2444 1051 2481 reducenda
1068 2445 1119 2476 vel
1135 2444 1211 2477 dote
1227 2443 1388 2474 reddenda
1401 2453 1501 2483 agens
1515 2449 1566 2476 te-

173 2489 185 2516 l
211 2497 274 2518 non
289 2492 404 2518 utrum
417 2487 481 2527 vis]
507 2488 585 2518 Non
607 2488 705 2518 datur
718 2488 824 2528 optio,
868 2498 957 2524 cuni,
974 2487 1083 2518 noluit
1098 2487 1184 2518 clare
1203 2485 1311 2527 eloqui
1335 2492 1501 2517 mentem:
1526 2488 1568 2519 il-

127 2528 184 2559 sed
218 2531 397 2561 necessario
426 2536 475 2561 est
508 2530 695 2563 faciendum
724 2530 825 2562 alter·
867 2530 925 2560 lud
939 2531 1042 2569 inagis
1057 2529 1165 2570 placet
1182 2535 1316 2569 propter
1330 2530 1511 2568 sequentia,
1528 2541 1569 2561 ne

132 2576 258 2602 utrum.
869 2574 964 2606 licere
977 2573 1120 2612 quidem,
1137 2582 1200 2602 mm
1216 2571 1309 2601 morlo
1323 2580 1385 2600 non
1401 2572 1509 2603 libere.

173 2615 193 2645 2
208 2615 246 2644 de
264 2613 451 2645 Clodio—de
465 2615 638 2654 Deiotaro]
659 2625 688 2646 v.
705 2625 756 2655 ep.
777 2617 825 2646 12.
911 2615 931 2645 6
947 2614 1121 2653 mesfacere
1135 2623 1296 2652 magnam
1312 2624 1362 2657 arg.
1377 2613 1440 2653 D.]
1459 2624 1503 2645 sc..
1519 2615 1569 2644 di-

174 2659 193 2687 3
209 2666 267 2695 ego
280 2658 381 2687 etiam
394 2659 441 2688 ad
452 2658 597 2697 Siccam]
615 2657 687 2688 Hoc
699 2667 765 2688 non
778 2662 829 2687 est
871 2657 987 2694 ecndo,
1007 2657 1125 2690 verbis.
1149 2666 1227 2687 nam
1250 2656 1330 2687 alias
1353 2665 1421 2686 esse
1436 2656 1569 2688 deberet

132 2710 150 2731 e
172 2700 364 2738 conjectura
385 2700 551 2738 Lambini,
574 2705 610 2730 ut
634 2699 763 2730 Graevio
782 2700 828 2730 vi-
872 2701 1001 2739 magni.

132 2752 217 2772 sum.
233 2741 329 2780 plane
344 2741 388 2771 sic
402 2742 454 2773 ed.
469 2743 566 2774 Rom.
581 2742 673 2773 JenS.
683 2743 742 2773 &c.
758 2743 829 2782 opi·
914 2745 930 2776 7
956 2752 1019 2773 non
1029 2743 1186 2783 potuisset
1207 2739 1329 2781 major]
1357 2741 1419 2770 Pro
1435 2740 1571 2780 vulgato

133 2794 207 2820 nor,
224 2784 365 2823 scripsit,
381 2789 418 2814 ut
437 2785 645 2816 Dolabellam
669 2785 708 2816 de
731 2795 830 2826 pecu·
868 2785 1012 2825 potuisse
1027 2795 1103 2816 cum
1118 2783 1220 2816 sunio
1236 2788 1270 2813 et
1286 2782 1415 2813 Graevio
1431 2782 1517 2821 dedi,
1533 2789 1573 2815 ut

132 2828 188 2858 nia
203 2826 353 2856 Ciceroni
368 2826 522 2858 solvenda
535 2834 698 2858 moneret.
875 2827 1007 2860 volebat
1019 2827 1084 2868 legi
1098 2827 1200 2859 etiam
1216 2825 1411 2857 Gronovius.

176 2872 197 2900 4
221 2869 326 2900 Servii
349 2879 394 2899 or.
417 2869 582 2909 cognosco]
608 2869 684 2901 Non
707 2869 831 2900 dictam
