1940 3231
699 164 906 206 LIBER
948 165 1058 205 VIII.
1522 175 1595 210 641

155 270 247 313 sine
281 271 482 329 praesidio
514 278 557 315 et
588 272 679 313 sine
712 271 910 327 pecunia.
945 270 1089 327 itaque
1120 270 1252 312 habui
1286 271 1592 316 nihilomnino

153 331 342 385 negotii3
362 331 477 386 quod
496 332 549 372 ab
569 329 693 370 initio
715 329 817 380 vidi,
834 327 942 369 nihil
959 328 1093 383 quaeri
1115 337 1270 384 praeter
1289 328 1453 384 fugam.
1486 332 1591 373 Eam

155 386 191 427 si
213 402 326 428 nunc
349 402 516 443 sequor,
537 388 754 442 quonam?
816 386 928 427 Cum
960 385 1031 427 illo
1062 401 1148 427 non
1170 402 1180 427 ι
1213 386 1265 426 ad
1288 401 1414 442 quem
1439 390 1476 418 23
1491 401 1634 433 cumb.

155 458 290 485 essem
317 445 548 502 profectuS,
571 443 758 499 cognovi
783 443 824 484 in
855 443 907 485 iis
930 443 1034 484 locis
1056 458 1147 484 esse
1171 443 1403 495 Caesarem,
1429 454 1474 484 ut
1497 455 1590 486 tuto

156 499 380 543 Luceriam
415 501 559 542 venire
596 515 681 542 non
716 515 901 557 possem.
934 500 1074 542 infero
1108 502 1215 542 mari
1250 501 1391 554 nobis,
1428 501 1593 544 incerto

153 572 295 609 cursu,
318 559 458 600 hieme
483 559 673 600 maxima
696 559 987 615 navigandum
1010 568 1089 600 est.
1142 559 1239 615 Age
1255 558 1366 614 jam,
1388 573 1488 600 cum
1511 559 1596 601 fra-

151 624 231 666 tre,
253 631 306 656 an
337 616 458 657 sine?
490 631 587 657 cum
621 616 726 668 filio,
749 626 824 658 aut
845 617 1096 672 quomodo?
1128 616 1172 657 in
1204 627 1384 672 utraque
1413 618 1528 657 enim
1554 632 1596 658 rc

152 687 317 713 summa
335 673 568 714 difficultas
588 675 682 725 erit,
703 689 894 715 summus
916 674 1050 715 animi
1071 674 1207 715 dolor.
1239 675 1328 721 Qui
1352 683 1494 715 autem
1517 675 1597 715 im-

112 759 117 765 .
149 740 274 784 petus
298 729 408 771 illius
431 732 513 772 erit
534 731 576 772 in
603 747 679 773 nos
702 733 900 773 absentes
924 731 1204 787 fortunasque
1228 735 1419 773 nostras?
1441 732 1595 783 acrior,

148 801 280 840 quam
304 787 346 828 in
367 799 634 841 ceterorum3
667 790 782 845 quod
813 789 985 846 putabit
1007 788 1202 841 fortasse,
1226 790 1322 830 2410
1357 790 1480 830 nobis
1506 791 1597 831 vio-

149 842 287 884 landis
321 845 482 901 aliquid
515 861 558 887 se
592 847 750 888 habere
784 847 1005 903 populare.
1064 846 1162 903 Age
1187 847 1298 902 jam,
1325 847 1398 888 has
1421 862 1597 903 compe-

149 899 239 951 des,
262 900 414 954 fasces,
446 904 637 960 inquam,
668 905 746 945 hos
784 905 997 946 laureatos
1030 904 1181 945 efferre
1214 919 1268 945 ex
1301 904 1443 956 Italia,
1466 920 1596 960 quam

149 958 381 1000 molestum
405 964 496 1003 est?
530 962 616 1008 Qui
653 971 797 1003 autem
832 962 950 1003 locus
981 962 1062 1002 erit
1096 962 1221 1002 nobis
1255 971 1387 1012 tutus,
1411 967 1479 1015 (ut
1502 962 1598 1017 jam

150 1014 332 1070 placatis
369 1027 539 1060 utamur
562 1020 800 1070 fluetibus)
833 1030 1064 1074 antequam
1096 1019 1149 1059 ad
1184 1019 1303 1060 illum
1328 1020 1597 1062 venerimus?

150 1086 237 1127 qua
260 1084 418 1126 autem,
441 1086 516 1117 aut
538 1091 639 1132 qun,
671 1077 779 1118 nihil
812 1077 985 1117 scimus.
1046 1076 1106 1116 At
1138 1076 1172 1116 si
1207 1077 1418 1128 restitero,
1441 1087 1484 1117 et
1507 1076 1598 1117 fue-

152 1131 212 1171 rit
233 1133 358 1173 nobis
387 1134 429 1173 in
455 1134 535 1175 hac
570 1144 689 1189 parte
723 1134 868 1186 locus3
901 1135 1013 1174 idem
1046 1133 1203 1185 fecero,
1226 1135 1341 1189 quod
1376 1135 1416 1175 in
1444 1134 1598 1176 Cinnae

150 1187 451 1232 dominatione
475 1191 718 1248 Philippus,
740 1192 857 1247 quod
891 1191 940 1232 L.
965 1191 1160 1241 Flaccus,
1181 1192 1297 1246 quod
1322 1192 1378 1238 Q.
1405 1191 1599 1243 Mucius,

150 1260 328 1302 quoquo
357 1248 486 1290 modo
519 1263 571 1289 ea
599 1264 663 1290 res
696 1250 798 1290 huic
828 1249 1003 1305 quidem
1037 1249 1220 1300 cecidit3
1251 1249 1325 1304 qui
1360 1259 1502 1290 tamen
1538 1250 1599 1291 ita

150 1303 294 1345 dicere
327 1305 507 1358 solebat,
543 1321 601 1358 se,
637 1307 679 1348 id
721 1307 826 1359 fore,
861 1307 1020 1358 videre,
1048 1307 1163 1361 quod
1196 1306 1360 1348 factum
1393 1317 1482 1359 est3
1526 1308 1600 1348 sed

147 1361 294 1414 malle,
331 1378 461 1419 quam
494 1374 705 1405 armatum
742 1365 794 1406 ad
834 1364 985 1419 patriae
1023 1364 1188 1404 moenia
1220 1364 1437 1405 accedere.
1477 1364 1601 1405 aliter

149 1418 462 1476 ThrasybuIUS,
486 1432 529 1463 et
552 1422 733 1463 fortasse
755 1422 922 1463 melius.
955 1421 1027 1462 sed
1060 1432 1123 1461 est
1156 1432 1273 1462 certa
1295 1423 1494 1476 quaedam
1530 1422 1601 1463 illa

151 1477 296 1519 'Mucii
321 1479 429 1520 ratio
454 1489 584 1536 atque
615 1480 854 1521 sententia:
887 1490 951 1519 est
974 1479 1046 1519 illa
1067 1479 1200 1519 etiam
1221 1478 1509 1535 Thrasybuli3
1541 1490 1600 1530 et,

149 1550 249 1577 cum
281 1536 335 1576 sit
370 1551 557 1589 neeesse,
588 1537 745 1578 servire
779 1536 979 1592 tempori,
1001 1546 1044 1576 et
1073 1551 1159 1577 non
1193 1537 1392 1577 amittere
1415 1547 1600 1593 tempus,

149 1608 248 1634 cum
274 1594 330 1634 sit
351 1594 516 1635 (iatum.
565 1595 648 1636 Sed
672 1595 715 1635 in
740 1594 823 1635 hoc
846 1595 939 1649 ipso
962 1594 1122 1634 habent
1145 1604 1287 1634 tamen
1310 1594 1439 1635 iidem
1463 1595 1600 1636 fasces

151 1652 408 1693 molestiam.
438 1652 494 1692 sit
515 1653 629 1693 enini
653 1652 780 1693 nobis
811 1652 989 1702 amicus,
1019 1651 1136 1706 quod
1167 1652 1377 1693 incertum
1402 1662 1493 1694 est:
1527 1653 1599 1693 secl

148 1711 232 1761 sit;
264 1711 428 1752 deferet
450 1711 734 1766 triumphum.
766 1712 805 1741 25
819 1725 902 1751 non
927 1709 1178 1765 acciperene
1210 1709 1497 1766 periculosum
1530 1710 1599 1759 sit,

148 1784 202 1811 an
226 1771 423 1826 accipere
452 1768 711 1809 invidiosum
739 1767 791 1808 ad
818 1767 978 1809 bonos?
1010 1782 1035 1807 o
1059 1781 1163 1818 rem,
1195 1767 1353 1822 inquis,
1375 1767 1598 1808 difficilem

147 1837 193 1868 et
215 1826 591 1884 inexplicabilem!
626 1826 744 1880 atqui
768 1825 1027 1881 explicanda
1048 1834 1127 1865 est.
1150 1825 1223 1879 qui
1247 1826 1362 1865 enim
1386 1825 1477 1866 fieri
1502 1836 1598 1881 pot-

145 1889 240 1928 est?
271 1901 321 1927 ac
344 1900 397 1926 ne
419 1898 487 1926 me
503 1883 764 1924 existimaris
787 1883 840 1924 ad
862 1882 1123 1923 manendum
1146 1896 1237 1923 esse
1259 1882 1600 1939 propensiorem,

147 1944 265 1999 quod
288 1943 410 1999 plura
429 1942 473 1983 in
496 1956 591 1982 eam
616 1950 780 1997 partem
805 1940 934 1981 verba
956 1939 1157 1982 fecerim:
1191 1950 1334 1996 potest
1358 1940 1465 1991 fieri,
1482 1941 1598 1996 quod

147 2002 200 2042 fit
222 2002 266 2042 in
286 2000 430 2041 multis
452 1998 781 2055 quaestionibus,
805 2006 852 2038 ut
875 2011 940 2038 res
972 1997 1193 2039 verbosior
1224 1997 1320 2039 haec
1350 1997 1497 2049 fuerit,
1526 1997 1598 2038 illa

147 2059 304 2100 verior.
335 2057 633 2113 quamobrem,
654 2066 703 2098 ut
727 2056 919 2097 maxima
940 2054 993 2096 de
1024 2070 1084 2104 re,
1107 2070 1233 2110 aequo
1263 2055 1410 2096 animo
1431 2055 1593 2096 delibe-
1608 2066 1638 2095 Ρ-
1660 2057 1727 2086 ¹⁶2¹·

145 2117 275 2168 tanti,
299 2116 360 2156 ita
381 2114 487 2156 mihi
510 2114 583 2155 des
605 2114 834 2155 consilium
857 2113 999 2154 velim.
1062 2112 1198 2154 Navis
1220 2123 1264 2155 et
1285 2113 1328 2154 in
1354 2113 1509 2167 Cajeta
1529 2109 1636 2153 esta·

148 2184 301 2231 parata
333 2173 459 2214 nobis
493 2181 536 2212 et
567 2171 802 2212 Brundisii.
837 2171 911 2212 sed
944 2185 1045 2212 ecce
1081 2172 1238 2223 nuntii,
1275 2171 1490 2212 scribente
1527 2184 1595 2211 me

149 2233 247 2274 haec
281 2232 375 2287 ipsa
398 2240 528 2272 noctu
552 2228 597 2269 in
621 2228 799 2280 Caleno,
822 2242 922 2270 ecce
953 2228 1126 2279 litterae,
1149 2228 1367 2270 Caesarem
1400 2229 1453 2270 ad
1487 2227 1596 2269 Cor—

148 2289 318 2340 finium,
343 2288 589 2330 Domitium
614 2286 794 2328 Corfinii
819 2300 917 2328 cum
949 2286 1075 2328 firmo
1097 2286 1308 2338 exercitu,
1329 2297 1374 2327 et
1407 2300 1598 2342 pugnare

147 2347 369 2404 cupiente.
401 2360 487 2387 non
511 2354 618 2401 puto
640 2345 770 2385 etiam
794 2343 879 2385 hoc
901 2342 1086 2385 Cnaeum
1118 2354 1313 2385 nostrum
1343 2343 1600 2385 commissu—-

148 2419 260 2456 rum,
289 2414 337 2446 ut
369 2402 616 2445 Domitium
651 2402 890 2458 relinquat:
922 2401 1003 2442 etsi
1031 2401 1313 2443 Brundisium
1347 2401 1599 2457 Scipionem

147 2478 249 2504 cum
271 2461 524 2504 cohortibus
555 2461 721 2501 duabus
752 2459 1044 2516 praemiserat3
1076 2459 1291 2514 legionem
1315 2458 1476 2500 Fausto
1494 2473 1600 2500 con-

147 2521 371 2577 scriptam,
394 2519 438 2560 in
470 2518 663 2560 Siciliam
686 2517 769 2559 sibi
793 2517 961 2573 placere
991 2532 1016 2558 a
1037 2516 1213 2559 consule
1233 2516 1348 2568 duci,
1371 2517 1601 2573 scripserat

193 2646 235 2676 23
257 2654 334 2675 eum
361 2654 460 2675 essem
479 2643 662 2685 prqfectus]
697 2643 750 2674 Sic
777 2642 850 2674 edd.
887 2653 968 2684 pere
989 2644 1013 2675 i.
1029 2654 1062 2674 a.
1079 2642 1124 2682 b.]
1152 2642 1234 2673 Haec
1258 2651 1326 2672 non
1347 2641 1494 2682 placent.
1518 2650 1598 2671 nam

149 2695 202 2727 pr.
225 2686 300 2717 aliae
321 2687 394 2718 edd.
410 2692 490 2718 vett.
508 2686 719 2728 prqf'ecturus
732 2698 742 2715 :
764 2685 850 2725 quod
892 2686 1060 2717 sententia
1076 2695 1142 2716 non
1155 2686 1234 2716 satis
1250 2689 1400 2715 constat:
1417 2689 1452 2714 et
1467 2684 1598 2714 variant

149 2732 202 2759 est
222 2729 362 2760 facilius.
405 2730 469 2761 Sed
492 2730 574 2760 illud
595 2739 722 2769 quoque
751 2728 849 2759 intel·
892 2728 978 2760 libri.
1000 2729 1050 2760 ed.
1074 2728 1172 2759 Rom.
1196 2727 1314 2758 habet:
1339 2736 1403 2757 non
1428 2726 1596 2765 accipere.-

150 2770 210 2810 ligi
237 2772 409 2803 commode
436 2777 566 2813 potest:
591 2782 669 2803 cum
689 2772 760 2811 jam
787 2771 851 2802 dis·
892 2781 933 2802 ne
948 2773 1170 2813 perimatusum
1184 2771 1240 2809 sit,
1260 2769 1455 2800 invidiosum
1478 2768 1525 2798 ad
1545 2768 1598 2798 bo-

151 2813 318 2844 cessissem
334 2820 368 2845 et
382 2824 486 2846 essem
502 2816 536 2846 in
552 2816 682 2846 itinere.
891 2824 960 2846 nos.
990 2820 1071 2856 puto
1099 2814 1292 2845 Ciceronem
1319 2810 1503 2850 scripsisse:
1530 2819 1598 2841 mm

192 2858 234 2886 24
268 2857 304 2885 in
330 2857 417 2887 nobis
451 2857 739 2898 vicl—populare]
779 2855 851 2888 scil.
895 2859 1053 2898 accipere,
1075 2866 1116 2887 ne
1133 2856 1352 2896 periculosum
1366 2854 1428 2883 sit:
1451 2853 1598 2893 accipere

149 2898 238 2937 quod
253 2909 291 2927 ex
307 2899 522 2938 optimatibus
537 2906 634 2932 esset.
893 2900 1091 2931 invidiosum
1112 2899 1159 2929 ad
1172 2899 1274 2929 bonos.
1291 2906 1332 2926 ne
1347 2900 1406 2926 aut
1427 2896 1597 2926 affirman-

192 2942 232 2971 535
256 2950 319 2970 non
342 2942 526 2981 acciperem
542 2953 615 2982 per.
629 2944 683 2981 sit,
698 2952 740 2974 an
763 2943 848 2974 acci·
893 2942 935 2973 do
950 2942 1189 2983 accipiendum,
1205 2944 1262 2971 aut
1278 2938 1384 2970 intell.
1400 2942 1506 2969 metuo
1520 2948 1572 2970 ne.

206 2997 416 3026 v()1...111.
440 2998 480 3026 P.
506 2999 562 3027 Π.
834 2996 861 3023 Τ
886 2992 903 3023 t
