1940 3231
338 156 417 219 '216
755 148 933 193 EPIST.
960 154 1038 192 AD
1064 153 1346 199 ATTICUM,

277 269 328 311 16
769 259 1002 303 CICERO
1033 259 1260 302 ATTICO
1292 260 1336 301 S.

339 313 734 370 COMMODUM
760 329 810 369 ad
835 338 877 369 te
909 329 1109 370 dederam
1131 329 1291 369 litteras
1317 328 1370 369 de
1402 326 1594 382 pluribus
1619 325 1768 381 -rebus,

336 386 511 426 eumad
533 399 601 426 me
623 386 730 425 bene
750 400 874 426 mane
893 385 1128 440 Dionysius
1151 386 1257 427 fuit:
1291 386 1358 426 cui
1380 384 1551 438 quidem
1577 399 1658 441 ego
1683 400 1770 427 non

335 443 466 483 modo
500 442 751 498 placabilem
773 456 842 482 me
864 443 1158 497 praebuissem,
1181 443 1252 484 sed
1277 451 1414 484 totum
1441 442 1708 491 remisissem,
1734 439 1769 485 si

336 500 591 549 advenisset,
614 514 699 553 qna
720 508 863 539 mente
886 508 932 539 tu
956 499 1008 539 ad
1031 513 1098 539 me
1122 500 1363 554 scripseras.
1395 507 1485 539 erat
1506 498 1620 539 enim
1641 499 1700 539 sic
1723 499 1768 539 in

335 557 422 597 tuis
444 556 611 606 litteris,
634 570 739 610 quas
767 554 921 610 Arpini
953 570 1216 612 acceperam,
1239 571 1335 597 eum
1368 566 1595 597 venturum
1630 556 1769 596 factu-

335 627 529 668 rumque,
553 613 667 666 quod
702 626 784 668 ego
808 612 973 654 vellem.
1005 627 1087 669 ego
1113 613 1308 653 volebam
1342 623 1499 664 autem,
1525 613 1587 653 vel
1620 613 1768 668 cupie-

336 671 434 710 bam
471 669 629 724 potius,
651 683 742 710 esse
764 684 860 710 eum
881 670 1123 711 nobiscum.
1155 671 1268 724 quod
1300 671 1400 725 quia
1433 670 1573 726 plane,
1595 685 1693 710 cum
1725 670 1766 711 in

337 726 617 767 Formianum
649 727 848 778 venisset,
872 726 1139 782 praeciderat,
1162 727 1350 782 asperius
1374 727 1426 767 ad
1454 737 1495 768 te
1517 728 1570 768 de
1591 742 1641 768 eo
1665 726 1767 767 scri-

333 785 435 824 bere
457 783 659 825 solebam.
691 793 736 825 at
757 784 826 825 ille
849 798 1062 839 perpauca
1096 784 1278 835 locutus,
1302 784 1412 824 hanc
1450 799 1657 824 summam
1692 783 1767 824 ha-

334 840 430 881 buit
465 841 701 892 orationis3
735 849 783 882 ut
805 841 887 882 sibi
920 841 1215 897 ignoscerem3
1246 856 1289 881 se
1311 841 1436 881 rebus
1467 841 1551 881 suis
1585 841 1767 896 impedi-

333 907 426 939 tum
449 897 675 939 nobiscum
698 899 758 939 ire
781 913 868 939 non
892 912 1030 954 posse.
1054 913 1190 954 pauca
1211 898 1437 954 respondi;
1470 912 1671 953 magnum
1696 913 1767 938 ac-

332 956 426 1011 cepi
450 956 668 997 dolorem:
704 956 895 996 intellexi
918 955 1134 996 fortunam
1158 955 1211 996 ab
1234 969 1284 995 eo
1306 964 1494 996 nostram
1518 955 1763 1011 despectam

333 1026 439 1053 esse.
469 1013 573 1067 quid
607 1013 791 1068 quaeris?
823 1012 1003 1054 fortasse
1035 1012 1269 1053 miraberis.
1301 1012 1344 1052 in
1378 1012 1578 1052 maximis
1611 1012 1762 1052 horum

333 1078 577 1125 temporum
612 1070 832 1112 doloribus
861 1070 974 1111 hunc
1006 1070 1109 1111 mihi
1148 1070 1256 1110 scito
1291 1084 1395 1110 esse.
1428 1068 1570 1119 velim,
1605 1080 1648 1108 ut
1684 1068 1760 1108 m

335 1128 497 1168 amicus
520 1128 588 1168 sit.
620 1127 702 1169 hoc
724 1143 821 1169 cum
844 1127 920 1168 tibi
945 1137 1064 1183 opto,
1083 1136 1186 1184 opto
1212 1136 1257 1167 ut
1277 1128 1424 1167 beatus
1448 1126 1517 1166 sis.
1549 1126 1629 1166 erit
1650 1127 1764 1165 mim

204 1185 515 1236 p.169.tamdiu.
576 1185 815 1226 Consilium
848 1193 1039 1226 nostrum
1070 1199 1193 1240 spero
1227 1199 1408 1225 vacuum
1439 1183 1628 1239 periculo
1660 1183 1763 1223 fore.

293 1246 324 1268 δ’
336 1257 434 1283 nam
457 1251 501 1283 et
530 1242 908 1292 dissimulabimus,
932 1252 989 1293 et,
1015 1251 1060 1282 ut
1090 1242 1258 1297 opinor,
1285 1245 1315 1271 1¹
1333 1241 1537 1282 acerrime
1569 1240 1763 1280 adserva-

336 1299 491 1341 bimus.
523 1300 743 1356 navigatio
778 1299 906 1340 modo
930 1300 998 1350 sit,
1021 1299 1189 1354 qualem
1223 1308 1342 1354 opto.
1374 1308 1529 1348 cetera,
1551 1312 1647 1352 quae
1670 1298 1764 1351 qui-

333 1357 431 1398 dem
462 1357 642 1398 consilio
674 1356 888 1413 provideri
921 1365 1138 1412 poterunt,
1160 1358 1439 1398 cavebuntur.
1475 1365 1535 1405 tu,
1557 1355 1659 1396 dum
1690 1354 1764 1394 ad-

335 1429 494 1466 sumus,
528 1429 615 1455 non
648 1415 776 1456 modo
815 1429 910 1469 quae
945 1414 1089 1455 scieris
1120 1414 1372 1462 audierisve,
1396 1413 1468 1454 sed
1500 1412 1630 1453 etiam
1663 1426 1761 1467 quae

336 1471 481 1512 futura
512 1472 772 1527 providebis,
804 1473 963 1513 scribas
995 1471 1138 1512 velim.
1200 1470 1326 1520 Cato,
1359 1471 1432 1525 qui
1470 1469 1661 1511 Siciliam
1701 1480 1764 1509 te-

336 1543 436 1570 nere
477 1529 593 1570 nullo
629 1529 805 1585 negotio
840 1529 997 1585 potuit,
1035 1538 1092 1577 et,
1134 1528 1166 1568 si
1203 1528 1423 1577 tenuisset,
1467 1542 1613 1568 omnes
1658 1526 1760 1567 boni

335 1587 386 1627 ad
411 1601 505 1627 eum
541 1601 584 1626 se
618 1586 914 1638 contulissent,
937 1585 1159 1641 Syracusis
1192 1584 1409 1641 profectus
1428 1595 1492 1624 est
1524 1593 1621 1624 ante
1648 1584 1763 1624 diem

337 1658 431 1685 VIII
470 1643 568 1684 Kal.
604 1644 713 1685 Mai.
747 1654 795 1685 ut
832 1644 884 1685 ad
917 1658 985 1684 me
1028 1642 1160 1683 Curio
1204 1642 1388 1697 scripsit.
1431 1642 1610 1692 utinam,
1644 1640 1761 1696 quod

334 1701 471 1751 aiunt,
497 1704 533 1731 ¹2
548 1700 681 1742 Cotta
712 1701 952 1742 Sardiniam
985 1700 1150 1741 teneat!
1188 1708 1252 1740 est
1273 1699 1386 1739 enim
1410 1713 1567 1740 rumor.
1599 1713 1640 1749 o,
1662 1699 1695 1738 si
1719 1697 1763 1739 id

334 1758 478 1808 fuerit,
513 1768 679 1815 turpem
714 1758 951 1800 Catonem!
986 1757 1095 1813 Ego,
1130 1766 1177 1797 ut
1206 1756 1440 1798 minuerem
1474 1756 1763 1811 suspicionem

333 1815 615 1871 profectionis
646 1826 720 1857 aut
750 1816 1029 1872 cogitationis
1062 1828 1182 1865 meae,
1206 1813 1423 1870 profectus
1449 1828 1540 1854 sum
1564 1814 1606 1853 in
1633 1812 1764 1853 Pom-

331 1873 535 1929 peianum
568 1889 606 1915 a.
639 1874 681 1915 d.
719 1887 802 1915 1111
838 1872 904 1914 Id.
939 1882 985 1913 ut
1014 1871 1074 1912 ibi
1105 1886 1255 1922 essem,
1287 1871 1405 1921 dum,
1426 1886 1523 1926 quae
1554 1870 1607 1911 ad
1641 1871 1761 1911 navi-

332 1931 523 1985 gandum
545 1946 653 1987 opus
674 1940 829 1979 essent,
856 1938 1119 1986 pararentur.
1151 1943 1249 1970 cum
1273 1928 1324 1969 ad
1361 1927 1502 1968 villam
1536 1927 1760 1978 venissem,

333 1997 509 2029 ventum
526 1999 591 2029 est
609 1989 663 2030 ad
682 2003 776 2039 me,
798 1988 1069 2029 centuriones
1090 1987 1217 2027 trium
1235 1985 1495 2035 cohortium,
1511 2000 1608 2040 quae
1630 1984 1760 2025 Pom-

329 2045 439 2100 peiis
467 2055 579 2095 sunt,
602 2061 670 2087 me
700 2045 807 2088 velle
839 2044 1070 2101 postridic3
1113 2044 1228 2096 (haec
1261 2057 1428 2083 mecum
1463 2041 1650 2083 Ninnius
1682 2057 1761 2082 no-

330 2111 417 2144 ster
434 2104 464 2155 3)
497 2103 602 2144 velle
620 2118 692 2144 eos
714 2102 821 2145 mihi
844 2117 887 2143 se
909 2111 952 2142 et
973 2100 1184 2157 oppidum
1206 2100 1384 2141 tradere.
1407 2109 1451 2140 at
1473 2114 1554 2155 ego
1578 2099 1656 2140 tibi
1682 2114 1759 2155 po-

331 2160 479 2200 stridie
506 2176 532 2202 a
564 2160 664 2202 villa
695 2169 794 2201 ante
826 2159 980 2209 lucem,
1003 2168 1050 2199 ut
1083 2173 1151 2199 me
1175 2157 1352 2199 omnino
1374 2157 1433 2198 illi
1467 2171 1520 2197 ne
1555 2156 1760 2198 viderent.

329 2217 434 2272 quid
456 2216 572 2258 enim
599 2226 690 2258 erat
721 2217 764 2258 in
788 2217 924 2258 tribus
953 2215 1234 2257 cohortibus?
1265 2214 1382 2270 quid,
1405 2214 1440 2254 si
1474 2214 1642 2270 plures?
1673 2227 1759 2268 quo

329 2277 569 2329 apparatu?
600 2275 790 2332 cogitavi
823 2274 971 2315 eadem
1001 2272 1072 2313 illa
1105 2272 1317 2323 Coeliana,
1340 2287 1437 2326 quae
1468 2271 1552 2326 legi
1590 2271 1633 2311 in
1667 2271 1759 2326 epi-

330 2331 440 2373 stola
459 2341 545 2382 tua,
565 2347 695 2388 quam
723 2332 886 2388 accepi,
910 2330 1035 2372 simul
1057 2339 1100 2371 et
1122 2330 1164 2370 in
1198 2329 1439 2370 Cumanum
1474 2328 1587 2378 veni,
1607 2328 1759 2368 eodem

330 2387 414 2439 die,
442 2392 476 2420 ¹3
491 2397 534 2430 et
566 2389 692 2431 simul
713 2389 804 2430 fieri
837 2396 1018 2445 poterat,
1041 2396 1089 2428 ut
1118 2395 1393 2428 tentaremur.
1425 2400 1596 2427 omnem
1624 2385 1758 2440 igitur

331 2446 620 2502 suspicionem
659 2446 824 2488 sustuli.
866 2446 938 2487 sed
974 2459 1073 2486 cum
1104 2445 1245 2495 redeo,
1278 2442 1536 2484 Hortensius
1569 2451 1759 2493 venerat,

330 2511 375 2542 et
401 2502 456 2545 ad
476 2503 722 2546 Terentiam
758 2504 987 2547 salutatum
1016 2502 1276 2552 diverterat3
1308 2514 1501 2542 sermone
1535 2508 1626 2540 erat
1657 2513 1758 2540 usus

375 2652 409 2680 11
449 2651 607 2681 acerrime
647 2649 903 2690 adservabz'mus]
946 2650 1018 2682 Hoc
1062 2651 1124 2681 rim
1137 2650 1182 2680 sic
1193 2649 1304 2679 locum
1317 2647 1551 2687 intelligemus
1568 2656 1619 2686 ep.
1636 2647 1685 2677 18.
1702 2653 1757 2675 cu-

329 2692 464 2722 verbum
481 2693 635 2723 vitiosum
651 2699 742 2733 puto,
757 2694 784 2723 si
807 2696 947 2723 maxime
962 2694 1021 2723 ad·
1061 2693 1182 2729 stodice,
1198 2691 1313 2731 quibus
1326 2700 1482 2721 asservor.

327 2743 459 2765 servare
472 2745 531 2775 pro
545 2736 714 2766 observare
729 2735 792 2766 dici
807 2736 919 2775 possit.
943 2745 1022 2765 nam
1109 2736 1147 2765 12
1174 2734 1265 2765 Cotta
1278 2733 1472 2763 Sardiniam
1487 2730 1609 2770 teneat]
1628 2729 1676 2760 M.
1690 2729 1758 2760 Au-

328 2777 358 2805 ei
376 2777 409 2807 tro*
421 2778 581 2808 acerrime
594 2787 661 2807 non
676 2778 842 2808 convenit.
874 2778 907 2807 Si
924 2776 1022 2807 intel—
1065 2777 1164 2808 relius
1181 2778 1219 2807 C.
1234 2785 1265 2805 ν.
1281 2775 1363 2805 Caes.
1379 2776 1420 2806 B.
1438 2776 1476 2805 C.
1493 2774 1521 2810 1,
1536 2776 1588 2804 30.

327 2817 482 2858 ligatum,
520 2819 738 2850 custodiemus
764 2819 954 2860 premendo,
983 2828 1024 2848 ne
1112 2822 1148 2849 13
1170 2823 1201 2848 et
1222 2818 1323 2847 simul
1331 2816 1369 2857 f.
1390 2816 1443 2857 p.]
1479 2817 1551 2847 Hoc
1580 2814 1660 2846 mihi
1688 2823 1756 2844 non

327 2861 620 2899 animadvertatur,
637 2863 690 2892 cui
701 2861 890 2894 conveniret
901 2862 1024 2891 acerri-
1066 2861 1184 2902 placet.
1212 2869 1278 2891 non
1293 2859 1375 2892 bene
1389 2859 1532 2891 cohaeret
1546 2867 1621 2890 cum
1637 2866 1759 2898 praecer

328 2912 392 2941 me,
408 2903 490 2935 illud
504 2909 541 2935 ut
556 2905 667 2946 opinor
679 2914 746 2936 non
760 2904 925 2936 convenit.
940 2904 1025 2936 inte-
1066 2903 1229 2935 dentibus.
