1940 3231
706 90 913 131 LIBER
949 76 1058 129 xv1.
1243 65 1247 66 i
1531 91 1605 132 ssi

128 234 134 242 ,
165 198 273 240 soles
298 197 420 250 ferre,
440 207 580 240 totum
603 197 688 240 hoc
712 198 781 249 da,
801 208 862 249 ut,
879 197 994 252 quod
1018 209 1186 251 semper
1208 194 1470 248 existimavi,
1491 210 1605 239 nunc·

163 256 290 313 plane
313 258 566 312 intellig-dm,
592 270 658 297 me
680 271 705 296 a
729 267 769 295 te
792 256 974 296 multum
1006 254 1176 307 anienis
1217 253 1472 294 Buthrotios
1505 271 1604 298 curn

156 314 311 369 ,Caesar
333 316 505 356 decreto
528 329 620 364 suo,
639 313 755 368 quod
777 327 860 369 ego
884 311 1112 367 obsignavi
1135 324 1233 351 cum
1260 310 1403 351 multis
1429 314 1605 366 amplis-

162 368 281 422 simis
300 373 412 422 viris,
430 371 709 422 liberavisset,
726 370 1070 424 ostendissetque
1091 368 1232 418 nobis,
1253 382 1310 418 se,
1330 375 1432 407 cum*
1445 371 1602 424 agrarii

160 443 278 470 mare
303 430 565 478 transissent,
585 428 746 469 litteras
771 428 1014 475 missurum,
1030 440 1154 481 quem
1181 426 1221 465 in
1247 440 1397 481 agrum
1418 426 1602 467 ‹les-luce-

157 498 332 538 rentur3
363 483 535 536 accidit,
562 495 606 525 ut
629 487 773 527 subito
798 485 866 526 illc
899 485 1105 526 interiret.
1129 483 1297 534 deinde,
1321 484 1601 538 quemadmo-

149 543 261 594 ‚dum
296 554 340 585 tu
375 545 472 594 scis,
495 543 748 596 (interfuisti
783 543 914 599 enim,
939 557 1037 583 cum
1069 541 1263 582 consules
1294 550 1513 596 oporteret
1543 556 1598 583 ex

158 611 330 642 senatus
353 600 549 642 consulto
572 601 624 641 (le
647 602 753 642 actis
779 600 962 642 Caesaris
995 599 1290 654 cognoscere,)
1316 613 1377 638 res
1401 599 1455 639 ab
1479 599 1530 639 iis
1551 599 1598 640 'in

157 658 257 700 Kal.
275 658 379 701 Jun.
403 658 535 699 dilata
556 668 634 699 est.
658 659 835 700 accessit
861 658 910 699 ad
937 667 1108 697 senatus
1131 656 1375 697 consultum
1400 656 1482 707 lex,
1500 672 1598 711 quae

143 716 242 767 ‘lata
264 726 326 756 cst
349 731 388 756 a.
409 715 675 766 d..1v.l'{on.
694 716 797 758 Jun.
816 731 912 770 quae
936 715 1004 755 lex
1029 728 1172 754 earum
1199 727 1352 764 rerum,
1370 728 1474 768 quas
1499 714 1598 755 Cae-

142 789 223 816 .sar
254 774 487 824 statuisset,
511 774 782 824 decrevisset,
815 774 988 829 egisset,
1019 770 1268 812 consulibus
1300 772 1597 827 cognitionem

152 831 287 873 dedit.
310 846 436 872 causa
460 831 791 872 Buthrotiorum
815 831 956 871 delata
977 838 1041 870 est
1064 829 1116 869 ad
1140 828 1351 869 consules.
1374 829 1598 871 decretum

153 888 338 930 Caesaris
365 890 587 930 recitatum
609 898 687 940 est,
705 899 746 929 et
768 888 888 929 multi
914 896 1122 944 praeterea
1143 886 1271 927 libelli
1294 885 1477 927 Caesaris
1497 902 1597 942 pro-

149 946 242 988 lati.
306 946 515 988 Consules
538 947 590 988 de
612 947 781 988 consilii
813 945 1025 986 sententia
1055 944 1336 985 decreverunt
1360 946 1597 986 secundum

152 1003 437 1057 Buthrotios;
469 1006 509 1035 26
523 1003 730 1046 Plancum
754 1004 978 1044 dederunt.
1036 1002 1180 1052 Nunc,
1204 1002 1261 1042 mi
1287 1001 1461 1057 Capito,
1484 1003 1594 1051 (scio

136 1063 281 1114 enim,
304 1072 512 1118 quantum
537 1077 704 1118 semper
735 1061 848 1118 apud
880 1075 968 1111 eos,
991 1060 1250 1114 quibuscum
1275 1060 1346 1109 sis,
1371 1074 1494 1115 posse
1525 1075 1594 1101 so-

147 1118 250 1172 leas‚
281 1135 332 1161 eo
368 1120 458 1176 plus
491 1120 604 1176 apud
638 1120 855 1161 hominem
888 1117 1141 1159 facillimum
1174 1127 1303 1171 atque
1335 1116 1595 1158 humanissi-

148 1193 269 1219 mum
303 1178 547 1228 Plancum,)
570 1178 745 1228 enitere,
768 1176 956 1228 elabora,
980 1175 1044 1216 vel
1078 1174 1221 1231 potius
1244 1173 1477 1225 eblandire,
1500 1175 1593 1216 effi-

133 1250 211 1287 ce,
235 1247 280 1276 ut
305 1234 505 1285 Plancus,
527 1249 655 1290 quem
678 1249 801 1291 spero
824 1234 1038 1290 optimum
1062 1246 1168 1283 esse,
1192 1232 1248 1272 sit
1277 1232 1408 1273 etiam
1442 1233 1592 1274 melior

146 1308 278 1350 opera
303 1303 387 1334 tua.
420 1293 598 1334 omnino
623 1294 685 1333 res
715 1291 963 1348 hujusmodi
989 1291 1157 1332 videtur
1187 1304 1294 1340 esse,
1316 1298 1362 1330 ut
1394 1289 1485 1331 sine
1516 1290 1722 1332 emp-264³

138 1350 344 1407 jusquam
367 1351 508 1406 gratia
532 1349 716 1392 Plancus
740 1351 844 1406 ipse,
869 1364 945 1406 pro
968 1347 1144 1404 ingenio
1166 1357 1210 1388 et
1242 1348 1470 1403 prudentia
1499 1364 1589 1400 sua,
1602 1345 1633 1367 a.

144 1423 232 1450 non
273 1409 328 1449 sit
359 1409 650 1460 dubitaturus,
682 1409 786 1464 quin
821 1408 1040 1449 decretum
1078 1405 1318 1456 consulum,
1341 1420 1523 1461 quorum
1546 1417 1591 1448 et

142 1465 240 1523 lege
263 1475 305 1507 et
329 1479 500 1506 senatus
523 1466 721 1507 consulto
752 1465 948 1521 cognitio
980 1473 1024 1505 et
1047 1463 1265 1519 judicium
1298 1463 1394 1514 fuit,
1417 1479 1587 1505 conser-

86 1526 87 1529 ’
143 1535 247 1576 vet3
282 1524 518 1580 pracsertim
543 1539 657 1574 cum,
681 1524 764 1564 hoc
794 1536 950 1579 genere
981 1522 1279 1576 cognitionem
1311 1520 1588 1574 labefactam,

140 1591 238 1623 acta
261 1582 445 1622 Caesaris
469 1581 511 1622 in
535 1582 714 1622 dubium
742 1589 920 1622 ventura
944 1579 1192 1620 videantur:
1226 1593 1322 1634 quae
1349 1593 1431 1619 non
1457 1580 1588 1621 modo

140 1639 186 1691 ii,
209 1653 391 1695 quorum
416 1639 608 1691 interest,
632 1639 702 1679 secl
726 1639 857 1679 etiam
889 1638 934 1689 ii,
957 1637 1030 1693 qui
1064 1635 1134 1677 illa
1166 1651 1250 1677 non
1285 1637 1485 1691 probant,
1508 1634 1587 1679 otii

123 1712 268 1739 causa
290 1696 585 1737 27c<mlirmari
609 1696 756 1737 velint.
779 1696 895 1752 quod
918 1710 1018 1736 cum
1048 1694 1110 1735 ita
1141 1694 1210 1745 sit,
1234 1703 1375 1747 tamen
1410 1695 1588 1736 interest

140 1765 300 1804 nostra,
326 1754 536 1795 Plancum
559 1754 642 1795 hoc
665 1755 810 1795 animo
830 1753 984 1798 libenti
1010 1751 1267 1808 prolixoque
1290 1751 1447 1793 facere.
1468 1750 1585 1808 quod

140 1822 258 1854 certe
281 1812 424 1863 faciet,
448 1813 481 1853 si
507 1821 550 1852 tu
574 1812 774 1853 nervulos
799 1820 910 1862 tu05,
934 1810 1040 1851 mihi
1064 1824 1179 1865 saepe
1201 1810 1418 1865 cognitos,
1442 1810 1585 1851 suavi-

141 1880 375 1925 tatemque,
402 1885 487 1924 qua
517 1884 644 1910 nemo
678 1869 757 1910 tibi
789 1883 866 1926 par
896 1879 976 1920 est,
999 1867 1262 1909 adhibueris.
1294 1868 1409 1923 quod
1442 1877 1490 1909 ut
1520 1867 1584 1909 fa-⁸

124 1928 244 1980 cias,
268 1938 309 1968 te
333 1927 610 1969 vehementer
631 1942 754 1984 rogo.

470 2017 706 2060 CICERO
739 2016 792 2060 C.
816 2013 1172 2059 CUPIENNIO
1204 2012 1248 2056 S,

138 2072 407 2130 PATREM
441 2096 563 2128 tuum
596 2087 768 2144 plurimi
800 2086 912 2139 feci3
945 2099 1098 2140 meque
1130 2084 1199 2125 ille
1230 2081 1412 2125 mirifice
1442 2091 1581 2125 etco-

135 2144 232 2196 luit,
254 2154 298 2186 et
318 2146 504 2187 amavit:
539 2159 616 2186 nec
639 2144 881 2186 mehercule
903 2158 1109 2198 umquam
1131 2141 1238 2183 mihi
1270 2141 1448 2182 dubium
1482 2140 1581 2192 fuit,-

138 2203 242 2258 quin
266 2218 291 2243 a
314 2212 354 2243 te
372 2201 588 2258 diligerer,
612 2217 695 2259 ego
712 2202 886 2258 quidem
909 2202 952 2242 id
974 2201 1115 2242 facere
1138 2215 1224 2240 non
1247 2199 1408 2241 destiti.
1430 2208 1582 2254 quam-

138 2262 287 2301 obrem
310 2270 413 2316 pcto
436 2275 460 2301 a
484 2270 525 2301 te
556 2261 598 2301 in
624 2260 831 2314 majorem
851 2259 1043 2309 modum,
1066 2267 1114 2299 ut
1143 2257 1365 2299 civitatem
1390 2256 1581 2297 Buthro-

137 2319 243 2359 tiam
275 2317 486 2369 subleves,
517 2317 823 2374 decretumque
861 2316 1102 2367 consulum,
1133 2315 1249 2371 quod
1281 2315 1309 2355 ii
1343 2315 1578 2355 secundum

135 2375 393 2417 Buthrotios
426 2375 635 2426 fecerunt,
657 2390 755 2417 cum
778 2385 822 2416 et
851 2375 960 2431 lege,
985 2384 1029 2415 et
1060 2382 1231 2414 senatus
1262 2372 1460 2413 consulto
1493 2381 1577 2412 sta-

133 2433 279 2474 tuendi
317 2442 576 2490 potestatem
610 2433 832 2483 haberent,
855 2433 928 2473 des
962 2446 1154 2487 operam,
1190 2440 1237 2471 ut
1272 2430 1458 2470 Plancus
1500 2444 1577 2470 no-

135 2500 221 2531 ster
249 2505 379 2546 quam
411 2491 595 2547 primurn
630 2490 857 2531 confirmet
887 2499 929 2531 et
960 2490 1230 2544 comprobet.
1264 2487 1346 2529 hoc
1379 2497 1420 2528 te
1453 2487 1579 2528 vebea

131 2558 313 2600 menter,
336 2549 394 2590 mi
418 2548 654 2605 Cupienni,
676 2549 804 2590 etiam
832 2558 961 2603 atque
983 2547 1114 2587 etia-m
1138 2560 1259 2601 rogo.

169 2707 211 2738 26
229 2707 397 2738 Plancum
413 2706 587 2747 dederunt]
605 2707 776 2738 Arbitrum
792 2710 827 2738 et
913 2708 953 2739 27
977 2705 1170 2746 confirmari
1198 2704 1313 2744 verint]
1343 2705 1396 2735 Sic
1418 2713 1476 2744 pro
1501 2704 1571 2734 vul-⁷

128 2756 313 2781 curatorem
337 2750 425 2780 illius
441 2751 498 2786 rei,
513 2760 610 2790 quem
627 2752 738 2781 Caesar
753 2752 826 2788 jain
871 2755 949 2789 gato
964 2750 1161 2789 confirmare
1175 2748 1239 2785 lezi
1260 2748 1390 2777 volebat
1414 2747 1572 2777 Faernus.

127 2793 317 2833 praefecerat
335 2793 478 2832 negotio.
496 2794 530 2824 P.
540 2793 713 2824 Manutius
730 2800 825 2833 puta-
872 2798 971 2825 recte,
989 2802 1037 2822 res
1052 2796 1101 2821 est
1119 2792 1167 2822 ita
1183 2790 1326 2827 evidens,
1341 2795 1377 2819 ut
1406 2789 1451 2819 sic
1471 2789 1572 2820 coi-siz

126 2835 184 2865 bat
199 2835 353 2865 excidisse
369 2839 446 2866 ante
462 2835 632 2866 Plancum
644 2837 742 2867 verba
758 2835 828 2866 haec
872 2845 948 2874 gere
963 2845 1029 2865 non
1045 2834 1235 2865 dubitarim.

129 2878 244 2909 literas
257 2877 311 2907 ad.

183 2933 394 2961 vot..111.
421 2934 464 2961 P.
489 2934 545 2961 Π.4
818 2927 843 2962 3
869 2934 894 2960 n
