1940 3231
687 99 899 141 LIBER
925 102 975 141 ΙΙ.
1479 102 1555 143 ,913

109 212 397 269 spondebant,
433 209 652 253 Crassum.
717 208 758 249 Is
781 209 929 250 aderat
966 217 1073 256 tum,
1097 206 1257 248 Miloni
1291 205 1436 247 animo
1468 218 1555 246 non

108 271 265 312 amico.
311 270 371 312 H.
396 268 484 310 fere
509 283 578 319 Ix,
602 266 723 322 quasi
748 266 873 322 signo
896 267 1013 317 dato,
1037 264 1238 306 Clodiani
1262 274 1431 304 nostros
1450 278 1555 304 con-

106 338 283 385 sputare
315 335 561 383 coeperunt.
623 323 798 364 Exarsit
832 323 968 364 dolor.
1002 337 1154 378 urgere
1177 322 1252 372 illi,
1277 331 1323 362 ut
1358 320 1452 360 loco
1475 334 1553 361 nos

107 396 346 427 moverent.
409 384 567 424 Factus
603 390 667 422 est
699 397 724 421 a
756 382 912 422 nostris
946 382 1147 436 impetus,
1171 379 1276 435 fuga
1306 392 1551 433 operarum.

105 442 343 499 21Ejectus
376 441 429 483 de
472 440 619 481 rostris
655 438 860 480 Clodius:
900 454 950 479 ac
988 453 1065 479 nos
1107 452 1280 492 quoque
1313 446 1405 476 tuin
1440 434 1555 490 fugi-

104 515 216 552 mus,
236 515 290 541 ne
313 499 415 556 quid
439 498 481 538 in
506 498 647 538 turba.
710 496 893 537 Senatus
918 507 1094 537 vocatus
1119 497 1161 535 in
1192 495 1380 550 curiamq
1423 492 1555 532 Pom-

106 558 228 614 peius
251 558 444 599 domum.
478 569 616 610 neque
639 569 720 608 ego
744 565 884 595 tamen
911 554 952 594 in
977 565 1188 603 senatum,
1214 568 1266 593 nc
1290 561 1364 592 aut
1463 561 1555 590 ‘an-

105 616 161 657 tis
185 617 310 657 rebus
339 624 541 662 tacerem,
564 622 639 653 aut
662 613 703 652 in
735 612 947 667 Pompeio
969 611 1240 652 defendendo
1263 614 1379 662 (nam
1407 609 1440 648 is
1490 621 1555 648 ar-

103 675 289 730 pebatur
310 687 334 713 a
379 670 554 720 Bibulo,
573 670 778 720 Curione,
803 670 1012 719 Favonio,
1036 669 1218 710 Servilio
1243 668 1365 719 filio)
1387 665 1555 711 animos

108 734 320 772 bonorum
343 729 622 770 offenderem.
657 742 720 768 res
744 729 785 767 in
813 736 1031 783 posterum
1066 726 1199 767 dilata
1229 736 1307 766 est.
1371 724 1551 765 Clodius

103 789 147 830 in
174 787 419 835 Quirinalia
450 786 657 842 produxit
689 786 819 825 diem.
879 785 934 825 A.
958 785 999 825 d.
1037 799 1084 825 vt
1122 783 1187 825 Id.
1222 784 1345 824 Febr.
1382 792 1554 822 senatus

103 847 157 888 ad
171 845 388 903 Apollinis
413 844 509 895 fuit,
526 853 573 884 ut
596 843 831 898 Pompeius
855 843 1035 883 adesset.
1058 841 1173 883 Acta
1194 857 1258 882 res
1278 852 1343 882 est
1365 839 1554 896 graviter

102 921 129 948 a
169 904 394 959 Pompeio.
426 917 476 943 eo
508 902 578 942 die
610 900 715 941 nihil
748 900 990 956 perfectum
1024 910 1103 940 est.
1164 899 1217 940 A.
1245 900 1286 940 d.
1318 913 1364 940 VI
1401 897 1466 938 Id.
1499 898 1552 938 ad

101 962 320 1018 Apollinis
364 968 538 1002 senatus
572 957 819 999 consultum
844 958 1006 999 factum
1032 968 1110 1008 est,
1138 971 1217 1008 ΕΑ,
1247 971 1355 1009 90AE
1394 969 1549 996 FACTA

105 1034 290 1062 EssENT
317 1032 362 1061 A.
388 1033 432 1059 D.
465 1032 557 1058 VIII
587 1031 655 1058 ID.
691 1029 893 1058 CONTRA
929 1029 1301 1058 REMPUBLICAM
1331 1027 1445 1055 nssE
1472 1019 1594 1058 FA-b..

104 1091 214 1120 CTA.
276 1077 341 1118 Eo
363 1077 433 1118 die
468 1075 580 1116 Cato
603 1084 668 1115 est
693 1075 966 1115 vehementer
988 1074 1033 1115 in
1057 1073 1317 1130 Pompeium
1339 1073 1552 1123 invectus,

101 1146 148 1178 et
168 1151 266 1177 eum
289 1135 485 1177 oratione
519 1143 742 1189 perpetua,
772 1142 992 1188 tamquam
1027 1147 1162 1183 reum,
1185 1131 1421 1173 accusavit.
1483 1129 1552 1172 De

101 1208 173 1236 me
196 1193 345 1245 multa,
368 1208 437 1234 me
470 1192 624 1242 invito,
646 1205 746 1232 cum
768 1205 864 1232 mea
885 1205 1053 1231 summa
1086 1190 1224 1240 laude,
1247 1189 1375 1230 dixit.
1438 1187 1551 1229 Cum

101 1252 214 1293 illius
240 1252 283 1293 in
301 1266 370 1292 me
388 1249 614 1308 perfidiam
638 1249 895 1305 increparet,
911 1249 1083 1290 auditus
1106 1259 1171 1289 est
1193 1262 1353 1303 magno
1378 1245 1550 1288 silentio

101 1309 420 1352 malivolorum.
461 1307 708 1364 Respondit
729 1309 766 1348 ei
792 1307 1067 1348 vehementer
1092 1305 1343 1362 Pompeius,
1365 1307 1406 1334 22
1422 1303 1551 1345 Cras-

101 1383 284 1424 sumque
315 1366 569 1423 descripsit:
618 1366 818 1420 dixitque
849 1374 1011 1420 aperte,
1041 1368 1081 1396 23
1096 1378 1139 1405 se
1178 1364 1457 1404 munitiorem
1496 1360 1550 1403 ad

99 1426 427 1467 custodiendam
464 1424 595 1465 vitam
641 1438 759 1464 suam
803 1422 909 1474 fore,
940 1437 1068 1478 quam
1104 1421 1335 1462 Africanus
1373 1420 1550 1471 fuisset;

99 1498 228 1539 quem
255 1483 308 1524 C.
331 1483 477 1525 Carbo
501 1481 802 1523 interemisset.
866 1480 1019 1535 Itaque
1050 1495 1220 1536 magnae
1245 1479 1350 1520 mihi
1374 1477 1549 1533 1·esjam

98 1543 264 1583 moveri
289 1541 562 1582 videbantur.
624 1539 737 1579 Nam
774 1538 1010 1594 Pompeius
1042 1537 1136 1578 haec
1159 1537 1379 1594 intelligit,
1402 1537 1548 1577 uobis-

98 1613 286 1655 cumque
319 1599 629 1647 communicat,
653 1596 830 1637 iusidias
854 1597 955 1636 vitae
990 1610 1078 1636 suae
1105 1595 1220 1636 fieri:
1256 1595 1307 1636 C.
1333 1594 1547 1635 Catonem

99 1671 124 1699 a
146 1656 303 1698 Crasso
327 1656 583 1698 sustentari:
623 1653 779 1695 Clodio
805 1653 1031 1709 pecuniam
1056 1652 1347 1709 suppeditari:
1382 1664 1548 1693 utrum-

97 1729 184 1770 que
207 1725 250 1755 et
272 1715 326 1755 ab
349 1730 416 1765 eo,
436 1723 478 1755 et
501 1730 525 1755 a
549 1712 755 1763 Curione,
771 1712 945 1762 Bibulo,
960 1711 1200 1766 ceterisque
1223 1711 1308 1751 suis
1332 1711 1548 1752 obtrecta-

98 1773 268 1813 toribus
290 1772 535 1814 confirmari
554 1788 562 1812 :
589 1770 864 1811 veliementer
878 1784 968 1810 esse
983 1769 1312 1825 providendum,
1329 1783 1380 1809 ne
1401 1769 1549 1825 oppri-

97 1840 254 1881 matur,
279 1830 558 1872 concionario
593 1828 664 1869 illo
689 1827 849 1884 populo
872 1843 897 1868 a
932 1841 975 1868 se
998 1841 1133 1883 prope
1165 1827 1367 1878 alienato,
1390 1827 1548 1867 nobili-

98 1897 188 1929 tate
216 1888 407 1938 inimica,
439 1902 523 1928 non
560 1901 686 1941 aequo
722 1895 887 1936 senatu,
915 1885 1149 1940 juventute
1183 1884 1396 1940 improba.
1459 1884 1548 1925 lta-

95 1961 180 2001 que
204 1960 248 1986 se
269 1956 508 2002 comparat,
528 1944 726 1985 homines
748 1958 802 1984 ex
826 1945 940 1999 agris
965 1943 1155 1984 arcessit.
1218 1942 1384 1999 Operas
1401 1951 1544 1984 autem

96 2019 193 2045 suas
224 2003 403 2045 Clodius
434 2003 678 2045 confirmat.
710 2016 860 2042 manus
894 2002 946 2042 ad
983 1999 1228 2048 Quirinalia
1259 2010 1455 2056 paratur:
1500 2001 1543 2041 in

96 2076 148 2103 eo
171 2062 309 2103 multo
333 2075 478 2102 sumus
513 2060 754 2115 superiores
776 2059 910 2115 ipsius
945 2059 1098 2116 copiis.
1159 2058 1243 2100 Sed
1269 2073 1426 2115 magna
1454 2073 1544 2100 ma·

95 2134 176 2162 nus
197 2134 252 2160 ex
280 2119 442 2161 Piceno
475 2128 518 2160 et
542 2117 684 2160 Gallia
705 2125 998 2174 exspectatur,
1022 2126 1069 2158 ut
1102 2116 1233 2158 etiam
1271 2116 1453 2158 Catonis
1475 2131 1544 2158 ro-

93 2178 346 2233 gationibus
365 2177 418 2218 de
441 2176 612 2218 Milone
634 2186 678 2216 et
702 2174 885 2216 Lentulo
910 2175 1172 2216 resistamus.
1223 2173 1278 2216 A.
1301 2174 1343 2215 d.
1369 2189 1452 2216 IIII
1475 2174 1543 2216 Id.

93 2236 272 2276 Sextius
295 2236 350 2275 ab
374 2235 516 2276 indice
540 2233 622 2275 Cn.
651 2233 798 2284 Nerio,
817 2232 1022 2289 Pupinia,
1041 2233 1095 2274 de
1117 2232 1283 2274 ambitu
1305 2242 1369 2274 est
1395 2242 1542 2288 postu-

91 2292 231 2337 latus:
274 2302 318 2334 et
346 2293 498 2334 eodem
529 2292 599 2333 die
638 2307 662 2333 a
699 2291 888 2347 quodam
929 2290 996 2331 M.
1031 2289 1172 2332 Tullio
1206 2290 1258 2332 de
1292 2291 1348 2332 vi.
1383 2291 1417 2331 is
1451 2299 1543 2332 erat
1577 2295 1590 2303 “

93 2365 225 2407 aeger.
257 2351 434 2392 domum
457 2354 525 2403 (ut
551 2349 798 2399 debuimus)
822 2349 875 2389 ad
907 2363 1006 2389 eum
1038 2348 1183 2390 statim
1221 2349 1442 2390 venimus:
1481 2348 1544 2389 ei-

93 2424 178 2464 que
199 2423 278 2449 nos
301 2418 416 2450 totos
451 2407 729 2449 tradidimus:
764 2407 893 2462 idque
920 2406 1102 2447 fecimus
1128 2414 1283 2462 praeter
1315 2406 1542 2448 hominum

93 2467 361 2522 opinionem,
377 2466 450 2522 qui
473 2481 551 2506 nos
565 2465 710 2519 eijure
725 2478 976 2505 succensere
1000 2465 1239 2520 putabaut;
1262 2473 1306 2504 ut
1322 2464 1541 2505 humanis-

93 2525 206 2577 simi,
229 2524 550 2580 gratissimique
580 2535 624 2564 et
656 2522 738 2579 ipsi
772 2532 815 2562 et
837 2522 1041 2564 omnibus
1079 2522 1345 2564 videremur:
1395 2523 1542 2579 itaque

131 2675 170 2704 ‘21
195 2671 336 2713 Ejectm‘
350 2673 391 2704 de
401 2671 529 2713 rostris]
549 2672 692 2702 Coactus
707 2669 794 2711 peri·
836 2671 1032 2707 abstineret,
1048 2675 1161 2701 tamen
1179 2680 1293 2702 ornnes
1309 2673 1484 2709 sentirent,
1501 2673 1541 2704 ad

90 2715 166 2754 quio
191 2715 338 2755 lapidum
365 2716 478 2756 sugere
503 2726 520 2745 e
548 2715 660 2745 rostris
676 2725 686 2751 ;
721 2722 795 2753 quae
838 2716 992 2744 Crassum
1022 2724 1075 2750 ea,
1105 2723 1179 2753 quae
1208 2714 1411 2751 dicerentur,
1441 2717 1541 2756 perti-

89 2762 130 2788 ut
145 2757 248 2788 aedilis
263 2766 462 2798 occuparat:
492 2758 577 2788 sicut
593 2760 661 2798 ipse
679 2757 794 2789 Cicero
838 2765 927 2788 nere.

92 2801 192 2839 fug-it,
415 2831 418 2834 ⁴
882 2801 922 2830 ‘23
945 2809 978 2829 se
993 2796 1302 2838 munitioremfln‘e]
1328 2800 1402 2840 Quo
1418 2800 1543 2833 indica-

132 2845 173 2874 2²2
203 2842 418 2882 Crassumque
447 2841 629 2882 descripsit]
676 2841 727 2872 De
756 2851 795 2872 eo
840 2842 910 2878 bat,
927 2842 986 2872 sibi
1003 2842 1134 2873 iusidias
1149 2841 1232 2870 fieri.

92 2885 138 2916 sic
159 2885 257 2921 dixit,
272 2889 310 2914 ut
325 2894 526 2924 quamquain
544 2895 562 2915 a
577 2884 712 2916 nomine
727 2886 796 2925 ejus

155 2941 266 2970 vot..
291 2941 368 2970 111.
398 2941 437 2972 Ρ.
466 2940 520 2968 11.
786 2933 811 2967 3
840 2941 868 2967 N
