1940 3231
189 1010 219 1039 p.
236 1002 307 1031 252.

328 162 402 196 36⁶3
750 158 930 196 EPIST.
958 158 1036 196 AD
1062 155 1357 200 ATTICUM,

328 261 406 301 tibi
439 261 494 302 sit
524 260 638 302 fama
670 276 763 302 mea
795 262 952 318 potius.
984 276 1070 303 non
1094 261 1222 303 modo
1247 275 1432 311 versura,
1452 274 1603 301 verum
1624 260 1753 302 etiam

327 318 589 370 venditione,
613 319 646 359 si
670 319 729 359 ita
751 333 814 360 res
838 329 980 375 coget,
1003 334 1079 359 nos
1104 318 1357 360 vindicabis,
1417 317 1553 358 Bruto
1577 327 1662 359 tuae
1686 318 1755 358 lit-

328 385 428 417 terae
452 386 586 432 gratae
609 385 743 417 erant.
767 376 828 416 fui
851 376 1108 431 enim²apud
1133 376 1251 417 illum
1274 375 1428 416 multas
1450 374 1575 415 horas
1599 375 1642 415 in
1667 373 1756 414 Ne-

326 432 430 483 side,
453 448 550 474 cum
583 433 724 488 paullo
756 440 854 473 ante
887 443 978 473 tuas
1009 432 1170 474 litteras
1201 433 1477 489 accepissem.
1506 431 1753 472 ¹9delectari

323 489 431 530 mihi
467 490 602 531 Tereo
642 490 880 539 videbatur,
916 498 959 529 et
995 489 1153 530 habere
1190 489 1398 544 majorem
1433 488 1586 539 Accio,
1624 502 1752 544 quam

323 546 533 597 Antonio,
567 547 765 602 gratiam.
800 546 906 586 mihi
939 556 1080 586 autem
1115 561 1200 601 quo
1234 546 1399 587 laetiora
1435 555 1548 596 sunt,
1577 560 1628 586 eo
1661 545 1754 600 plus

323 604 534 645 stomachi
557 614 599 643 et
623 603 830 643 molestiae
853 613 930 653 est,
956 602 1160 659 populum
1196 602 1440 644 Romanum
1475 617 1625 643 manus
1659 616 1754 642 suas

323 675 408 701 non
434 661 475 701 in
501 660 768 702 defendenda
791 660 1024 715 republica,
1047 660 1118 700 sed
1143 660 1184 700 in
1219 660 1459 716 plaudendo
1490 673 1756 701 consumere.

321 718 427 757 mihi
451 718 623 773 quidem
647 718 846 758 videntur
869 718 1046 758 istorum
1079 717 1210 757 animi
1244 717 1411 758 incendi
1444 718 1575 758 etiam
1607 717 1659 757 ad
1691 730 1755 757 re-

320 775 661 830 praesentandam
687 775 1007 831 improbitatem
1039 789 1172 814 suam.
1205 774 1276 814 sed
1311 784 1467 825 tamen,
1489 772 1750 815 20dumm0do

321 830 458 872 doleat
485 831 658 888 aliquid,
680 831 815 872 doleat
837 831 1058 888 quodlibet.
1120 830 1361 872 Consilium
1392 845 1534 871 meum
1556 831 1670 886 quod
1695 831 1755 871 ais

319 889 514 943 quotidie
540 889 676 944 magis
700 889 878 940 laudari,
901 904 985 929 non
1011 887 1188 929 moleste
1211 888 1326 940 fero;
1347 889 1754 944 exspectabamque,

321 947 355 986 si
378 946 480 1002 quid
503 947 555 987 de
577 961 627 986 eo
650 946 700 987 ad
724 960 793 986 me
817 947 1037 987 scriberes.
1060 960 1141 1001 ego
1169 947 1283 986 enim
1308 946 1349 986 in
1375 945 1513 985 varios
1536 959 1750 986 sermones

320 1003 578 1044 incidebam.
601 1003 707 1059 quin
729 1003 858 1044 etiam
882 1003 1042 1044 idcirco
1069 1002 1305 1054 trahebam,
1332 1011 1378 1043 ut
1399 1016 1527 1057 quam
1559 1002 1749 1043 diutissi-

294 1067 299 1074 '
319 1075 387 1102 me
411 1061 625 1117 integrum
649 1070 774 1101 esset.
797 1061 867 1101 sed
888 1060 1093 1116 quoniam
1116 1059 1283 1100 furcilla
1305 1059 1589 1111 extrudimur,
1613 1059 1753 1100 Brun-

317 1119 474 1159 disium
497 1118 662 1175 cogito.
685 1117 853 1159 facilior
875 1132 989 1158 enim
1012 1128 1055 1158 et
1085 1117 1350 1173 exploratior
1378 1116 1586 1157 devitatio
1616 1116 1753 1171 legio-

314 1190 419 1217 num
451 1175 543 1216 fore
565 1175 748 1226 videtur,
770 1189 899 1230 quam
923 1176 1173 1231 piratarum,
1195 1175 1267 1229 qui
1301 1188 1505 1230 apparere
1535 1173 1752 1215 dicuntur.

316 1234 492 1274 Sextius
511 1247 558 1274 VI
579 1232 680 1274 Idus
699 1233 1047 1288 exspectabatur,
1066 1232 1136 1272 sed
1161 1247 1245 1272 non
1267 1242 1453 1282 venerat,
1467 1231 1583 1286 quod
1603 1231 1751 1272 sciam.

317 1289 492 1332 Cassius
526 1304 625 1331 cum
658 1289 881 1332 classicula
913 1305 989 1331 sua
1021 1298 1209 1330 venerat.
1240 1303 1337 1343 ego,
1360 1303 1458 1329 cum
1492 1303 1590 1329 eum
1622 1288 1752 1329 vidis-

316 1362 420 1399 sem,
446 1362 473 1387 v
506 1346 604 1389 Kal.
639 1347 682 1388 in
717 1347 1031 1402 Pompeianum
1065 1346 1328 1402 cogitabam,
1362 1346 1460 1387 inde
1493 1345 1752 1386 Aculanum.

313 1405 429 1446 nosti
452 1404 629 1460 reliqua.
662 1405 731 1447 De
751 1403 881 1445 Tutia
902 1404 971 1445 ita>
987 1414 1197 1460 putaram.
1234 1403 1299 1444 De
1322 1403 1519 1453 rEbutio,
1542 1418 1626 1444 non
1659 1417 1751 1444 cre-

314 1462 391 1504 do:
417 1476 495 1503 nec
520 1470 664 1503 tamen
686 1476 789 1503 curo
813 1462 1066 1518 plus‚quam
1088 1471 1150 1502 tu.
1186 1461 1346 1502 Planco
1368 1469 1412 1501 et
1429 1460 1576 1516 Oppio
1601 1460 1751 1515 scripsi

313 1519 529 1575 equidem,
559 1519 763 1575 quoniam
795 1533 992 1575 rogaras:
1026 1519 1114 1569 sed,
1148 1518 1182 1558 si
1215 1519 1295 1559 tibi
1331 1517 1560 1570 videbitur,
1593 1532 1647 1558 ne
1679 1531 1752 1557 ne-

314 1591 431 1619 cesse
452 1576 653 1618 habueris
676 1576 864 1618 reddere.
886 1590 985 1617 cum
1008 1576 1123 1616 enim
1143 1585 1217 1616 tua
1235 1590 1363 1617 causa
1385 1574 1566 1616 fecerint
1584 1575 1751 1625 omnia;

314 1648 477 1685 vereor,
501 1648 553 1675 ne
574 1648 689 1675 meas
712 1634 875 1675 litteras
906 1647 1240 1689 supervacaneas
1272 1633 1548 1673 arbitrentur.
1606 1631 1751 1687 2¹01>-

314 1691 389 1747 pio
419 1690 593 1747 quidem
626 1693 802 1747 utique;
833 1705 961 1746 quem
995 1690 1075 1731 tibi
1110 1690 1419 1731 amicissimum
1451 1689 1655 1745 cognovi.
1680 1702 1751 1729 ve-

313 1763 424 1800 rum,
459 1756 508 1788 ut
545 1747 676 1789 voles.
737 1747 818 1799 Tu,
851 1748 1056 1804 quoniam
1099 1748 1249 1788 scribis
1291 1747 1581 1789 hiematurum
1621 1755 1664 1787 te
1704 1746 1748 1786 in

313 1805 465 1862 Epiro,
487 1805 637 1847 feceris
661 1805 767 1846 mihi
799 1815 985 1861 gratum,
1009 1805 1043 1845 si
1075 1813 1174 1845 ante
1204 1818 1255 1845 eo
1278 1804 1459 1855 veneris,
1481 1818 1611 1859 quam
1643 1802 1748 1844 mihi

312 1863 358 1904 in
382 1862 568 1914 Italiam,
593 1873 634 1904 te
656 1873 846 1913 auctore,
871 1862 1123 1903 veniendum
1150 1862 1220 1902 sit.
1251 1861 1413 1902 litteras
1445 1861 1498 1902 ad
1530 1876 1597 1902 me
1619 1874 1749 1916 quam

312 1920 565 1977 saepissime,
595 1921 718 1961 sssssed
749 1920 802 1961 de
833 1921 959 1961 rebus
991 1919 1132 1960 minus
1164 1918 1426 1970 necessariis,
1457 1918 1643 1973 aliquem
1675 1932 1749 1958 na-

310 1987 433 2030 ctus;
465 1978 529 2018 sin
552 1987 695 2019 autem
718 1978 800 2019 erit
820 1977 922 2033 quid
947 1977 1099 2032 majus,
1121 1976 1251 2017 domo
1273 1976 1452 2016 mittito.
1509 1975 1750 2030 'Hgmmsbmm

311 2035 345 2076 si
370 2035 649 2077 Brundisium
673 2034 793 2086 salvi,
816 2035 1074 2076 adoriemur.
1096 2033 1148 2074 de
1177 2033 1328 2075 Gloria
1358 2032 1454 2073 misi
1486 2032 1582 2073 tibi.
1604 2040 1749 2071 custo-

310 2093 400 2133 dies
424 2093 571 2149 igitur,
594 2102 642 2133 ut
663 2092 797 2134 soles:
828 2092 966 2145 ίῑ3(5(3(1
990 2100 1143 2132 notent
1165 2090 1366 2147 eclogarii
1381 2092 1410 2140 :)
1433 2104 1540 2145 quos
1563 2088 1747 2137 Salvius,

311 2150 449 2191 bonos
480 2149 696 2191 auditores
727 2159 894 2200 nactuS‚
927 2149 968 2190 in
1001 2148 1203 2190 convivio
1234 2149 1448 2189 duntaxat
1479 2147 1607 2202 legat.
1641 2145 1746 2185 mihi

310 2207 433 2249 valde
457 2207 653 2264 placent:
686 2207 855 2249 mallem
879 2206 974 2248 tibi.
1038 2205 1180 2247 Etiam
1203 2216 1331 2261 atque
1354 2205 1480 2245 etiam
1507 2203 1613 2245 vale.

354 2357 391 2389 19
414 2354 569 2385 delectari
584 2364 628 2385 m.
646 2354 745 2385 Tereo
762 2353 838 2392 δια]
857 2352 1006 2383 Pertinet
1050 2351 1244 2392 Interpunxi
1266 2355 1339 2391 post
1355 2351 1554 2386 necessariis,
1570 2354 1608 2380 ut
1622 2350 1669 2378 al.
1688 2357 1750 2378 na-

308 2395 348 2426 ad
370 2397 536 2436 plausum,
560 2397 616 2436 qui
641 2398 745 2428 Bruto
769 2397 803 2426 in
829 2396 911 2426 ludis
937 2396 1005 2434 ejus
1049 2399 1120 2424 clus
1142 2396 1363 2434 conjungatur
1385 2403 1459 2423 cum
1484 2394 1595 2422 literas
1616 2392 1662 2421 ad
1682 2400 1745 2419 me.

307 2447 392 2478 saepe
407 2439 502 2469 datus
517 2439 638 2477 fuerat,
653 2449 728 2469 cum
744 2442 897 2479 ageretur
913 2437 1005 2468 sabu-
1049 2437 1112 2466 Sed
1126 2437 1153 2466 si
1170 2438 1204 2466 in
1219 2437 1279 2466 hac
1300 2440 1468 2466 structura
1489 2435 1612 2464 durius.
1635 2434 1747 2471 itaque

306 2480 340 2511 la
355 2482 445 2511 Accii
460 2481 595 2511 Tereus.
1048 2479 1181 2518 praetuli
1195 2480 1262 2516 sed,
1279 2478 1366 2518 quod
1379 2478 1451 2508 edd.
1467 2487 1514 2517 pr.
1532 2476 1655 2506 habent
1669 2485 1747 2505 con-

350 2526 391 2553 20
414 2523 585 2553 dummodo
600 2522 706 2553 doleat
727 2521 865 2562 aliquid,
882 2521 1002 2560 doleat]
1049 2530 1156 2551 sensu.

307 2563 403 2595 Edidi
419 2565 524 2595 doleat
544 2574 603 2605 pro
626 2565 767 2601 doleant,
783 2564 869 2603 quod
891 2573 1006 2594 omnes
1092 2565 1131 2594 23
1164 2563 1220 2592 sed
1245 2567 1355 2592 notent
1381 2559 1550 2599 eclogarii]
1582 2559 1634 2589 Sic
1663 2559 1746 2588 bene

306 2605 381 2637 libri
403 2606 540 2638 habent.
565 2615 641 2637 nam
657 2607 702 2637 sic
717 2612 752 2638 et
765 2616 815 2637 res
837 2613 871 2636 et
893 2606 1005 2636 latini·
1047 2606 1166 2644 corrigi
1196 2605 1366 2644 vulgatum
1398 2607 1550 2633 notentur
1579 2601 1684 2631 voluit
1709 2601 1743 2631 J.

305 2653 356 2678 tas
373 2649 533 2687 postulat,
549 2656 584 2679 et
599 2649 644 2678 sic
661 2649 737 2679 alibi
760 2648 860 2679 habet
877 2648 1004 2684 Cicero,
1047 2647 1100 2678 Fr.
1117 2648 1312 2677 Gronovius.
1330 2656 1406 2677 nam
1420 2645 1598 2684 eclogarios
1623 2642 1747 2673 intelli·

305 2697 344 2721 ut
357 2691 454 2722 Tusc.
472 2691 531 2727 IV,
546 2693 598 2721 (ΖΟ.
615 2691 670 2720 ubi
690 2696 724 2721 et
747 2690 909 2722 Buherius
933 2700 1004 2721 mo-
1047 2699 1122 2728 gere
1146 2699 1222 2719 cum
1246 2690 1281 2720 P.
1297 2689 1450 2718 Manutio
1465 2686 1504 2717 de
1520 2687 1665 2726 personis
1680 2685 1748 2715 col.

305 2734 392 2770 nuit,
408 2733 460 2764 hic
476 2734 521 2763 sic
537 2732 766 2771 corrigendum
781 2741 859 2763 esse.
1046 2731 1268 2770 loquentibus,
1298 2735 1357 2760 aut
1387 2730 1466 2760 locis
1499 2727 1744 2768 insignioribus,

346 2778 383 2805 21
414 2775 515 2815 Oppio
538 2775 668 2815 quidem
690 2774 817 2815 utique]
845 2774 923 2805 Non
947 2784 1003 2804 ne·
1047 2774 1197 2813 ineptum
1218 2775 1272 2803 sit.
1296 2774 1323 2802 si
1339 2773 1410 2811 quis
1432 2777 1546 2802 tamen
1570 2770 1665 2801 malit
1687 2779 1743 2799 no-

304 2826 390 2848 eesse
407 2819 470 2847 erit
485 2817 630 2848 reddere.
1046 2819 1158 2846 tentur
1191 2815 1387 2857 eclogariis;
1421 2823 1489 2845 non
1519 2812 1612 2845 valde
1646 2821 1744 2853 repu-

346 2862 386 2890 22
407 2861 434 2890 si
453 2860 492 2891 de
513 2861 608 2892 rebus
624 2869 668 2892 m.
683 2860 883 2897 necessariis,
899 2869 931 2891 a.
950 2858 1000 2900 m]
1046 2867 1157 2898 gnem.
