1940 3231
356 158 431 196 '748

780 157 957 195 EPIST.
986 158 1059 195 AD
1085 158 1364 204 ATTICUM,

316 255 344 296 6
793 261 1028 303 CICERO
1059 262 1287 305 ATTICO
1321 263 1365 303 S.

356 314 455 368 DE
489 327 646 379 Coelio,
679 329 790 380 vide,
821 347 982 385 quaeso,
1015 347 1068 373 ne
1099 349 1182 388 qua
1213 333 1364 374 lacuna
1395 331 1450 373 sit
1481 332 1523 373 in
1556 347 1673 375 auro.
1704 348 1786 391 ego

351 384 434 426 ista
470 400 554 427 non
594 387 708 427 novi.
742 389 812 428 sed
853 400 968 428 certe
1002 389 1043 428 in
1079 391 1250 431 collubo
1288 400 1351 430 est
1385 390 1629 430 detrimenti
1665 393 1781 432 satis.

351 441 436 483 huc
468 458 615 484 aurum
650 444 682 483 si
715 444 905 485 accedit:
939 445 1010 485 sed
1035 447 1136 499 quid
1170 447 1353 503 loquor?
1387 458 1429 487 tu
1457 447 1634 488 videbis.
1658 453 1693 481 ²7
1709 449 1785 488 ha-

353 500 426 540 bes
462 500 665 557 Hegesiae
700 515 848 556 genus,
872 502 985 556 quod
1022 503 1156 543 Varro
1190 504 1347 545 laudat.
1382 505 1506 545 venio
1539 506 1590 545 ad
1622 504 1788 560 Tyran-

352 557 541 597 nionem.
602 557 703 597 Ain’
745 561 819 599 tu?
862 562 900 589 ²3
918 573 1062 599 verum
1104 560 1186 600 hoc
1226 561 1322 602 fuit.
1362 563 1452 602 sine
1497 565 1590 604 me?
1621 573 1666 603 at
1705 577 1788 618 ego

351 615 537 669 quoties,
578 630 676 655 cuin
718 628 851 654 essem
898 617 1076 666 otiosus,
1119 618 1209 657 sine
1252 629 1292 658 te
1335 628 1476 659 tamen
1521 620 1666 662 nolui?
1701 635 1787 675 quo

351 671 483 711 modo
508 672 588 712 hoc
611 687 714 726 ergo
738 672 826 712 lues
847 674 859 713 ?
893 688 977 713 uno
1003 673 1182 723 scilicet,
1206 674 1238 714 si
1273 674 1376 714 mihi
1409 676 1564 717 librum
1598 678 1786 718 miseris:

349 728 464 782 quod
493 739 537 768 ut
561 728 707 779 facias,
729 730 859 770 etiam
882 741 1010 785 atque
1040 731 1169 772 etiarn
1204 746 1323 787 rogo,
1346 732 1425 772 etsi
1452 747 1517 773 me
1543 749 1625 774 non
1651 734 1787 789 magis

349 785 459 825 liber
492 785 583 841 ipse
617 786 865 838 delectabit,
888 802 1017 842 quam
1051 798 1125 829 tua
1157 788 1384 829 admiratio
1419 789 1661 831 delectavit.
1689 806 1788 831 amo

348 843 466 883 enim
501 849 614 885 mium
646 847 841 898 φιλόδημοκ
883 855 1008 900 teque
1044 844 1168 886 istam
1207 855 1291 886 tam
1331 855 1500 886 tenuem
1532 851 1664 903 θεωςίοιν
1699 858 1787 889 tam

350 899 473 941 valde
504 901 762 942 admiratum
795 916 885 942 esse
917 902 1100 958 gaudeo.
1132 903 1210 943 etsi
1244 912 1316 943 tua
1339 903 1509 958 quidem
1544 915 1642 944 sunt
1673 905 1788 960 ejus-

348 958 465 998 modi
502 959 661 999 omnia.
696 959 803 1000 scire
836 960 951 999 enim
987 960 1064 1010 vis,
1086 975 1171 1015 quo
1206 975 1290 1000 uno
1324 961 1492 1001 animus
1521 961 1663 1002 alitur.
1697 963 1786 1013 sed,

347 1030 511 1070 quaeso,
534 1017 688 1071 ‘29quid
710 1031 763 1057 ex
789 1016 869 1057 ista
893 1027 1020 1057 acuta
1041 1025 1084 1057 et
1115 1018 1235 1073 gravi
1270 1017 1449 1058 refertur
1479 1018 1532 1059 ad
1561 1023 1677 1064 τέλος.)
1710 1020 1785 1060 sed

346 1073 479 1129 longa
510 1075 647 1114 oratio
678 1083 756 1124 est,
781 1083 823 1114 et
856 1083 900 1114 tu
933 1085 1168 1130 occupatus
1202 1075 1243 1115 in
1278 1089 1372 1115 meo
1397 1075 1570 1130 quidem
1604 1075 1785 1117 fortasse

347 1130 491 1186 aliquo
527 1131 718 1188 negotio,
741 1140 784 1172 et
817 1147 892 1186 pro
930 1132 1012 1172 isto
1046 1147 1140 1172 asso
1176 1132 1277 1182 sole,
1301 1147 1387 1186 quo
1421 1143 1463 1173 tn
1493 1132 1649 1173 abusus
1672 1148 1715 1174 es
1739 1134 1783 1175 in

346 1198 494 1229 nostro
524 1189 706 1244 pratulo,
729 1204 753 1229 a
777 1198 818 1228 te
850 1189 1034 1229 nitidum
1067 1189 1199 1230 solem
1231 1200 1495 1245 unctumque
1527 1201 1783 1245 repetemus.

346 1246 419 1286 sed
441 1246 493 1286 ad
528 1247 665 1301 prima
696 1246 836 1287 redeo.

345 1303 459 1343 enim
484 1303 696 1358 profecto,
718 1303 921 1358 quoniam
946 1303 1120 1358 quidem
1142 1315 1205 1345 est
1229 1304 1381 1345 missus
1405 1305 1456 1345 aci
1483 1314 1536 1345 te.

213 1366 558 1416 p‚1gg‚ta12ta›mee
579 1361 631 1401 ab
655 1376 696 1402 re
722 1368 792 1402 tua
825 1367 880 1401 est
910 1361 985 1401 otii
1017 1361 1109 1412 tibi,
1133 1371 1179 1401 ut
1211 1361 1341 1402 etiam
1378 1361 1606 1402 Oratorem
1639 1362 1784 1418 legas?

901 1246 1093 1297 Librum,
1118 1248 1151 1287 si
1185 1261 1251 1287 me
1282 1261 1413 1298 amaS,
1437 1248 1575 1288 mitte.
1599 1257 1696 1288 tuus
1721 1257 1786 1289 est

1601 1303 1784 1356 Chreme,

301 1428 485 1458 a-macte
526 1419 709 1459 virtute!
744 1418 849 1459 mihi
888 1418 1061 1472 quidem
1101 1429 1287 1474 gratum,
1326 1431 1367 1459 et
1407 1419 1488 1460 erit
1528 1420 1707 1475 gratius,
1747 1419 1783 1460 si

341 1489 429 1515 non
466 1476 593 1517 modo
628 1477 670 1516 in
705 1476 823 1517 libris
856 1477 955 1526 tuis,
988 1475 1060 1516 sed
1091 1477 1222 1516 etiam
1256 1478 1296 1517 in
1330 1476 1509 1518 aliorum
1545 1491 1618 1533 per
1654 1477 1782 1518 libra-

340 1532 427 1573 rios
462 1541 558 1574 tuos
591 1532 979 1589 30Aristophanem
1013 1534 1253 1589 reposueris
1289 1548 1364 1589 pro
1401 1533 1572 1590 Eupoli.

1635 1533 1783 1575 Caesar

343 1599 489 1630 autem
523 1590 629 1631 mihi
664 1590 838 1632 irridere
872 1590 986 1630 visus
1021 1601 1099 1631 est.
1162 1592 1324 1637 Quaeso
1360 1591 1461 1632 illud
1497 1600 1633 1642 tuum,
1664 1591 1781 1647 quod

341 1657 434 1688 erat
455 1652 571 1693 εὐπινὲς
600 1658 643 1688 et
674 1649 900 1688 urbanum.
933 1648 993 1688 ita
1025 1662 1152 1703 porro
1185 1658 1225 1688 te
1257 1649 1347 1689 sine
1379 1663 1481 1689 cura
1517 1663 1608 1689 esse
1634 1649 1783 1703 jussit,

342 1714 390 1745 ut
411 1704 518 1746 mihi
542 1705 716 1759 quidem
739 1705 1055 1746 dubitationem
1079 1720 1251 1746 omnem
1276 1706 1456 1746 tolleret.
1489 1705 1680 1747 Atticam
1705 1707 1782 1747 do—

338 1761 406 1803 leo
430 1772 517 1803 tam
543 1763 643 1804 diu:
677 1763 749 1804 sed
772 1763 975 1818 quoniam
994 1762 1088 1817 jam
1112 1763 1202 1803 sine
1225 1763 1399 1804 horrore
1420 1773 1500 1815 est,
1522 1777 1646 1820 spero
1674 1778 1780 1816 esse,

339 1829 389 1860 ut
412 1819 623 1860 volumus.

301 1911 325 1950 7
773 1892 1007 1935 CICERO
1039 1892 1268 1934 ATTICO
1301 1893 1344 1934 S.

341 1948 500 2010 QUAE
532 1961 761 2012 desideras,
784 1962 931 2003 onmia
962 1961 1111 2018 scripsi
1144 1962 1186 2002 in
1218 1961 1442 2013 codicillis,
1465 1977 1622 2018 eosque
1655 1962 1777 2005 Eroti

335 2018 449 2070 dedi,
473 2019 672 2069 breviter,
703 2020 775 2060 sed
807 2020 938 2060 etiam
969 2019 1091 2076 plura
1120 2033 1249 2074 quam
1282 2020 1465 2074 quaeris;
1496 2021 1594 2061 31in
1627 2020 1692 2072 iis,
1722 2021 1775 2062 de

336 2075 570 2119 Cicerone:
603 2078 726 2133 cujus
750 2077 924 2132 quidem
955 2077 1234 2133 cogitationis
1264 2076 1436 2118 initium
1462 2087 1505 2118 tu
1530 2078 1636 2119 mihi
1659 2088 1775 2120 attu-

333 2132 437 2175 listi.
474 2134 643 2175 locutus
682 2150 774 2175 sum
814 2149 913 2175 cum
954 2149 1005 2175 eo
1046 2134 1366 2176 liberalissime:
1407 2136 1521 2190 quod
1565 2150 1619 2177 ex
1664 2136 1774 2192 ipSO‚

333 2191 478 2241 velim,
513 2193 547 2234 si
581 2193 712 2233 modo
747 2193 825 2233 tibi
859 2193 941 2233 erit
973 2192 1266 2242 commodum,
1298 2193 1528 2234 sciscitere.
1563 2193 1634 2233 sed
1669 2193 1772 2248 quid

333 2247 515 2290 differo?
545 2251 743 2306 exposui,
773 2253 866 2290 32te
902 2264 955 2290 ex
991 2264 1058 2290 me
1094 2249 1310 2299 detulisse,
1344 2250 1499 2305 ecquid
1534 2250 1673 2301 vellet,
1703 2264 1774 2292 ec-

334 2308 438 2360 quid
469 2309 727 2363 requireret:
761 2307 867 2349 velle
905 2306 1180 2363 Hispaniam,
1212 2306 1425 2361 requirere
1454 2307 1772 2349 liberalitatem.

374 2475 414 2505 27
437 2473 533 2502 habes
561 2472 711 2511 Hegesioe
734 2470 852 2510 genus]
885 2479 932 2501 sc.
957 2479 1030 2501 ora-

331 2514 446 2550 tionis,
462 2515 600 2544 incisum
618 2520 652 2545 et
667 2515 844 2554 abruptum
863 2522 960 2553 saepe.

375 2557 415 2587 28
438 2566 552 2586 verum
567 2556 738 2596 hoe-fuit]
764 2556 786 2586 i.
803 2566 831 2586 e.
851 2565 981 2594 aeqnum
996 2558 1030 2585 te

332 2597 365 2628 id
387 2599 505 2635 facere,
522 2599 628 2638 legere
644 2599 764 2630 librum
779 2598 862 2638 ejus,
878 2598 947 2628 sine
965 2607 1029 2634 me,

332 2640 453 2671 solum.

374 2685 415 2717 29
438 2681 704 2722 quid—-rejfertur
732 2683 778 2712 ad
805 2681 888 2716 τέλος
902 2682 932 2722 ἒ]
965 2681 1028 2711 int.

331 2726 431 2761 τέλος,
455 2725 555 2756 finem
578 2725 759 2755 bonorum:
784 2724 862 2763 quid
884 2724 1028 2763 quamvis

331 2775 432 2799 acuta
452 2768 529 2798 talis
551 2768 590 2798 de
612 2767 672 2798 tali
695 2777 728 2798 re
752 2767 931 2807 disputatio
954 2776 1028 2807 pro-

331 2811 404 2842 dest
420 2810 459 2841 ad
477 2810 667 2841 felicitatem
683 2810 695 2839 ?

374 2857 415 2886 30
437 2853 688 2893 Aristophanem
713 2860 780 2891 rep.
799 2861 862 2891 pro
887 2849 1025 2890 Eupoli]

331 2894 439 2927 Locus
453 2899 505 2927 est
527 2906 556 2927 c.
571 2899 603 2931 9.
619 2894 677 2926 ubi
697 2893 795 2926 hodie
817 2895 853 2927 in
875 2893 1030 2926 omnibus

1072 2469 1163 2500 libris
1179 2474 1229 2500 est
1245 2469 1474 2509 Aristophanis
1491 2479 1623 2500 nomen.

1115 2515 1152 2543 31
1170 2514 1203 2542 in
1219 2514 1258 2543 iis
1273 2513 1311 2542 de
1328 2512 1488 2551 Cicerone]
1507 2512 1560 2541 Sic
1576 2512 1686 2542 Latini
1703 2522 1770 2543 non

1073 2555 1204 2584 dicunt:
1230 2564 1290 2585 scr.
1309 2556 1342 2584 in
1365 2555 1426 2590 his,
1441 2555 1480 2584 cle
1507 2553 1665 2585 Cicerone.
1681 2555 1769 2585 inter

1072 2607 1111 2628 ea
1133 2607 1205 2636 qnae
1227 2597 1390 2637 copiosius
1414 2596 1538 2636 scripsi,
1561 2601 1639 2627 sunt
1662 2602 1696 2627 et
1718 2607 1770 2635 ea,

1073 2649 1145 2678 quae
1160 2639 1200 2669 ad
1215 2639 1407 2670 Ciceronem
1430 2639 1610 2678 pertinent.
1656 2639 1770 2670 Sermo

1072 2686 1121 2711 est
1138 2681 1176 2711 de
1192 2681 1260 2711 filio
1275 2682 1355 2718 ejus.

1114 2726 1155 2754 352
1178 2728 1208 2753 te
1222 2733 1263 2753 ex
1276 2733 1327 2753 me
1349 2722 1511 2762 detulisse]
1537 2733 1578 2753 ex
1600 2733 1662 2760 me,
1671 2724 1768 2762 jussu

1071 2775 1145 2796 meo
1161 2765 1211 2795 vel
1235 2770 1352 2804 rogatu
1375 2771 1627 2804 percunctatum
1643 2775 1710 2796 esse
1726 2776 1766 2796 ex

1071 2808 1276 2848 ipso—velle
1286 2807 1382 2847 Hesp.
1398 2808 1565 2847 respondit
1580 2807 1673 2844 mihi,
1683 2817 1716 2839 se
1731 2808 1767 2840 in

1073 2850 1267 2890 Hispaniam
1290 2851 1336 2880 ire
1359 2859 1488 2890 cupere,
1506 2860 1634 2892 rogare,
1649 2855 1689 2882 ut
1710 2859 1767 2893 pe-

1071 2893 1170 2927 cunia
1184 2893 1219 2926 in
1233 2902 1271 2926 eo
1280 2893 1433 2935 Juvarem
1448 2901 1494 2925 se.
