1940 3231
731 141 939 184 LIBER
971 145 1038 184 IV.
1519 155 1602 193 549.

159 251 278 308 quod
309 259 354 296 tu
386 250 534 295 tollere
564 248 762 293 laudibus
797 249 978 301 solebas,
1006 259 1055 291 ut
1091 249 1231 292 forum
1266 249 1520 305 laxaremus,
1551 265 1596 298 et

158 323 295 365 usque
341 311 394 352 ad
444 309 600 351 atrium
643 306 874 348 Libertatis
918 308 1245 363 explicaremus,
1286 312 1592 353 contemsimus

157 368 400 410 sexcenties
424 366 489 409 H·
494 366 538 407 S.
561 379 660 406 cum
690 363 868 420 privatis
900 378 987 406 non
1018 375 1186 421 poterat
1218 366 1395 421 transigi
1428 369 1593 411 minore

191 438 358 467 ecuma.
399 423 634 465 efficiemus
676 435 762 462 rem
806 422 1174 477 gloriosissimam.
1214 437 1313 463 nam
1358 424 1398 463 in
1439 438 1593 480 campo

157 438 358 523 R‘Iartio
359 482 491 537 Septa
526 479 698 520 tributis
737 479 923 519 comitii
959 494 1197 522 marmorea
1229 495 1373 521 sumus
1404 491 1448 521 et
1480 491 1596 523 tecta

157 537 341 590 facturi3
371 551 505 592 eaque
527 537 750 593 cingemus
769 536 939 578 excelsa
958 539 1153 593 porticu;
1185 548 1231 578 ut
1255 536 1369 578 mille
1391 551 1593 594 passuum

155 595 424 637 conficiatur.
448 594 572 635 simul
596 593 857 650 adjungetur
880 594 979 635 huic
996 609 1114 651 operi
1135 594 1234 636 villa
1251 596 1381 636 etiam
1404 596 1592 651 publica.

157 650 305 703 Dices,
326 652 428 708 quid
452 651 557 692 mihi
590 651 674 692 hoc
707 662 1031 693 monumentum
1064 652 1280 708 proderit?
1312 652 1492 707 ⁵⁶2quid?
1522 667 1593 695 ce-

153 704 254 750 labo
286 718 328 749 te
360 723 425 750 res
458 708 706 751 Romanas?
744 723 831 749 non
867 710 980 750 enim
1012 719 1052 750 te
1085 721 1190 766 puto
1221 709 1274 750 de
1306 709 1452 761 lustro,
1476 711 1594 766 quod

147 759 243 820 jam
277 765 549 822 desperatum
587 776 665 817 est,
699 775 772 807 aut
809 766 861 806 de
893 766 1086 821 judiciis,
1119 782 1215 822 quae
1252 767 1399 831 53lege
1437 767 1595 809 Coctia

154 822 276 874 fiant,
299 838 504 878 quaerere.
566 798 695 864 Nutic
727 833 768 864 te
799 822 1020 888 objurgari
1053 834 1212 881 patere,
1236 824 1268 864 si
1300 840 1410 880 jur-e
1441 825 1593 866 scribis

151 879 267 921 enim
291 880 333 921 in
357 881 553 937 epistola,
576 895 704 937 quam
729 880 781 922 C.
807 867 1029 922 Decimius
1053 882 1158 922 mihi
1180 882 1380 934 Reddidit,
1403 881 1594 923 Buthro-

154 944 200 977 to
235 937 320 978 dat
313 953 396 989 tm
430 938 472 979 in
506 937 655 980 Asiam
689 938 768 979 tibi
802 939 991 979 eundum
1023 953 1128 990 esse,
1159 948 1201 979 te
1234 939 1445 980 arbitrari.
1484 939 1593 981 mihi

149 994 396 1047 mehercule
430 995 533 1037 nihil
557 996 784 1037 videbatur
804 1010 909 1047 esse,
931 996 975 1036 in
997 1010 1084 1051 quo
1108 996 1319 1037 tantulum
1352 997 1591 1048 interesset,

151 1061 294 1093 utrum
320 1067 395 1109 per
418 1063 713 1108 procuratores
736 1067 898 1109 agereS,
918 1067 972 1094 an
1004 1067 1079 1109 per
1103 1061 1145 1094 te
1176 1054 1343 1109 ipsum;
1375 1057 1415 1084 54
1431 1063 1477 1095 ut
1498 1054 1591 1095 abi-

149 1122 216 1150 res
250 1112 377 1151 toties
409 1121 452 1152 et
485 1120 572 1151 tam
606 1110 734 1166 longe
761 1111 945 1152 abesses.
981 1111 1053 1151 sed
1082 1110 1177 1151 haec
1207 1110 1392 1161 mallem,
1421 1111 1632 1167 integrap·
1650 1116 1701 1148 66.

149 1179 210 1217 re,
233 1176 376 1208 tecum
408 1168 560 1224 egisse.
593 1168 789 1223 profecto
811 1167 926 1208 enim
959 1167 1118 1222 aliquid
1150 1168 1349 1224 egissem.
1381 1182 1496 1209 nunc
1527 1171 1634 1210 re-a·

150 1224 335 1280 primam
373 1235 612 1281 susceptam
646 1225 1012 1281 objurgationem.
1044 1225 1208 1265 utinam
1242 1225 1379 1266 valeat
1409 1226 1461 1267 ad
1484 1226 1594 1267 cele-

150 1281 323 1322 ritatem
348 1282 507 1323 leditus
532 1283 618 1324 tui!
654 1281 748 1339 Ego
772 1283 823 1323 ad
848 1292 890 1323 te
921 1293 1149 1347 propterea
1171 1282 1312 1323 minus
1344 1297 1459 1338 saepe
1491 1284 1594 1324 seri-

150 1338 224 1389 bo,
247 1341 359 1394 quod
393 1350 557 1381 certum
591 1354 676 1380 non
692 1316 862 1390 0habeo,
895 1340 970 1380 ubi
1004 1354 1076 1391 515,
1109 1349 1183 1381 aut
1213 1340 1287 1381 ubi
1318 1339 1486 1381 futurus
1521 1341 1593 1382 sis.

150 1394 271 1438 Huic
301 1406 444 1438 tamen
480 1397 623 1438 nescio
645 1397 730 1447 cui,
753 1399 869 1452 quod
893 1397 1119 1439 videbatur
1149 1398 1183 1438 is
1214 1407 1255 1439 te
1289 1398 1454 1439 visurus
1486 1411 1592 1449 esse,

147 1454 300 1510 putavi
323 1454 483 1495 dandas
505 1469 595 1495 esse
616 1453 793 1495 litteras.
818 1464 879 1506 tu,
898 1454 1103 1511 quoniam
1126 1455 1286 1496 iturum
1311 1465 1352 1496 te
1374 1456 1417 1496 in
1439 1454 1592 1497 Asiam

146 1524 240 1552 esse
263 1521 401 1566 putaS,
425 1513 476 1553 ad
499 1526 596 1566 quae
630 1520 824 1567 temnora
847 1521 888 1553 te
917 1520 1233 1568 exspectemus,
1256 1512 1388 1555 facias
1410 1527 1478 1553 me
1499 1527 1592 1554 cer-

148 1567 302 1610 tiorem
329 1568 469 1622 velim,
486 1579 529 1610 et
552 1572 590 1600 55
605 1569 657 1610 de
681 1568 797 1626 Eut)
801 1569 927 1610 chide
948 1569 1051 1625 quid
1074 1585 1097 1610 e
1103 1569 1230 1616 reris.

588 1653 825 1696 CICERO
856 1653 1086 1697 ATTICO
1118 1654 1163 1697 S.
1609 1671 1657 1718 17

148 1708 198 1764 Ο
225 1721 663 1764 EXSPECTATAS
696 1723 802 1764 mihi
835 1731 930 1764 tuas
962 1723 1150 1766 litteras!
1181 1739 1209 1765 o
1233 1732 1405 1780 gratum
1436 1723 1594 1765 adven-

148 1783 266 1823 tum!
299 1797 324 1822 o
348 1781 637 1822 constantiam
670 1781 884 1837 promissi,
916 1790 959 1822 et
990 1781 1118 1823 fidem
1154 1782 1329 1824 miram!
1363 1797 1388 1823 o
1416 1782 1595 1838 naviga-

147 1839 312 1882 tionem
355 1839 605 1880 amandam!
644 1853 772 1894 quam
816 1838 1058 1880 mehercule
1095 1853 1178 1895 ego
1219 1839 1340 1880 valde
1373 1839 1594 1891 timebam,

146 1897 376 1938 recordans
409 1897 638 1952 superioris
666 1909 750 1937 tuae
783 1897 1117 1937 transmissionis
1150 1898 1269 1951 δὲῥρεις.
1303 1896 1374 1937 sed
1407 1897 1488 1937 nisi
1516 1896 1596 1937 fal-

147 1953 227 2003 lor,
249 1955 376 1995 citius
403 1963 457 2005 te,
479 1968 605 2009 quarn
640 1954 806 2004 scribis,
832 1953 1002 1995 videbo.
1034 1954 1161 1995 credo
1183 1954 1299 1995 enim
1331 1963 1373 1994 te
1406 1964 1594 2009 putasse,

148 2019 246 2053 tuas
269 2012 465 2053 mulieres
488 2011 530 2052 in
559 2010 719 2067 Apulia
741 2026 856 2052 esse:
889 2012 1006 2066 quod
1028 2026 1126 2053 cum
1161 2025 1282 2052 secus
1306 2011 1401 2062 erit,
1424 2011 1526 2066 quid
1551 2020 1595 2052 te

146 2067 309 2125 Apulia
334 2070 552 2111 moretur?
584 2083 682 2109 nam
706 2069 906 2110 Vestorio
929 2069 1058 2110 dandi
1092 2078 1192 2110 sunt
1209 2068 1314 2120 dies,
1337 2078 1380 2110 et
1411 2068 1479 2109 ille
1513 2068 1597 2109 La-

147 2126 264 2167 tinus
286 2132 481 2180 ἀττικισμὸς
503 2140 557 2166 ex
583 2126 807 2167 intervallo
831 2127 1130 2182 regustaudus.
1191 2126 1311 2173 Quin
1335 2136 1380 2167 tu
1412 2126 1498 2168 huc
1519 2126 1594 2166 ad·-

146 2184 282 2236 volas,
315 2194 359 2225 et.
400 2183 549 2224 invisis
588 2183 700 2224 illius
733 2184 773 2214 56
788 2194 945 2226 nostrae
987 2183 1238 2240 reipublicae
1275 2184 1496 2240 germina?
1539 2197 1594 2224 ne

144 2251 267 2298 puta,
297 2241 409 2294 vide,
441 2241 582 2283 numis
616 2250 716 2283 ante
746 2241 926 2283 comitia
954 2241 1154 2283 tributim
1185 2255 1271 2282 uno
1303 2241 1400 2282 loco
1430 2241 1594 2293 divisis,

144 2366 266 2401 aedium
282 2367 324 2399 ad
338 2367 461 2405 forum,
477 2375 617 2406 quorum
641 2365 724 2397 aedes
739 2376 851 2397 emen·
937 2369 978 2398 54
991 2371 1030 2397 ut
1044 2368 1151 2398 abires
1166 2367 1256 2397 toties
1268 2369 1299 2396 et
1311 2370 1381 2396 tam
1398 2366 1492 2404 longe
1507 2365 1597 2395 alves-

144 2408 196 2441 dae
222 2415 332 2447 erant,
359 2409 400 2440 ad
430 2408 697 2449 amplificandam
727 2419 848 2440 aream.
891 2409 954 2449 ses]
973 2411 1026 2440 Sic
1043 2410 1166 2440 dudum
1183 2408 1307 2440 correxi
1323 2407 1497 2448 vulgatum
1519 2407 1595 2438 inde

145 2452 199 2483 Sic
210 2454 330 2484 Caesari
345 2462 421 2484 area
432 2451 589 2483 foriJulii
601 2452 743 2482 constitit
755 2452 848 2483 H-S.
892 2462 913 2482 a
934 2453 1083 2483 Victor-io
1109 2453 1178 2482 abis
1200 2456 1232 2482 et
1256 2451 1342 2487 abe-3,
1366 2460 1384 2480 e
1405 2456 1596 2491 temporum

145 2495 276 2526 millies.
320 2496 413 2526 Suet.
427 2496 510 2527 Caes.
523 2494 575 2525 26.
893 2495 1033 2525 ratione.
1057 2496 1161 2535 reperi
1184 2493 1300 2525 deinde
1320 2493 1442 2531 abesses
1464 2493 1498 2522 iu
1521 2492 1595 2524 edd.

189 2540 230 2568 52
252 2538 359 2578 quid?
381 2539 489 2569 celabo
511 2541 542 2568 te
562 2545 614 2567 res
628 2535 740 2575 Rom]
768 2535 850 2566 Haee
891 2536 1215 2568 Rom..1ens.sed
1237 2541 1315 2566 ante
1337 2535 1491 2567 mutabis.
1534 2535 1596 2566 Al-

146 2578 193 2610 sic
221 2580 407 2611 cohaerent:
438 2581 537 2617 dices,
568 2579 645 2618 quid
673 2579 756 2609 mihi
791 2579 850 2610 &c.
894 2579 953 2610 dus
968 2589 1008 2610 ne
1025 2580 1305 2610 abires—abesses.

147 2631 216 2653 non
229 2627 301 2654 erat
316 2633 398 2664 opus
413 2622 453 2653 de
474 2631 513 2653 eo
528 2622 570 2653 ad
592 2632 646 2652 me
660 2622 770 2653 scribi.
794 2621 849 2651 sed
935 2624 975 2653 55
999 2623 1037 2653 de
1053 2621 1240 2662 Eutychzde
1254 2620 1336 2661 quid
1354 2619 1472 2659 egeris]
1498 2619 1595 2649 Patet

144 2663 190 2695 ibi
204 2665 263 2696 tibi
278 2675 345 2696 non
361 2675 494 2705 possum
517 2674 567 2696 res
589 2665 756 2695 Romanas
775 2674 847 2704 per·
892 2663 983 2702 hinc,
994 2665 1170 2707 epistolam
1187 2668 1236 2696 15.
1248 2668 1323 2705 pust
1338 2662 1423 2693 hanc
1438 2661 1595 2702 scriptam

145 2706 286 2738 scribere
298 2719 308 2738 z
346 2718 421 2747 quae
451 2707 552 2738 nullae
584 2708 724 2748 majores
757 2710 848 2738 sunt.
892 2716 973 2738 esse.

148 2756 226 2779 nam
241 2749 280 2781 de
294 2751 398 2781 lustro
413 2751 472 2781 διο.
935 2749 976 2780 56
989 2754 1106 2780 nostra>
1118 2749 1201 2789 reip
1205 2748 1342 2779 -detur
1353 2757 1379 2778 e.
1392 2742 1593 2784 zaliturum]

192 2792 232 2821 53
247 2793 318 2831 lege
335 2792 458 2832 [hetia]
485 2792 567 2823 Haec
591 2796 642 2824 est
662 2791 762 2824 lectio
777 2790 849 2821 edd.
894 2789 989 2822 Edidi
1013 2792 1191 2823 lectionem
1210 2790 1456 2824 Gruterianam,
1472 2786 1533 2816 etsi
1547 2787 1596 2816 vi·

145 2841 198 2872 pr.
226 2837 260 2863 et
289 2833 368 2865 Mss.
398 2834 556 2875 plurium,
584 2845 682 2875 quam
718 2838 850 2864 secutus
893 2834 1032 2866 tiosam.
1057 2834 1091 2865 in
1113 2844 1177 2874 qua
1192 2834 1316 2864 frustra
1337 2830 1444 2861 adhuc
1466 2828 1595 2859 labora

145 2884 224 2905 cum
239 2875 370 2907 Graevio
383 2886 470 2914 sum,
485 2877 563 2908 dum
587 2877 705 2908 melior
725 2880 761 2906 et
782 2885 851 2907 cer·
893 2885 967 2906 vere
992 2877 1053 2907 viri
1079 2876 1188 2907 docti:
1225 2883 1364 2915 quorum
1393 2873 1598 2914 conjecturas

145 2916 214 2957 tior
228 2918 424 2961 reperiatur.
438 2929 469 2951 v.
484 2918 579 2952 ClaV.
598 2920 632 2952 in
643 2919 679 2953 h.
695 2919 779 2959 lege.
894 2918 1037 2952 referre
1029 2928 1128 2951 mane
1144 2918 1198 2949 sit.

830 2966 962 3002 Nn3
