1940 3231
320 132 397 166 918
692 127 871 166 EPIST.
899 127 978 168 AD
1004 128 1051 167 Q.
1078 125 1379 168 FRATREM,

324 232 458 288 gniuo
481 246 712 274 manerem.
744 231 950 289 postridie
972 240 1114 273 autem
1138 232 1181 272 in
1207 231 1377 272 Laterio
1396 230 1668 286 cogitabam:
1690 227 1758 269 in-

325 291 392 340 de,
415 304 512 331 cum
543 290 585 330 in
610 289 808 346 Arpinati
843 290 1032 344 quinque
1054 290 1142 333 dies
1165 289 1356 340 fuissem,
1378 288 1438 330 ire
1460 288 1503 328 in
1530 285 1759 341 Pompeia-

326 362 456 388 num:
488 348 654 388 rediens
693 347 912 401 adspicere
943 346 1202 397 Cumanum,
1234 357 1295 396 ut,
1327 345 1530 400 quoniam
1563 345 1606 385 in
1638 343 1758 385 Non.

282 398 312 429 b.
329 404 472 446 Maias
496 404 653 445 Miloni
677 407 719 433 *1⁴
730 404 819 444 dies
854 403 1023 458 prodita
1044 412 1123 454 est,
1150 404 1258 458 prid.
1291 403 1407 445 Non.
1431 402 1585 443 Romae
1607 414 1759 449 essem,

328 471 470 516 teque,
501 462 559 501 mi
594 460 810 501 carissime
841 470 883 500 et
908 461 1157 500 suavissime
1189 460 1332 510 frater,
1355 460 1406 500 ad
1441 474 1531 500 eam
1556 459 1669 500 diem
1691 461 1762 509 (ut

328 520 572 575 sperabam)
606 517 806 557 viderem.
860 517 1210 557 AEdifieationem
1248 517 1407 558 Arcani
1441 517 1494 557 ad
1532 526 1652 557 tuum
1683 513 1758 554 ad-

327 586 504 617 ventum
548 575 775 615 sustentari
820 573 1030 629 placebat.
1091 574 1192 626 Fac,
1234 575 1292 615 mi
1336 574 1480 626 frater,
1523 583 1572 616 ut
1606 571 1759 622 valeas,

327 631 732 689 quamprimumque
756 632 917 672 venias.

290 721 314 761 8
844 720 1245 758 ARGUMENTUM.

369 787 433 828 De
448 786 714 834 supplicatione
737 785 892 821 Gabinio
912 789 1060 834 negata,
1078 790 1112 821 ec
1135 786 1310 821 desiderio
1329 796 1392 820 suo
1401 783 1541 833 fratris
1558 784 1717 824 videndi.

695 851 954 894 MARCUS
988 853 1044 899 Q.
1079 851 1307 893 FRATRI
1340 851 1384 892 S.

327 911 377 965 O
405 920 700 962 LITTERAS
733 920 838 962 mihi
882 930 975 961 tuas
1012 920 1364 976 jucundissimaS,
1395 927 1681 975 exspectatas,
1711 934 1763 960 ac

327 979 467 1034 primo
490 979 661 1033 quidem
685 993 781 1019 cum
806 978 1031 1029 desiderio,
1054 993 1168 1019 nune
1192 992 1290 1019 vero
1309 979 1438 1018 etiam
1461 991 1559 1018 cum
1583 977 1760 1020 timore!

328 1035 473 1091 Atque
504 1037 580 1077 has
612 1036 721 1076 scito
744 1035 905 1076 litteras
939 1050 1005 1076 me
1035 1035 1143 1077 solas
1168 1035 1383 1091 accepisse
1409 1044 1506 1090 post
1527 1033 1632 1084 illas,
1655 1048 1760 1089 quas

328 1106 426 1135 tuus
449 1103 580 1134 nauta
601 1092 760 1143 attulit,
784 1092 915 1134 Olbia
935 1093 1069 1134 datas.
1105 1094 1187 1134 Sed
1210 1104 1351 1134 cetera
1372 1096 1440 1145 (ut
1462 1092 1633 1142 scribis)
1652 1105 1760 1146 prae-

329 1152 436 1192 senti
471 1151 657 1192 sermoni
690 1161 970 1192 reserventur.
1024 1151 1105 1192 hoc
1138 1160 1278 1191 tamen
1311 1165 1396 1190 non
1429 1163 1539 1205 queo
1575 1148 1760 1189 differre.

329 1207 398 1251 Id.
432 1208 565 1249 Maiis
599 1219 769 1248 senatus
801 1208 1016 1262 frequens,
1047 1208 1218 1249 divinus
1249 1207 1333 1248 fuit
1364 1209 1408 1248 in
1447 1206 1764 1262 supplicatione

330 1266 523 1307 Gabinio
559 1265 825 1320 deneganda.
875 1265 1064 1321 Adjurat
1100 1265 1311 1306 Procilius
1342 1265 1425 1305 hoc
1460 1264 1623 1305 nemini
1648 1264 1763 1305 acci-

328 1323 455 1367 disse.
507 1325 549 1354 45
564 1322 686 1364 Foris
712 1322 836 1363 valde
862 1322 1092 1378 plauditur.
1154 1322 1269 1363 Mihi
1293 1337 1391 1363 cum
1414 1337 1489 1363 sua
1511 1330 1664 1377 sponte
1689 1321 1765 1378 ju-

329 1381 534 1430 cundum,
558 1390 649 1421 tum
671 1380 918 1435 jucundius,
940 1382 1056 1436 quod
1081 1395 1148 1421 me
1170 1380 1347 1421 absente
1367 1383 1451 1432 (est
1472 1380 1584 1420 enim
1603 1384 1764 1436 εἱλικςινὲς

321 1438 560 1494 judicium)
593 1439 682 1478 sine
705 1439 1046 1493 oppugnatione,
1070 1437 1160 1478 sine
1193 1437 1332 1492 gratia
1353 1448 1512 1477 nostra.
1535 1451 1648 1477 eram
1672 1438 1766 1478 An·-

328 1496 394 1536 tii.
456 1495 587 1542 Quod
613 1495 762 1536 [dibus
785 1505 828 1535 et
850 1496 1058 1551 postridie
1078 1495 1217 1536 fuerat
1238 1495 1418 1546 dictum,
1434 1495 1487 1536 de
1507 1509 1612 1550 agro
1633 1494 1765 1535 Cam-

326 1567 440 1609 pano
463 1563 606 1593 actum
640 1553 706 1602 iri,
739 1566 821 1593 non
855 1565 919 1593 est
949 1562 1109 1593 actum.
1170 1552 1222 1593 In
1253 1552 1334 1593 hae
1356 1567 1484 1593 eausa
1516 1551 1622 1592 mihi
1654 1567 1767 1607 aqua

325 1611 478 1652 haeret.
538 1610 621 1650 Sed
645 1610 767 1666 plura
785 1624 914 1664 quam
937 1611 1259 1651 constitueram.
1292 1624 1435 1651 coram
1458 1610 1589 1650 enim.
1646 1609 1767 1660 Vale,

325 1668 386 1708 mi
410 1668 574 1723 optime
596 1677 638 1707 et
661 1668 930 1722 optatissime
952 1667 1097 1718 frater,
1120 1678 1163 1707 et
1193 1667 1359 1708 advola.
1422 1666 1545 1708 Idem
1566 1676 1608 1708 te
1629 1667 1766 1710 nostri

327 1736 485 1781 rogant
507 1725 650 1781 pueri:
683 1724 784 1768 illud
810 1724 989 1777 scilieet,
1011 1726 1185 1766 cenabis
1208 1739 1307 1766 eum
1331 1724 1511 1766 veneris.

289 1826 316 1867 9
849 1815 960 1852 ARG
966 1816 1046 1853 ΠΜ
1052 1815 1254 1853 ENTUM.

347 1879 443 1920 Quid
461 1891 540 1914 cum
557 1880 731 1927 Pompeio
751 1884 783 1915 et
807 1880 934 1916 Crasso
957 1880 1050 1916 Coss.
1071 1881 1113 1915 de
1133 1879 1296 1927 operibus
1314 1883 1349 1914 et
1369 1878 1661 1927 inscriptionibus
1677 1890 1757 1927 ege-

444 1933 507 1973 rit,
528 1933 616 1978 quid
634 1932 840 1980 profecerit,
863 1938 896 1968 et
916 1934 1004 1980 quid
1024 1934 1058 1968 in
1079 1932 1216 1969 Senatu
1236 1936 1354 1967 actum
1371 1933 1432 1974 sit,
1453 1931 1655 1979 perscribit.

709 1999 966 2041 MARCUS
1002 2000 1057 2046 Q.
1091 1998 1320 2040 FRATRI
1354 1999 1398 2040 S.

330 2053 755 2108 PLACITURUM
791 2068 869 2108 tibi
901 2082 992 2108 esse
1019 2068 1174 2108 librum
1207 2082 1350 2108 meum
1375 2068 1646 2124 suspicabar:
1680 2079 1768 2112 tam

332 2123 454 2164 valde
478 2124 702 2178 placuisse,
726 2140 854 2179 qnam
878 2126 1043 2176 scribis,
1068 2126 1189 2166 valde
1211 2126 1393 2181 gaudeo.
1456 2126 1584 2173 Quod
1607 2141 1674 2167 me
1695 2127 1770 2168 ad-

330 2195 480 2221 mones
508 2182 550 2211 46
563 2182 615 2222 de
638 2192 784 2222 nostra
806 2183 984 2234 Urania,
1009 2184 1258 2237 suadesque,
1285 2192 1330 2223 ut
1352 2183 1620 2224 meminerim
1643 2184 1770 2226 Jovis

333 2238 589 2290 orationem,
618 2254 715 2294 quae
739 2249 802 2280 est
832 2241 874 2280 in
907 2250 1102 2281 extremo
1125 2240 1197 2281 illo
1220 2240 1355 2281 libro:
1389 2255 1471 2295 ego
1495 2255 1594 2282 vero
1617 2242 1769 2282 memi-

331 2295 391 2346 ni,
416 2306 458 2336 et
483 2296 553 2337 illa
575 2297 722 2337 omnia
740 2297 844 2338 mihi
871 2298 1007 2353 magis
1031 2298 1196 2354 scripsi,
1215 2312 1344 2352 quam
1367 2297 1535 2339 ceteris.
1597 2298 1679 2340 Sed
1705 2309 1770 2340 ta-

200 2366 429 2409 p‚312.1n<?n
454 2354 676 2409 postridie,
701 2369 830 2409 quam
855 2365 898 2395 tu
927 2369 970 2395 es
1005 2355 1240 2411 profectus,
1262 2354 1398 2395 multa
1420 2368 1547 2396 nocte
1571 2371 1669 2397 cum
1691 2356 1769 2396 Vi-

288 2421 318 2441 a.
334 2409 464 2451 bullio
491 2411 583 2451 veni
609 2412 660 2452 ad
697 2411 969 2468 Pompeium.
1028 2412 1226 2466 Cumque
1261 2427 1343 2468 ego
1376 2413 1560 2468 egissem
1593 2413 1646 2454 de
1674 2413 1768 2455 istis

329 2469 533 2523 operibus
564 2479 693 2525 atque
725 2469 1096 2526 inscriptionibus,
1131 2485 1204 2525 per
1234 2470 1341 2510 mihi
1375 2470 1562 2527 benigne
1592 2484 1769 2527 respon-

331 2525 418 2567 dit:
443 2540 645 2582 magnam
670 2541 788 2583 spem
813 2527 973 2570 attulit.
1005 2542 1104 2569 cum
1125 2528 1281 2569 Crasso
1299 2541 1343 2568 se
1365 2527 1478 2568 dixit
1496 2528 1614 2583 loqui
1634 2528 1766 2572 velle:

370 2674 411 2701 44
433 2672 500 2702 dies
518 2673 651 2711 prodita
666 2673 758 2713 esset]
784 2674 835 2703 An
847 2674 996 2713 prodicta
1009 2676 1026 2705 ‚7
1071 2678 1201 2710 nat-nu,
1218 2684 1237 2704 a
1252 2673 1385 2715 populo.

328 2714 415 2743 unde
428 2715 461 2744 in
477 2714 548 2745 edd.
566 2720 645 2745 vett.
659 2716 864 2754 quibusdam,
878 2723 912 2746 et
928 2717 1025 2747 Rom.
1112 2717 1153 2748 445
1176 2717 1213 2747 cle
1235 2720 1346 2746 nostra
1367 2715 1510 2755 Urania]
1537 2715 1618 2747 Mss.
1640 2720 1674 2746 et
1695 2715 1769 2747 edd.

328 2756 453 2786 sactum
472 2758 647 2796 proderem,
671 2768 743 2796 (μιᾶ-
767 2759 914 2788 confusio
937 2765 970 2789 ct
993 2759 1026 2789 in
1073 2769 1120 2798 pr.
1151 2760 1189 2788 de
1218 2769 1280 2789 non
1307 2760 1472 2790 curantia.
1516 2758 1710 2789 Tunstallus
1740 2769 1772 2799 p.

327 2799 397 2828 aniz
430 2799 518 2829 libris
545 2805 662 2831 notata
689 2805 755 2830 est:
782 2801 916 2840 prodita
939 2800 1028 2832 dedit
1076 2805 1143 2834 101.
1174 2801 1308 2840 corrigit
1336 2801 1374 2830 de
1398 2802 1568 2832 nominum
1593 2802 1773 2832 curatione.

326 2841 502 2871 daura-nus.
1071 2844 1158 2882 qumi
1185 2853 1274 2874 nunc
1302 2842 1422 2880 editur,
1446 2849 1495 2874 est
1524 2854 1544 2874 a
1571 2845 1773 2875 correctione

369 2886 408 2913 451
434 2883 524 2914 Foris
540 2886 632 2916 valde
642 2884 833 2926 plauditur]
861 2884 964 2916 Extra
977 2895 1026 2917 se-
1070 2885 1285 2928 Mala-minae:
1310 2895 1446 2926 eamque
1463 2895 1570 2918 reram
1587 2891 1680 2927 puto.
