1940 3231
625 164 829 205 LIBER
870 164 980 203 VIII.
1451 169 1528 205 649

89 273 336 326 missurum,
354 286 484 330 quam
504 270 694 330 potuerit
714 267 951 311 conveniri.
1013 263 1304 323 Epistolarum
1328 266 1530 325 Pompeii

88 332 285 384 duarum,
303 346 409 387 quas
430 332 482 372 ad
505 344 573 370 me
593 327 725 378 misit,
745 324 1074 382 negligentiam,
1096 324 1136 354 56
1149 337 1374 379 meamque
1398 325 1443 366 iu
1466 342 1530 368 re-

94 389 320 430 scribendo
338 387 605 443 diligentiam
624 384 741 426 volui
765 384 846 426 tibi
870 394 1018 424 notam
1039 396 1145 423 esse.
1167 395 1311 421 earum
1331 383 1532 439 exempla

91 446 144 487 ad
168 456 210 487 te
233 447 344 487 misi.
405 443 588 486 Caesaris
607 442 678 483 hic
703 457 779 499 per
806 442 1013 497 Apuliam
1037 439 1090 480 ad
1122 437 1401 480 Brundisium
1435 454 1532 480 cur-

94 518 164 544 sus
187 505 289 559 quid
312 503 486 552 efficiat,
510 510 733 557 exspecto.
764 500 929 540 utinam
952 496 1114 553 aliquid
1136 498 1175 530 57
1190 495 1328 537 simile
1358 496 1532 538 Parthi-

92 561 154 601 cis
174 561 326 602 rebus!
366 558 492 600 simul
521 558 682 614 aliquid
713 558 904 608 audiero,
924 555 1108 597 scribam
1131 553 1185 595 ad
1219 563 1276 595 te.
1308 562 1354 594 tu
1387 553 1441 595 ad
1463 568 1534 596 me

93 618 222 660 velim
249 619 457 658 bonorum
482 630 712 657 sermones.
762 615 916 656 Romae
941 613 1186 669 frequentes
1203 625 1294 653 esse
1313 611 1533 653 dicuntur.

96 676 186 717 scio
203 674 401 729 equidem
425 682 467 715 te
487 674 531 715 in
555 673 776 730 publicum
798 687 885 714 non
911 671 1096 728 prodire.
1119 669 1190 711 sed
1210 677 1370 721 tamen,
1388 669 1538 711 audire

98 741 142 773 te
163 733 313 783 multa,
336 746 507 773 necesse
530 743 610 774 est.
670 730 856 772 Memini
881 729 1040 770 librum
1064 727 1142 769 tibi
1165 727 1306 768 afferri
1329 743 1355 768 a
1378 727 1538 768 Deme-

98 789 180 830 trio
203 788 415 845 Magnete
437 790 509 841 (ad
534 800 576 831 te
598 791 775 831 missum
800 789 909 835 scio)
931 793 1003 842 mg)
1023 790 1179 839 ὁμονοίας.
1210 799 1310 826 eum
1335 786 1443 826 mihi
1467 799 1539 828 ve·

97 844 172 887 lim
195 847 356 888 mittas.
388 848 522 899 vides,
544 862 672 903 quam
692 860 865 888 causam
888 845 1084 886 mediter.

165 935 265 978 CN.
298 935 564 979 MAGNUS
598 935 873 1034 PROCIQSI‘)
894 934 938 976 S.
972 933 1030 976 D.
1062 931 1130 974 M.
1164 929 1474 977 CICERONI

103 1050 392 1110 QUINTUS
417 1067 576 1109 Fabius
598 1068 650 1109 ad
674 1081 742 1108 me
777 1066 894 1107 venit
915 1080 955 1106 a.
977 1065 1019 1106 d.
1051 1064 1326 1108 1v.1<aiend.
1357 1065 1483 1108 Febr.
1506 1066 1543 1108 is

101 1125 276 1166 nuntiat
299 1126 347 1167 L.
372 1125 617 1167 Domitium
640 1140 738 1165 cum
757 1124 843 1165 suis
865 1123 1117 1165 cohortibus
1141 1136 1213 1173 xl,
1229 1130 1272 1163 et
1291 1123 1544 1166 cohortibus

104 1197 210 1233 xw,
231 1198 336 1238 quas
370 1183 585 1223 Vibullius
616 1182 814 1232 adduxit,
837 1181 889 1221 ad
920 1195 990 1221 me
1023 1180 1104 1221 iter
1127 1180 1308 1223 habere:
1340 1181 1545 1222 habuisse

103 1241 148 1280 in
172 1242 317 1281 animo
349 1240 565 1296 proficisci
599 1239 809 1290 Corfinio,
831 1253 870 1279 a.
892 1238 935 1279 d.
960 1251 1003 1279 V.
1037 1237 1103 1278 Id.
1126 1236 1251 1278 Febr.
1286 1237 1338 1279 C.
1362 1238 1546 1280 Hirrum
1605 1268 1611 1274 -

105 1312 206 1338 cum
237 1312 277 1338 v.
299 1298 551 1338 cohortibus
584 1297 803 1352 subsequi.
844 1309 1013 1346 censeo,
1036 1295 1090 1336 ad
1121 1309 1199 1336 nos
1223 1295 1450 1338 Luceriam
1473 1309 1547 1338 ve-

103 1354 212 1395 nias.
243 1370 340 1396 nam
366 1363 408 1396 te
426 1355 497 1396 hic
520 1355 733 1396 tutissime
756 1362 862 1410 puto
885 1352 992 1394 fore.

173 1444 243 1486 M.
267 1444 503 1487 CICERO
527 1444 662 1486 IMP.
685 1444 732 1485 S.
755 1442 813 1485 D.
839 1442 938 1485 CN.
964 1441 1200 1485 MAGNO
1222 1443 1487 1487 PROCOS.

108 1502 178 1555 A·
204 1518 263 1560 D.
287 1532 351 1560 xv
387 1517 569 1560 Kalend.
594 1518 728 1559 Mart.
761 1517 946 1558 Formiis
978 1517 1124 1574 accepi
1148 1526 1242 1559 tuas
1264 1518 1453 1562 litteras:
1492 1533 1548 1564 ex

106 1575 264 1632 quibus
285 1592 348 1625 ea,
370 1590 466 1631 quae
500 1576 545 1616 in
580 1590 684 1631 agro
716 1574 879 1617 Piceno
901 1584 1024 1631 gesta
1049 1585 1184 1625 erant,
1219 1579 1407 1633 cognovi
1428 1592 1548 1619 com-
1559 1581 1591 1614 P·
1610 1571 1679 1603 126.

107 1634 304 1674 modiora
324 1648 414 1674 esse
437 1634 588 1684 multo,
610 1636 649 1664 58
663 1648 792 1689 quam
826 1642 875 1674 ut
896 1643 986 1674 erat
1020 1634 1144 1674 nobis
1168 1637 1439 1688 nuntiatum3
1472 1624 1591 1676 Vi-a'

110 1691 319 1747 bulliique
341 1692 557 1741 virtutem,
577 1690 918 1747 industriamque
939 1691 1122 1732 libenter
1144 1694 1318 1747 agnovi.
1365 1695 1456 1737 Nos
1476 1693 1552 1734 ad-

112 1750 197 1792 huc
220 1752 259 1783 59
276 1750 316 1790 in
341 1763 390 1790 ea
409 1764 498 1800 ora,
522 1751 595 1790 ubi
618 1750 839 1805 praepositi
865 1763 1025 1799 sumus,
1048 1750 1109 1789 ita
1130 1748 1305 1800 fuimus,
1329 1762 1376 1793 ut
1397 1766 1552 1795 navem

113 1815 307 1863 paratam
329 1806 598 1848 haberemus,
630 1822 679 1847 ea
700 1807 816 1847 enim
838 1806 1132 1857 audiebamus,
1150 1816 1192 1847 et
1212 1822 1262 1847 ea
1283 1812 1552 1860 verebamur,

113 1873 177 1916 ut,
198 1865 240 1893 ⁶⁰
251 1865 555 1919 quodcumque
572 1873 617 1904 tu
640 1875 867 1905 consmum
891 1866 1183 1920 praecepisseS,
1202 1864 1244 1905 id
1265 1868 1390 1908 nobis
1410 1884 1553 1925 perse-

111 1921 332 1977 quendum
355 1932 616 1978 putaremus.
641 1937 768 1967 nunc.
798 1922 1003 1977 quoniam
1027 1921 1284 1963 auctoritate
1306 1935 1349 1965 et
1370 1927 1553 1970 consilio

115 1989 191 2020 tuo
214 1978 257 2019 in
295 1994 370 2035 spe
392 1979 580 2020 firmiore
610 1994 782 2031 sumus,
813 1980 847 2019 si
885 1979 1015 2019 teneri
1055 1993 1178 2035 posse
1203 1991 1326 2035 putas
1359 1982 1556 2027 Tarraci-

116 2051 232 2086 nam,
254 2047 298 2076 et
327 2051 446 2077 oram
478 2037 752 2088 maritimam,
776 2038 820 2077 in
843 2051 893 2078 ea
921 2039 1132 2079 manebo:
1166 2038 1243 2077 etsi
1279 2041 1480 2094 praesidia
1509 2044 1556 2086 in

117 2093 291 2150 oppidis
314 2094 427 2134 nulla
449 2104 562 2135 sunt.
586 2109 710 2135 nemo
729 2095 844 2135 enim
862 2095 997 2135 nostri
1017 2095 1178 2136 ordinis
1202 2096 1243 2136 in
1268 2096 1332 2138 his
1351 2097 1456 2140 locis
1474 2109 1555 2152 est,

118 2161 277 2208 practer
300 2150 366 2192 M.
403 2150 607 2207 Eppium,
629 2167 755 2207 quem
787 2167 869 2208 ego
901 2151 1140 2194 Minturnis
1163 2168 1254 2195 esse
1289 2155 1418 2208 volui,
1447 2158 1558 2215 vigi-

115 2209 276 2250 lantem
301 2208 520 2256 hominem
543 2220 585 2250 et
607 2210 880 2251 industrium.
912 2225 1010 2251 narn
1036 2210 1083 2251 L.
1110 2210 1392 2268 Torquatum,
1416 2216 1557 2258 virum

120 2267 275 2307 fortem
312 2276 355 2306 et
387 2282 485 2308 cum
518 2267 788 2318 auctoritate,
824 2267 1006 2308 Formiis
1039 2284 1126 2309 non
1160 2270 1393 2313 habemus:
1425 2274 1477 2314 ad
1517 2283 1561 2315 te

120 2323 365 2381 profectum
384 2325 655 2366 arbitramur.
687 2340 768 2382 ego
787 2326 978 2376 omnino,
998 2336 1048 2367 ut
1068 2328 1267 2382 proxime
1287 2328 1365 2370 tibi
1391 2330 1563 2385 placue-

121 2392 202 2434 rat,
226 2380 422 2438 Capuam
457 2383 552 2424 veni
588 2397 639 2424 eo
678 2397 772 2439 ipso
808 2383 891 2434 die,
914 2398 1000 2440 quo
1039 2393 1086 2425 tu
1114 2383 1260 2428 Teano
1295 2386 1488 2430 Sidicmo
1516 2403 1561 2431 es

167 2497 207 2528 56
240 2507 410 2538 meamque
442 2498 478 2528 in
513 2498 712 2528 rescribendo
746 2497 818 2537 ὀᾶ]
864 2501 903 2528 ‘ut
925 2498 1006 2529 mihi
1027 2504 1215 2538 suspectum
1238 2504 1299 2532 est.
1331 2511 1399 2532 non
1421 2503 1506 2535 solet
1527 2504 1562 2535 in

126 2540 274 2570 Graevius
295 2551 312 2570 e
335 2541 400 2570 suis
423 2540 503 2570 Mss.
526 2540 627 2571 edidit
645 2540 822 2577 scribendo,
864 2540 927 2571 hac
940 2541 1071 2580 quidem
1085 2542 1192 2573 forma
1205 2543 1279 2574 addi
1296 2545 1338 2584 τῷ
1353 2554 1463 2585 quam.

126 2583 204 2621 quia
231 2588 454 2623 opponeretur
489 2582 608 2613 rii-:lius
648 2584 822 2614 literarum
910 2586 949 2617 59
971 2585 1005 2613 in
1021 2594 1060 2614 ea
1083 2595 1143 2616 ora
1167 2586 1223 2616 uln·
1241 2588 1408 2629 praepositi
1430 2588 1559 2627 sumus]

127 2626 352 2663 negligentiae.-
382 2625 417 2654 in
445 2625 580 2664 vulgata
606 2624 690 2655 idem
717 2626 823 2665 expri-
866 2625 951 2655 Puto
976 2626 1184 2658 scribendum
1207 2638 1276 2660 esse
1290 2631 1364 2661 cui.-
1386 2640 1462 2661 nam
1492 2641 1563 2661 ver-

131 2668 246 2704 mitur‚
263 2676 297 2698 et
311 2667 409 2698 simul
425 2669 590 2709 responsio
606 2668 646 2699 ad
660 2668 733 2698 illas
749 2668 823 2698 lite·
866 2667 946 2698 bum
969 2670 1135 2709 proeposz'tc'
1159 2680 1272 2702 sumus
1301 2672 1495 2713 simpliciter
1522 2684 1563 2703 eo

129 2718 193 2740 raS.
867 2719 977 2748 sensu,
991 2722 1055 2751 quo
1071 2711 1123 2742 hic
1146 2719 1207 2752 est,
1222 2715 1276 2746 vix
1290 2715 1460 2746 commode
1482 2715 1563 2746 dici-

172 2754 211 2785 57
232 2753 338 2782 simile
359 2752 530 2783 Parthicis
549 2753 659 2792 rebus]
685 2753 707 2783 i.
730 2763 759 2784 e.
782 2753 825 2784 ir·
866 2758 935 2785 tur.

131 2795 301 2834 ruptiones
322 2800 356 2825 et
378 2795 580 2825 incursiones
602 2796 727 2832 breveS,
743 2806 824 2835 qua·
910 2796 951 2827 60
972 2797 1192 2839 quodcumque
1206 2804 1243 2830 tu
1257 2800 1426 2830 consilium
1442 2809 1566 2839 proece-

133 2836 180 2867 les
203 2836 399 2867 Parthorum
419 2837 566 2875 fuerant,
582 2848 661 2869 cum
683 2844 768 2869 esset
789 2839 825 2869 in
863 2838 975 2879 pisses]
995 2840 1118 2870 Durius
1130 2847 1179 2872 est
1193 2843 1362 2872 consilium
1371 2843 1564 2882 proem'pere:

132 2879 310 2921 provincia,
326 2883 361 2908 et
375 2879 485 2918 quales
498 2889 567 2910 esse
581 2881 701 2911 solent.
870 2892 992 2916 vereor,
1014 2892 1056 2912 ne
1079 2885 1250 2915 consiIIum
1273 2885 1316 2915 sit
1338 2894 1357 2915 a
1384 2884 1503 2924 glossa,
1527 2890 1567 2917 ut

176 2924 214 2952 58
237 2931 337 2961 quam
352 2926 390 2952 ue
411 2926 484 2954 erat
505 2922 593 2953 nobis
614 2924 824 2964 nunciatum]
869 2933 968 2965 supra
982 2934 1032 2965 ep.
1049 2928 1082 2958 ἶ.
