1940 3231
252 1370 279 1405 2

244 1696 275 1727 b.

299 148 374 187 972
715 139 908 183 EPIST.
936 145 1017 183 AD
1044 145 1318 184 BRUTUM.

298 250 387 291 lum
418 248 685 290 haberemus
749 249 922 298 Omnia,
950 248 1097 300 Brute,
1131 250 1310 305 praestiti
1344 250 1606 306 reipublicae,
1629 270 1724 310 quoe

301 317 503 362 praestare
533 306 682 347 debuit
715 306 763 357 is,
785 307 856 361 qui
889 317 998 346 esset
1030 306 1071 346 in
1096 322 1162 357 eo,
1186 308 1225 347 in
1250 322 1334 362 quo
1357 322 1437 362 ego
1460 323 1568 359 sum,
1591 313 1725 365 gradu

299 374 470 405 senatus
504 363 735 420 populique
761 363 929 419 judicio
960 362 1218 405 collocatus:
1254 379 1329 404 nec
1363 365 1431 404 illu
1461 367 1604 416 modo,
1627 383 1725 422 quae

298 421 501 461 nimirum
537 421 624 460 sola
655 421 709 460 ab
743 419 917 459 homine
952 429 1051 459 sunt
1085 421 1351 475 postulanda,
1379 421 1522 472 fidem,
1544 423 1726 479 vigilan-

302 479 421 527 tiam,
452 478 602 533 patriae
633 477 881 517 caritatem:
913 489 962 515 ea
994 486 1092 516 sunt
1123 477 1252 527 enim,
1273 493 1368 532 quae
1401 493 1526 519 nemo
1550 491 1628 531 est,
1650 482 1723 536 qui

302 549 386 575 non
422 546 621 590 praestare
652 533 829 574 debeat:
861 546 942 587 ego
975 544 1114 573 autem
1147 533 1200 583 ei,
1223 536 1295 588 qui
1324 537 1578 576 sententiam
1609 538 1725 579 dicat

300 592 345 632 in
382 591 646 647 principibus
679 589 731 630 de
764 590 997 644 republica,
1031 601 1134 645 puto
1169 590 1295 630 etiam
1333 592 1598 646 prudentiam
1634 609 1725 636 esse

297 649 615 704 praestandam:
660 661 737 687 nec
770 661 852 695 me,
885 660 1015 700 quum
1052 647 1156 687 mihi
1199 656 1363 688 tuntum
1408 651 1645 702 sumserim,
1679 662 1726 693 ut

297 704 588 761 gubernacula
618 703 865 760 reipublicoe
899 703 1162 758 prenderem,
1194 704 1332 744 minus
1369 707 1551 760 putarim
1583 722 1723 764 repre-

298 761 585 812 hendendum,
608 761 641 801 si
665 760 872 801 inutiliter
895 759 1056 815 aliquid
1088 761 1253 801 senatui
1286 763 1503 813 suaserim,
1526 779 1654 818 quam
1686 766 1719 807 si

297 819 539 860 infideliter.
599 817 711 861 Acta
732 833 828 872 quae
861 818 960 868 sint,
983 832 1165 872 quaeque
1187 829 1382 874 agantur,
1406 820 1494 860 scio
1518 823 1720 875 perscribi

297 877 350 917 ad
374 887 414 917 te
435 876 676 932 diligenter.
729 874 796 916 Ex
820 888 885 915 me
910 884 1051 915 autem
1076 875 1175 915 illud
1199 885 1277 924 est,
1298 877 1410 930 quod
1437 887 1477 917 te
1499 877 1624 919 velim
1648 879 1722 921 ha-

296 935 396 975 bere
418 934 656 990 cognitum,
679 946 821 973 meum
844 932 1014 987 quidem
1045 932 1232 973 animum
1268 933 1309 972 in
1341 933 1477 974 aciem
1507 948 1618 986 esse;
1651 951 1721 978 ne-

295 1006 378 1046 que
418 1000 658 1047 respectum
701 989 833 1030 ullum
870 1004 1076 1043 quaerere,
1111 989 1191 1029 nisi
1232 1004 1298 1030 me
1339 990 1498 1031 utilitas
1534 992 1722 1034 civitatis

293 1048 407 1090 forte
428 1047 702 1089 converterit.
724 1047 906 1102 majores
929 1056 1068 1086 autem
1096 1058 1237 1102 partes
1268 1047 1396 1087 animi
1432 1058 1473 1087 te
1505 1047 1722 1091 Cassium-

291 1119 375 1161 ·que
394 1105 640 1162 respiciunt.
674 1104 966 1151 Quamobrem
984 1104 1043 1144 ita
1066 1116 1105 1144 te
1129 1119 1242 1159 para,
1261 1103 1405 1154 Brute,
1426 1116 1471 1145 ut
1493 1105 1720 1162 intelligas,

290 1173 378 1211 aut,
403 1164 433 1203 si
470 1163 551 1203 hoc
584 1172 775 1217 tempore
807 1162 915 1202 bene
946 1176 1009 1202 res
1034 1171 1155 1217 gesta
1178 1162 1246 1209 sit,
1270 1162 1347 1201 tibi
1371 1162 1586 1203 meliorem
1612 1179 1721 1206 rem-

292 1220 508 1276 publicam
540 1234 629 1260 esse
661 1219 900 1259 faciendam
923 1235 931 1259 :
964 1229 1050 1269 aut,
1074 1219 1107 1259 si
1131 1218 1232 1273 quid
1256 1217 1465 1259 offensum
1490 1220 1558 1271 sit,
1583 1235 1656 1277 per
1681 1231 1721 1263 te

289 1276 579 1319 esse-eandem
602 1276 952 1332 recuperandam.

799 1375 1106 1412 ARGUMENT
1113 1376 1201 1413 ΠΜ,

288 1442 350 1478 De
370 1442 503 1477 Planci
522 1442 663 1487 egregio
684 1441 720 1475 in
737 1439 909 1487 rempubl.
929 1440 1064 1480 animo,
1084 1443 1118 1474 et
1139 1441 1212 1474 suis
1240 1452 1315 1474 cum
1347 1439 1500 1475 Servilio
1531 1441 1566 1476 in
1592 1447 1730 1478 senatis

475 1494 520 1530 de
538 1493 679 1528 Planco
697 1491 994 1533 contentionibus,
1015 1491 1140 1538 quibus
1157 1503 1235 1526 eum
1257 1493 1399 1527 tandem
1407 1491 1542 1541 fregit.

725 1557 958 1600 CICERO
991 1556 1201 1599 BRUTO
1233 1559 1277 1599 S.

287 1616 529 1670 PLANCI
573 1627 764 1669 animum
804 1627 845 1666 in
884 1624 1196 1681 rempublicam
1235 1626 1475 1682 egregium,
1512 1625 1719 1683 legiones,

287 1686 462 1735 auxilia,
503 1686 649 1741 copias
691 1699 744 1725 ex
787 1682 939 1724 litteris
979 1683 1087 1738 ejus,
1126 1696 1307 1738 quarum
1349 1682 1595 1739 exemplum
1637 1686 1716 1726 tibi

286 1745 463 1784 missum
503 1743 700 1791 arbitror,
734 1740 975 1797 perspicere
1014 1739 1208 1795 potuisti.
1270 1740 1437 1796 Lepidi,
1473 1741 1533 1780 tui
1574 1755 1719 1783 neces-

286 1801 401 1851 sarii,
423 1799 494 1855 qui
519 1799 751 1840 secundum
776 1797 949 1838 fratrem
981 1797 1128 1838 affines
1157 1796 1290 1837 habet
1311 1811 1418 1851 quos
1449 1797 1589 1838 oderit
1618 1813 1717 1854 pro-

286 1859 442 1906 ximos,
465 1857 683 1898 levitatem
704 1866 747 1895 et
769 1855 1101 1896 inconstantiam
1131 1854 1408 1908 animumque
1439 1868 1606 1910 semper
1636 1856 1717 1896 ini-

284 1916 443 1955 micum
475 1913 724 1970 reipublicae
751 1912 844 1967 jam
878 1912 1005 1952 credo
1036 1912 1116 1952 tibi
1147 1925 1202 1952 ex
1234 1919 1405 1951 tuorum
1439 1912 1588 1952 litteris
1624 1926 1716 1953 esse

283 1982 571 2028 perspectum.
598 1985 673 2010 nos
695 1969 964 2025 exspectatio
997 1968 1213 2018 sollicitat,
1235 1983 1332 2023 quae
1362 1978 1427 2008 est
1457 1970 1596 2009 omnis
1620 1969 1715 2024 jam

282 2032 325 2070 in
357 2039 596 2070 extremum
629 2027 816 2068 adducta
846 2026 1088 2068 discrimen.
1151 2024 1229 2066 Est
1254 2026 1367 2066 enim
1391 2040 1487 2081 spes
1509 2027 1648 2067 omnis
1671 2027 1714 2068 in

282 2087 420 2128 Bruto
453 2084 739 2142 expediendo,
771 2085 824 2125 de
857 2098 942 2138 quo
978 2083 1251 2124 vehementer
1285 2082 1556 2125 timebamus,
1619 2082 1714 2140 Ego

280 2144 352 2185 hic
373 2158 469 2185 cum
494 2142 670 2183 homine
693 2141 854 2182 furioso
877 2141 978 2181 satis
1001 2140 1139 2181 habeo
1162 2140 1343 2195 negotii,
1367 2139 1563 2191 Servilio,
1584 2155 1712 2196 quem

281 2202 358 2242 tuli
400 2201 578 2252 diutius,
608 2213 737 2254 quam
769 2198 959 2254 dignitas
991 2211 1086 2238 mea
1116 2198 1387 2254 patiebatur:
1421 2197 1491 2238 sed
1527 2197 1603 2238 tuli
1635 2198 1716 2239 rei-

277 2258 466 2315 publicae
489 2272 632 2308 causa,
656 2270 708 2296 ne
730 2256 874 2297 darem
898 2254 1073 2310 perditis
1105 2255 1273 2296 civibus
1302 2253 1538 2305 hominem,
1560 2268 1711 2310 parum

280 2330 429 2358 sanum
464 2315 581 2355 illum
620 2312 810 2368 quidem,
842 2314 913 2353 sed
950 2322 1090 2352 tamen
1125 2311 1330 2361 nobilem,
1362 2326 1448 2366 quo
1483 2326 1713 2354 concurre-

276 2385 396 2415 rent:
429 2372 542 2427 quod
575 2371 740 2412 faciunt
771 2369 906 2410 nihilo
943 2369 1109 2410 minus:
1142 2369 1214 2410 sed
1253 2382 1350 2410 eum
1382 2368 1652 2410 alienandum
1683 2384 1710 2410 a

277 2429 497 2486 republica
527 2442 612 2469 non
646 2428 867 2484 putabam.
929 2424 1080 2467 Finem
1111 2425 1193 2467 feci
1225 2425 1318 2480 ejus
1349 2425 1529 2467 ferendi.
1562 2440 1710 2481 coepe-

275 2500 342 2529 rat
362 2488 475 2528 enim
508 2500 598 2526 esse
631 2494 749 2526 tanta
778 2482 1020 2534 insolentia,
1043 2492 1091 2523 ut
1121 2484 1335 2524 neminem
1366 2482 1547 2523 liberum
1578 2483 1708 2523 duce-

275 2555 354 2586 ret.
415 2544 466 2584 In
500 2542 647 2583 Planci
675 2556 773 2583 vero
805 2555 932 2581 causa
961 2541 1122 2581 exarsit
1153 2539 1393 2581 incredibili
1426 2540 1586 2589 dolore,
1621 2554 1709 2580 me-

274 2616 459 2656 cumque
486 2600 663 2640 biduum
696 2599 757 2639 ita
787 2598 1024 2647 contendit,
1047 2609 1090 2637 et
1120 2612 1144 2637 a
1174 2612 1242 2638 me
1273 2597 1334 2637 ita
1364 2596 1524 2638 fractus
1555 2607 1634 2647 est,
1657 2606 1707 2638 ut:

272 2674 369 2700 eum
406 2660 447 2699 in
483 2666 737 2712 perpetuum
769 2655 1071 2695 modestiorem
1110 2668 1275 2710 sperem
1314 2654 1419 2694 fore.
1478 2652 1623 2708 Atque
1660 2654 1704 2694 in

270 2716 352 2757 hac
371 2715 650 2757 contentione
672 2712 778 2769 ipsa,
797 2726 928 2766 quum
953 2711 1141 2752 maxime
1162 2726 1225 2752 res
1249 2722 1445 2767 ageretur
1466 2725 1503 2750 a.
1523 2710 1565 2751 d.
1587 2724 1611 2750 v
1638 2709 1707 2751 Id.

269 2773 407 2830 April.
432 2773 585 2813 litterae
605 2770 710 2811 mihi
734 2770 776 2810 in
801 2780 948 2809 senatu
973 2768 1150 2809 redditae
1173 2777 1313 2809 sunta
1336 2767 1518 2808 Lentulo
1541 2776 1704 2817 nostro,

268 2831 322 2871 de
346 2830 510 2881 Cassio,
535 2829 586 2868 de
609 2827 867 2884 legionibus,
889 2826 941 2866 de
975 2825 1123 2881 Syria:
1155 2841 1259 2880 quas
1290 2826 1437 2865 statim
1468 2838 1565 2865 cum
1598 2823 1705 2864 reci-

270 2889 486 2939 tax-issem,
508 2885 666 2928 cecidit
697 2883 916 2935 Servilius,
939 2882 1179 2939 complures
1210 2893 1433 2939 praeterea.
1465 2891 1564 2922 sunt
1587 2882 1704 2922 enim
