1940 3231
708 113 913 155 LIBER
947 113 994 152 V.
1499 115 1576 155 579

133 212 177 268 [e
200 218 536 276 syngraphajus
557 219 733 273 dicere}
766 229 857 259 tum
881 219 909 259 ii
934 218 1058 259 Bruti
1082 216 1330 268 familiares,
1356 214 1454 258 freti
1478 231 1575 273 gra-

136 273 199 314 tia
222 275 361 328 Bruti,
392 277 492 318 (lare
522 277 723 318 volebant
743 276 978 331 quaternis,
1008 275 1042 317 si
1078 275 1160 316 sibi
1184 284 1356 314 senatus
1378 274 1575 316 consulto

141 342 380 374 caveretur.
414 334 463 375 fit
498 334 638 390 gratia
671 333 797 374 Bruti
831 343 1002 375 senatus
1036 331 1298 381 consultum,
1322 344 1385 371 UT
1421 344 1486 371 NE
1513 345 1574 372 vE

142 401 458 442 SALAMINHS,
494 405 558 432 NE
585 403 644 431 VE
671 405 756 443 QUI
785 405 861 432 Els
890 403 1151 441 DEDISSET,
1186 402 1371 430 FRAUDI
1409 401 1576 429 ESSET.

138 449 366 500 pecuniam
401 458 694 490 numerarunt.
715 448 754 479 63
769 457 814 489 at
844 460 993 504 postea
1017 447 1133 489 venit
1154 447 1200 488 in
1222 455 1410 487 mentem
1436 444 1578 486 foene-

137 505 367 556 ratoribus,
389 503 498 545 nihil
531 519 575 545 se
597 505 753 560 juvare
775 506 878 547 illud
900 516 1071 547 senatus
1094 503 1354 554 consultum,
1376 501 1492 558 qnod
1522 516 1578 543 ex

139 561 386 617 syngrapha
413 561 488 616 jus
523 562 609 604 dici
645 563 715 605 lex
751 563 944 605 Gabinia
980 572 1158 605 vetaret.
1193 571 1285 603 tum
1319 561 1370 601 fit
1402 569 1576 601 senatus

136 618 395 669 consultum,
416 619 457 653 69
473 633 534 660 UT
561 634 623 661 EA
650 635 954 663 sYNGRAPHA
980 635 1130 662 ESSET
1155 633 1253 672 QUA
1280 633 1327 660 vl
1357 631 1579 660 CETERAE.

136 673 221 716 Sed
244 685 290 716 ut
312 676 490 728 eodem3
521 693 618 719 cum
645 678 738 720 haec
757 679 1064 729 disseruissem,
1080 677 1246 719 seducit
1265 690 1332 717 me
1351 675 1580 732 Scaptius3

136 731 197 772 ait
218 746 261 773 se
282 732 390 774 nihil
413 744 565 776 contra
586 736 752 777 dicere:
785 737 855 777 sed
880 751 952 777 eos
978 747 1143 793 putare,
1166 734 1327 775 talenta
1350 748 1405 775 cc
1435 747 1479 774 se
1505 732 1581 774 de-

137 787 262 843 bere3
294 805 343 831 ea
377 805 420 832 se
454 792 560 834 velle
587 794 808 850 accipere:
841 795 1046 835 TOdebere
1068 803 1214 834 autem
1236 806 1308 832 eos
1333 790 1475 847 paullo
1499 790 1581 832 mi-

135 859 241 888 nus:
273 857 414 904 rogat,
438 859 486 890 ut
508 865 579 891 eos
603 851 654 892 ad
681 866 735 892 cc
764 852 1009 907 perducam.
1043 851 1222 908 optime,
1256 850 1447 905 inquam.
1470 863 1580 890 voco

135 903 230 945 illos
265 906 316 946 ad
354 921 435 959 me,
469 917 637 950 remoto
661 909 854 965 Scaptio.
878 909 981 964 quid
1005 911 1108 951 vos?
1139 917 1365 963 quantum,
1387 907 1582 962 inquam,

137 960 329 1006 debetis?
366 966 642 1021 respondent,
674 981 771 1007 CVI.
804 966 942 1007 refero
975 966 1030 1007 ad
1067 966 1308 1022 Scaptium.
1343 964 1473 1005 homo
1495 963 1584 1006 cla-

138 1032 272 1061 mare.
306 1022 409 1076 quid
443 1038 552 1079 opus
589 1027 680 1066 est?
712 1024 903 1079 inquam.
940 1025 1125 1065 rationes
1153 1022 1402 1064 conferatis.
1423 1021 1584 1062 vassi-

136 1076 261 1130 dunt,
299 1080 570 1123 subducunt:
609 1081 662 1123 ad
705 1096 880 1122 numum
925 1078 1146 1122 convenit.
1185 1079 1245 1121 illi
1280 1094 1323 1120 se
1356 1093 1582 1120 numerare

138 1134 260 1187 velle,
299 1151 452 1193 urgere
487 1147 535 1179 ut
567 1139 796 1194 acciperet.
871 1138 1073 1195 Scaptius
1107 1146 1176 1178 m'e
1209 1151 1354 1178 rursus
1385 1137 1621 1179 seducitzb.

136 1202 279 1248 rogat,
301 1195 341 1227 7⁶2
357 1204 404 1236 ut
435 1210 522 1237 rem
558 1196 619 1237 sic
651 1196 904 1252 relinquam.
933 1197 1032 1237 dedi
1056 1196 1226 1237 veniam
1248 1194 1415 1235 homini
1438 1195 1581 1250 impu-

136 1249 290 1293 denter
311 1253 490 1307 petenti.
551 1253 719 1295 Graecis
741 1255 1043 1309 querentibus;
1075 1256 1115 1287 73
1130 1262 1177 1294 ut
1199 1253 1244 1293 in
1266 1251 1369 1293 fano
1393 1251 1583 1308 depone-

138 1317 234 1348 rent
267 1311 602 1364 postulantibus,
636 1326 721 1352 non
753 1312 961 1353 concessi.
1000 1312 1184 1352 clamare
1212 1324 1362 1351 omnes
1384 1310 1582 1366 quiade-

139 1375 250 1417 rant,
274 1366 380 1408 nihil
404 1369 697 1426 impudentius
722 1370 916 1425 Scaptio,
945 1370 1016 1425 qui
1041 1368 1288 1410 centesimis
1311 1382 1407 1408 cum
1433 1377 1585 1408 anato-

138 1423 274 1464 cismo
297 1435 527 1468 contentus
562 1442 647 1468 non
670 1437 801 1469 esset:
834 1427 921 1478 alii,
956 1430 997 1461 7⁴
1011 1426 1119 1468 nihil
1151 1425 1337 1467 stultius.
1369 1425 1476 1466 mihi
1509 1441 1585 1467 au-

138 1489 226 1521 tem
260 1482 488 1538 impudens
525 1485 676 1541 magis,
710 1500 839 1540 quam
879 1484 1048 1536 stultus,
1089 1484 1331 1525 videbatur.
1370 1497 1470 1524 nam
1510 1493 1586 1524 aut

140 1541 180 1572 75
196 1539 310 1579 bono
344 1543 520 1583 nomine
553 1543 800 1584 centesimis
830 1551 1060 1584 contentus
1094 1551 1200 1593 erat,
1222 1550 1312 1592 aut,
1343 1555 1429 1581 non
1452 1541 1584 1592 bono,

139 1605 368 1650 quaternas
381 1599 638 1641 centesimas
661 1601 875 1657 sperabat.
920 1599 1070 1641 Habes
1092 1613 1232 1640 meam
1254 1613 1453 1639 causam:
1486 1614 1584 1654 quae

140 1654 174 1694 si
210 1653 348 1695 Bruto
383 1672 469 1699 non
498 1658 731 1714 probatur;
763 1659 923 1710 nescio,
956 1672 1034 1699 cur
1065 1657 1183 1698 illum
1207 1670 1425 1698 amemus:
1456 1657 1497 1689 76
1511 1656 1584 1697 sed

139 1712 353 1754 avunculo
370 1715 462 1771 ejus
485 1723 601 1756 certe
625 1716 894 1772 probabitur,
912 1715 1150 1772 praesertim
1170 1729 1269 1756 cum
1290 1723 1461 1755 senatus
1480 1728 1585 1755 con-

136 1769 296 1812 sultum
321 1773 450 1815 modo
472 1772 636 1815 factum
661 1774 730 1825 sit,
753 1784 874 1830 puto,
898 1783 1128 1830 postquam
1151 1783 1196 1813 tu
1219 1787 1262 1813 es
1281 1770 1517 1828 profectu5‚
1539 1773 1583 1813 in

140 1827 404 1872 creditorum
437 1846 580 1883 causa,
611 1840 657 1872 ut
690 1833 937 1874 centesima:
959 1835 999 1865 77
1015 1840 1224 1888 perpetuo
1250 1829 1422 1870 foenore
1453 1830 1584 1871 duce-

183 1959 222 1990 63
246 1962 278 1989 et
286 1962 399 1998 postea
413 1959 502 1989 venie
517 1961 553 1989 in
569 1963 707 1989 mentem
727 1957 779 1998 f]
807 1962 838 1988 et

139 2001 193 2032 hic
208 2000 353 2032 alienum
369 2007 430 2031 est.
453 2002 564 2040 itaque
580 2006 639 2032 aut
662 2001 837 2031 delendum

138 2048 202 2080 est,
219 2048 278 2074 aut
292 2047 329 2074 at
343 2043 560 2074 scribendum.
579 2043 641 2074 hoc
656 2043 768 2074 malui.

182 2087 223 2121 69
248 2094 292 2117 UT
314 2094 359 2116 ΕΤ
374 2094 417 2116 ΕΑ
437 2086 656 2126 SYNGRAPHA]
691 2085 772 2116 Eud.
790 2095 838 2125 pr.

140 2128 264 2160 habent
280 2138 320 2158 et·
334 2138 375 2158 ea
398 2138 424 2158 s.
441 2128 473 2158 id
489 2138 528 2158 ex
542 2134 623 2169 puto
647 2136 770 2158 temere
787 2138 837 2158 re-

139 2172 282 2213 petitum
304 2181 322 2201 e
347 2170 621 2210 praecedentibus,
646 2171 701 2201 ubi
727 2175 778 2201 est
799 2180 840 2200 ex

137 2215 344 2255 syngrapha,
371 2219 447 2253 post
480 2214 521 2244 ab
547 2214 727 2244 editoribus
763 2223 838 2243 mn-

136 2262 248 2288 tatum
264 2258 299 2288 in
315 2260 358 2293 et,
374 2265 450 2286 eum
473 2255 582 2296 potius
597 2256 772 2287 delendum
791 2264 839 2285 es-

135 2304 197 2331 set.

179 2345 221 2376 70
243 2341 355 2372 debere
369 2344 481 2372 autem
495 2341 568 2372 illos
573 2343 690 2381 paullo
712 2339 836 2380 minus]

138 2385 212 2416 illos
224 2384 400 2415 delendum
423 2389 486 2420 est,
501 2385 681 2425 repetitum
704 2395 722 2415 e
744 2393 840 2424 supe-

140 2427 292 2458 rioribus.
338 2425 377 2457 In
394 2426 551 2458 ed.Jens.
568 2431 618 2458 est
633 2428 734 2457 etiam
749 2430 843 2456 utro-

140 2480 202 2509 que
219 2469 291 2500 loco
306 2479 367 2507 eos,
383 2474 422 2499 ut
444 2473 479 2500 et
493 2473 568 2510 post
590 2475 653 2507 est,
669 2468 756 2509 quod
770 2478 838 2499 me-

138 2511 202 2544 lius
219 2517 312 2553 puto.

179 2559 215 2589 71
244 2553 415 2594 adsidam]
433 2553 484 2585 ed.
506 2554 597 2585 dens.
612 2559 647 2585 et
669 2563 737 2593 sqq.
752 2553 839 2584 adsi-

140 2598 227 2628 dent.
275 2597 333 2628 Ed.
361 2597 460 2627 Rom.
484 2598 617 2634 adsunt,
642 2597 759 2627 vitiose
781 2605 841 2637 pro

140 2640 296 2670 adridunt
307 2653 317 2670 .·
339 2650 412 2679 quae
427 2640 534 2671 forma
549 2646 583 2670 et
597 2639 675 2671 alibi
690 2644 741 2670 est
755 2638 842 2680 apud

141 2682 345 2713 Ciceronem.

185 2727 226 2758 72
248 2729 286 2755 ut
313 2734 384 2755 rem
404 2725 449 2755 sie
471 2724 671 2765 relinquam]
701 2724 723 2754 i.
746 2733 776 2754 e.
801 2732 842 2754 ne

143 2767 331 2804 decernam,
346 2767 400 2797 sed
415 2767 573 2797 infectam
590 2767 786 2807 relinquam.

184 2811 225 2842 73
248 2813 287 2839 ut
313 2810 349 2839 in
366 2807 467 2848 sanot
486 2810 692 2850 deponerent]
732 2818 778 2839 se.
801 2812 842 2839 ut

141 2861 250 2882 usurae
278 2852 509 2883 consisterent.
539 2851 700 2892 depositio
728 2856 841 2883 autem

139 2895 352 2937 pecuniarum
368 2894 468 2925 fiebat
485 2894 518 2924 in
533 2894 678 2935 templis.

923 1960 965 1991 74
987 1958 1071 1988 nihil
1083 1955 1230 1996 stultius]
1256 1956 1321 1997 Qui
1338 1966 1405 1986 non
1421 1956 1584 1997 acciperet

881 2001 1070 2040 pecuniam,
1093 2010 1168 2030 cum
1196 2007 1317 2040 posset,
1341 2006 1375 2030 et
1398 2000 1582 2040 periculum

880 2042 1056 2083 perdendae
1070 2043 1219 2083 pecuniae
1233 2041 1349 2072 adiret.

924 2089 965 2118 75
989 2087 1066 2116 hono
1088 2086 1216 2116 nomine
1238 2094 1265 2114 e.
1288 2095 1314 2115 e.
1338 2083 1425 2124 erat]
1456 2083 1584 2116 Obscu-

881 2130 948 2158 rius
971 2132 1022 2158 est
1037 2128 1112 2158 hoe.
1136 2137 1204 2158 non
1227 2127 1370 2167 intelligi
1394 2133 1504 2167 potest
1519 2129 1583 2158 im·

881 2170 1040 2211 pudentia
1055 2171 1089 2201 in
1104 2170 1180 2208 hoc,
1199 2170 1286 2208 qnod
1305 2174 1482 2200 contentus
1497 2176 1583 2204 esset

881 2213 1068 2244 centesimis
1095 2213 1130 2243 in
1145 2213 1232 2243 bono
1248 2213 1400 2243 nomine:
1424 2221 1502 2244 nam
1519 2213 1583 2245 hoc

881 2260 953 2287 erat
968 2256 1157 2287 honestum.
1202 2258 1255 2286 An
1269 2254 1390 2285 excidit
1405 2265 1470 2286 non
1483 2257 1500 2286 ‚2
1529 2257 1581 2287 bo·

879 2307 921 2327 no
957 2300 1087 2329 nomine
1126 2298 1307 2328 centesimis
1348 2307 1413 2327 non
1452 2303 1583 2330 conten-

882 2344 935 2370 tus
964 2346 1049 2372 erat.
1084 2350 1162 2372 nam
1193 2340 1256 2371 hoc
1289 2339 1462 2380 impudens
1496 2347 1582 2381 erat,

884 2383 962 2422 quia
999 2389 1117 2414 contra
1150 2382 1310 2421 edictum,
1347 2389 1380 2412 et
1408 2385 1583 2415 avaritiam

883 2430 1016 2466 turpem
1053 2425 1224 2467 prodebat.
1260 2430 1295 2455 et
1323 2431 1402 2456 ante
1431 2427 1475 2457 sic
1512 2431 1581 2457 est:

882 2468 969 2498 nihil
1003 2469 1226 2509 impudentius
1250 2467 1286 2498 S.
1313 2468 1369 2508 qui
1402 2471 1583 2500 centesimis

883 2515 1096 2542 —coneentus
1125 2520 1189 2540 non
1216 2515 1307 2541 esset.
1339 2520 1404 2541 non
1429 2511 1517 2549 bono,
1551 2523 1582 2552 q.

882 2563 910 2583 c.
934 2555 1102 2594 sperabat,
1133 2563 1252 2593 nempe
1282 2553 1323 2583 ab
1351 2553 1416 2583 alio
1439 2560 1514 2594 post
1529 2555 1584 2585 Ci-

883 2606 1036 2626 ceronem
1065 2596 1261 2635 magistratu
1284 2597 1437 2636 sperarat
1459 2607 1492 2628 se
1516 2598 1585 2628 for-

883 2644 970 2669 tasse
984 2640 1238 2679 impetraturum
1244 2661 1253 2676 ,
1268 2644 1307 2669 ut
1319 2644 1495 2678 quaternas
1509 2649 1584 2669 cen-

884 2681 1018 2712 tesimas
1033 2681 1158 2712 solvere
1175 2681 1347 2712 Salaminii
1361 2687 1569 2720 cogerentur.

926 2724 968 2757 76
987 2725 1045 2754 sed
1071 2725 1234 2755 avunculo
1256 2722 1340 2764 ejus]
1376 2724 1423 2754 M.
1450 2724 1584 2761 Catoni,

885 2764 955 2796 viro
991 2767 1081 2807 gravi
1110 2772 1145 2797 et
1179 2767 1307 2798 amanti
1345 2767 1519 2806 aequitatis.
1553 2776 1584 2797 v.

884 2808 929 2839 VI
935 2831 944 2846 ‚
960 2811 992 2840 2.

926 2854 966 2885 77
987 2849 1289 2892 perpetuofoenore]
1309 2861 1337 2881 v.
1355 2849 1444 2882 Clav.
1461 2851 1494 2881 in
1505 2861 1583 2892 per-

877 2898 1009 2933 petuas.

808 2942 926 2991 Pp2
