1940 3231
275 149 353 184 524
690 146 875 190 EPIST.
902 149 982 189 AD
1007 150 1291 196 ATTICUM,

205 245 260 286 27
712 254 950 299 CICERO
979 256 1211 299 ATTICO
1243 257 1289 298 S.

229 320 261 352 b·
279 305 380 360 EX
407 317 491 361 tuis
523 319 693 373 litteris,
727 333 770 364 et
802 338 856 365 ex
892 338 935 365 re
960 325 1054 381 ipsa
1076 340 1152 367 nos
1175 325 1370 367 funditus
1394 323 1554 380 perisse
1577 322 1720 365 video.

272 373 335 416 Te
357 391 448 428 oro,
474 387 534 429 ut,
557 379 714 435 quibus
741 381 786 421 in
818 382 944 423 rebus
968 383 1052 423 mei
1076 382 1138 424 tui
1161 382 1435 439 indigebunt,
1458 379 1616 423 nostris
1636 379 1719 421 mi-

272 434 394 475 seriis
416 449 469 476 ne
492 436 619 478 desis.
638 451 721 493 ego
747 448 803 490 te,
820 451 867 480 ut
890 437 1056 492 scribis,
1079 441 1168 482 cito
1192 441 1364 482 videbo.

554 618 638 672 M.
674 618 959 674 TULLII
1003 620 1434 675 CICERONIS

453 736 514 806 E
560 740 610 806 P
653 741 685 808 Ι
730 742 775 807 S
812 742 873 808 T
918 744 979 809 O
1028 744 1085 810 L
1123 745 1184 806 A
1225 738 1289 809 R
1326 742 1392 810 U
1436 739 1515 813 M

963 868 1018 895 AD

755 948 800 995 A
829 948 871 995 T
901 947 944 994 T
975 948 997 994 Ι
1031 947 1072 995 C
1102 947 1151 995 U
1185 948 1263 1006 M,

853 1061 1040 1105 LIBER
1067 1062 1146 1105 IV.

786 1261 1194 1300 ARGUMENTUM.

269 1329 351 1366 Hoc
379 1326 470 1363 libro
502 1330 660 1374 quatuor
690 1338 870 1362 annorum
902 1327 1065 1374 epistola*
1093 1328 1334 1363 continentur.
1396 1328 1481 1364 Tres
1506 1329 1647 1377 primae,
1673 1329 1720 1368 Ρ.

322 1379 479 1416 Lentulo
499 1378 705 1426 Spinthere,
729 1379 771 1420 Q.
793 1379 946 1415 Metello
976 1379 1141 1427 Nepote:
1172 1381 1330 1427 quinque
1358 1386 1623 1428 consequentes,
1656 1383 1708 1419 Cn

323 1432 480 1468 Lentulo
501 1430 734 1474 Marcellino,
766 1431 811 1468 L.
833 1432 1010 1480 Philippo
1025 1448 1036 1468 ;
1062 1437 1148 1480 post
1176 1433 1254 1475 has,
1279 1434 1431 1469 totidem
1459 1434 1522 1470 Cn.
1545 1435 1722 1482 Pompeio

321 1484 463 1531 sslagno
483 1484 536 1526 Il,
558 1483 613 1520 M.
637 1485 790 1520 Crasso:
820 1485 970 1533 reliquae
998 1496 1109 1532 usqne
1137 1486 1186 1521 acl
1202 1486 1333 1533 finem,
1357 1486 1429 1534 Ap.
1453 1486 1608 1523 Claudio
1627 1488 1721 1524 Pul-

321 1537 421 1578 chro,
456 1536 498 1573 L.
528 1537 699 1572 Domitio
718 1537 956 1574 Ahenobarbo
978 1537 1071 1573 Coss.
1096 1539 1242 1586 scriptoe
1264 1542 1359 1575 sunt.
1414 1538 1566 1574 Necesse
1583 1544 1636 1575 est
1653 1552 1720 1576 au—

322 1593 393 1625 tern
425 1593 489 1624 ant
518 1601 577 1625 eas
605 1589 821 1638 una-fuisse,
844 1595 908 1626 aut
926 1602 997 1626 non
1023 1591 1147 1638 plures
1166 1590 1210 1626 ab
1228 1602 1282 1631 ee,
1303 1592 1365 1638 qui
1384 1592 1555 1638 epistolas
1574 1604 1720 1639 conges-

320 1639 383 1684 sitt',
404 1643 579 1678 inventas.
636 1643 773 1678 Primae
802 1644 917 1690 igitur
935 1644 1092 1678 reditum
1115 1642 1296 1679 Ciceronis
1315 1645 1525 1680 continent:
1555 1646 1618 1692 qui
1635 1644 1722 1693 fuit

318 1696 418 1742 pricl'.
455 1694 550 1730 Non.
588 1694 822 1743 Septembris,
859 1696 1149 1743 duodevigesimo
1182 1706 1312 1737 mense,
1347 1700 1430 1743 post
1456 1694 1532 1742 ejus
1557 1696 1720 1745 fugam.-

323 1747 512 1788 Quomodo
541 1759 629 1783 area
657 1749 783 1784 domus
813 1748 925 1790 illius,
950 1748 1165 1798 pontificum
1192 1750 1381 1784 sententiis
1400 1749 1556 1785 liberata
1568 1748 1721 1799 fuerit:

323 1801 449 1835 domus
481 1812 524 1835 ac
550 1800 643 1836 villa
673 1801 823 1848 publica
852 1803 1008 1849 pecunia
1035 1802 1237 1837 restitutoe:
1267 1805 1302 1836 et
1334 1813 1414 1837 cum
1439 1802 1478 1836 in
1506 1803 1627 1838 reditu
1645 1800 1722 1848 ejus

320 1864 461 1888 summa
489 1864 641 1888 annonae
671 1854 808 1888 caritas
839 1859 941 1896 esset,
972 1853 1041 1889 SC.
1066 1854 1339 1890 insententiarn
1365 1853 1466 1889 illius
1486 1853 1637 1902 factum
1655 1858 1721 1896 est,

320 1917 392 1952 quo
423 1905 484 1941 Cn.
509 1905 682 1952 Pompeio
701 1908 754 1941 rei
761 1905 1023 1955 frumentariae
1039 1918 1104 1954 per
1122 1908 1406 1954 quinquennium
1430 1918 1518 1942 cura
1536 1907 1694 1942 dabatur
1704 1920 1718 1946 ,-

320 1967 402 1993 cum
437 1959 561 1993 eodem·
592 1959 756 2006 imperio,
787 1960 885 2006 quod
916 1960 947 1995 is
975 1959 1066 1994 bello
1098 1961 1259 2007 piratico
1296 1959 1501 1995 habuisset:
1543 1960 1643 2001 item,
1679 1963 1723 1995 ut

326 2009 366 2045 T.
386 2011 533 2045 Annius
558 2010 654 2046 Milo
683 2023 777 2059 saepe
804 2023 886 2047 cum
915 2011 1057 2054 Clodio,
1091 2013 1282 2047 aedilitatis
1301 2012 1512 2053 candidato,
1532 2022 1644 2047 manu
1661 2023 1722 2048 ar-

320 2063 459 2110 unisque
477 2064 720 2106 dimicaverit,
741 2075 785 2099 ne
802 2062 877 2109 ejus
897 2065 1046 2100 comitia
1064 2063 1293 2100 haberentur.
1338 2064 1429 2100 Hoec
1455 2065 1492 2100 in
1511 2064 1627 2112 tribus
1641 2065 1720 2112 pri·

320 2116 388 2150 mis
406 2116 581 2163 epistolis.
637 2115 681 2151 In
697 2117 887 2164 proximis,
908 2129 987 2163 quce
1007 2116 1070 2152 Cn.
1092 2116 1249 2153 Lentulo
1271 2112 1489 2153 Marcellino
1507 2121 1543 2153 et
1561 2116 1606 2153 L.
1629 2117 1721 2152 Phi-

321 2167 422 2215 lippo
450 2168 544 2204 Coss.
564 2169 710 2216 scriptae
735 2173 832 2210 sunt,
861 2169 956 2204 nihil
975 2173 1026 2204 est
1047 2169 1201 2205 historia
1221 2171 1384 2217 (lignum,
1404 2170 1478 2205 nisi
1496 2170 1540 2205 de
1558 2164 1722 2205 Domitii

317 2221 467 2268 repulsa
491 2222 529 2256 in
554 2222 734 2268 petitione
754 2222 961 2257 consulatus
975 2238 987 2258 :
1017 2223 1080 2269 qui
1099 2225 1210 2257 etiam
1219 2221 1312 2271 foro
1329 2234 1394 2270 per
1411 2223 1483 2257 vim
1500 2222 1626 2269 pulsus
1644 2223 1693 2258 sit
1707 2237 1721 2257 .-

317 2283 419 2308 servo
439 2273 553 2315 illius,
581 2275 645 2321 qui
677 2274 862 2309 lucernam
890 2273 1122 2323 praferebat,
1147 2274 1365 2323 interfecto:
1397 2274 1521 2310 Creati
1537 2286 1620 2310 vero
1637 2279 1724 2310 sunt

318 2336 362 2360 ex
389 2326 598 2373 interregno
626 2330 661 2361 et
684 2338 751 2374 per
779 2327 864 2368 vim,
900 2327 962 2363 Cn.
983 2327 1179 2374 Pompeius
1209 2339 1256 2368 11,
1285 2327 1340 2363 M.
1375 2327 1525 2363 Crassus
1545 2339 1602 2363 11:
1632 2339 1722 2375 quo-

317 2388 401 2412 rum
429 2390 524 2414 anno
541 2379 687 2426 scriptoe
715 2379 848 2415 littera:
874 2380 1035 2415 rediturii
1053 2379 1244 2415 Ptolemaei
1262 2381 1300 2415 in
1318 2391 1470 2427 regulum
1487 2381 1645 2416 strictim
1663 2383 1722 2415 at-

319 2430 468 2477 tingunt
480 2446 492 2466 .·
522 2434 735 2478 turpemque
756 2431 877 2467 Crassi
896 2433 934 2467 in
948 2433 1178 2480 provinciam
1205 2431 1352 2478 Syriam
1368 2431 1645 2480 profectionem,
1665 2432 1722 2467 di-

317 2493 446 2517 rarum
474 2483 750 2519 obnuntiatione
777 2484 952 2532 neglecta.
1008 2485 1128 2520 Porro
1157 2489 1277 2520 autem
1308 2485 1440 2520 litterae
1468 2485 1597 2532 quarti
1618 2484 1720 2526 anni,

317 2533 392 2582 Ap.
427 2534 581 2570 Claudio
609 2536 776 2572 videlicet
805 2541 843 2573 et
861 2536 905 2573 L.
929 2537 1098 2573 Domitio
1119 2536 1215 2573 Coss.
1245 2537 1526 2572 candidatorum
1544 2537 1722 2573 ambitum

317 2590 358 2621 et
373 2589 637 2623 contentionem
657 2589 813 2626 habent:
844 2601 923 2637 quae
941 2594 1048 2625 tanta
1055 2588 1152 2638 fuit,
1172 2593 1217 2625 ut
1232 2589 1286 2625 M.
1303 2588 1482 2625 Messalla
1499 2592 1535 2624 et
1556 2588 1618 2624 Cn.
1638 2588 1722 2624 Do-

317 2640 445 2675 mitius
472 2651 514 2675 ex
534 2641 754 2688 interregno,
783 2643 938 2690 septimo
968 2641 1074 2688 hujus
1101 2643 1190 2678 anni
1215 2653 1335 2677 mense
1354 2642 1524 2677 ConsuLes
1541 2641 1724 2677 declarati

317 2693 380 2728 vix
398 2692 552 2740 denique
558 2691 734 2741 fiterint:
764 2695 873 2742 idque
894 2694 936 2736 Q.
958 2695 1135 2743 Pompeio
1153 2693 1256 2744 Rufo
1279 2694 1438 2730 Tribuno
1454 2694 1505 2741 pl.
1525 2695 1588 2741 qui
1609 2695 1722 2730 inter·-

318 2745 535 2780 cessionibus
564 2746 712 2781 comitia
733 2746 896 2788 tollebat,
927 2749 964 2782 in
984 2756 1164 2783 carcerem
1182 2744 1342 2793 conjecto
1361 2757 1403 2781 ex
1422 2745 1492 2782 SC.
1508 2745 1724 2794 ceterisque,

316 2798 350 2832 si
369 2798 449 2844 quis
467 2797 643 2845 impedire
661 2803 866 2842 conaretur,
898 2800 1093 2837 deterritis.
1143 2799 1338 2836 Continent
1365 2799 1478 2835 etiam
1502 2799 1548 2835 A.
1574 2798 1726 2835 Gabini-i

316 2850 489 2892 reditum,
525 2854 815 2899 nocturnumque
855 2853 894 2887 in
929 2853 1053 2888 urbem
1088 2854 1303 2900 ingressum,
1339 2851 1502 2888 omniu-m
1536 2851 1725 2887 hominum

317 2901 442 2955 odium
461 2903 630 2940 adversus
649 2903 778 2942 illum.-
809 2906 1084 2943 aematzioraem
1096 2906 1151 2943 de:
1164 2903 1370 2953 majestate,
1389 2904 1490 2953 quod
1506 2907 1637 2942 contra
1654 2902 1724 2939 Se-
