1940 3231
196 1021 228 1052 p.
247 1013 317 1041 103.

324 160 399 193 614
741 155 920 194 EPIST.
948 156 1026 195 AD
1052 155 1339 201 ATTICUM,

325 259 369 300 di
407 260 491 301 tuis
524 259 676 301 litteris
711 259 764 302 de
796 261 1031 327 republica,
1060 270 1102 302 et
1136 262 1202 313 iis,
1225 275 1329 316 quas
1359 260 1404 302 in
1432 260 1692 312 suburbano,
1713 268 1757 303 et

325 317 393 367 iis,
409 332 513 372 quas
536 327 685 373 postea
704 319 927 375 scripsisti.
949 320 1001 360 ad
1026 320 1192 375 privata
1212 334 1351 360 ν.οιῃο
1388 317 1528 359 Unum
1551 318 1680 358 etiarn
1702 318 1755 360 de

328 374 491 416 Coelio.
525 384 689 416 tantum
723 377 859 426 abest,
890 377 930 406 66
950 385 997 416 ut
1028 391 1165 417 meam
1197 376 1266 417 ille
1297 376 1552 417 sententiam
1575 384 1761 425 moveat,

325 441 374 472 ut
397 432 518 473 valde
548 447 630 487 ego
662 433 758 487 ipsi,
782 433 897 487 quod
928 432 980 473 de
1011 447 1086 473 sua
1109 434 1320 474 sententia
1350 433 1592 483 decesserit,
1616 432 1759 487 poeni-

326 489 503 530 tendum
536 499 698 544 putem.
731 491 803 529 sed
834 489 979 543 6Tquid
1011 502 1089 540 est,
1121 491 1234 544 quod
1266 491 1304 531 ei
1340 491 1421 531 vici
1463 489 1636 530 Lucceii
1674 489 1761 530 sint

326 546 520 587 addicti?
560 546 641 586 hoc
672 554 713 586 te
748 546 1071 601 praetermisisse
1096 548 1240 588 miror.
1301 548 1370 589 De
1410 546 1662 596 Philotimo,
1696 546 1760 587 fa-

328 604 440 644 ciam
466 603 680 666 equidem,
711 613 757 643 ut
785 618 948 644 mones.
981 604 1052 644 sed
1084 618 1166 659 ego
1197 604 1303 645 mihi
1334 605 1389 646 ab
1426 604 1513 655 illo,
1545 604 1630 644 hoc
1651 613 1760 643 tem-

328 674 445 716 pore,
465 674 550 699 non
582 660 769 700 1ationes
800 662 1121 717 exspectabam,
1151 676 1236 715 qua
1256 662 1336 702 tibi
1367 662 1517 711 edidit,
1547 675 1695 702 verum
1718 660 1761 701 id

327 715 555 771 reliquum,
578 717 725 772 quod
717 732 808 773 ipse
831 733 873 758 in
895 717 1139 759 Tusculano
1164 732 1232 758 me
1254 719 1439 759 referre
1431 734 1474 760 ln
1497 728 1764 759 commenta.-

326 774 439 814 iium
459 788 553 814 mea
574 789 703 815 manu
729 775 878 825 voluit,
900 776 1102 830 quodque
1126 775 1267 816 idem
1259 790 1300 816 ln
1323 775 1429 816 Asia
1449 776 1556 817 mihi
1577 790 1652 816 sua
1675 786 1764 815 mu-

328 845 384 871 nu
412 831 620 887 scriptum
644 832 778 872 dedit.
800 832 843 872 id
876 847 908 872 sr
934 841 1169 887 praestaret,
1201 843 1410 887 quantum
1440 832 1546 873 mihi
1571 833 1666 874 aeris
1688 832 1764 872 ali-

329 889 398 928 eni
419 902 509 929 esse
533 889 591 929 ibi
616 888 767 939 edidit,
789 898 973 954 tantum,
996 898 1040 930 et
1063 889 1155 944 plus
1179 891 1310 930 etiam
1335 891 1424 945 ipse
1447 890 1552 930 mihi
1574 890 1763 930 deberet.

331 945 400 985 sed
435 946 478 985 in
510 945 593 987 hoc
624 960 794 1002 0··,ene1e
817 947 850 987 si
882 947 1012 987 modo
1047 961 1118 1002 per
1148 946 1459 1002 rempublicam
1490 946 1654 996 licebit,
1678 962 1761 987 non

331 1004 630 1044 accusabimur
654 1004 857 1059 posthac.
892 1018 988 1059 neq¹
984 1018 1031 1044 le
1054 1004 1078 1044 l}
1084 1003 1224 1044 ercule.
1244 1014 1371 1045 antea
1392 1003 1659 1059 negligentes
1682 1003 1766 1044 fui-

309 1075 440 1110 ·mus,
463 1060 535 1101 sed
567 1061 804 1102 amicorum
837 1061 1113 1102 multitudine
1138 1062 1353 1117 occupati.
1385 1075 1488 1116 ergo
1512 1071 1696 1111 utemur,
1718 1072 1767 1101 ut

330 1118 560 1174 polliceriS‚
582 1128 625 1159 et
647 1133 777 1174 opera
797 1131 840 1159 et
862 1119 1042 1159 consilio
1067 1129 1166 1159 tuo:
1203 1133 1281 1159 nec
1307 1119 1384 1159 tibi
1407 1119 1579 1169 erimus-9
1601 1127 1649 1158 ut
1671 1133 1766 1173 spe-

330 1190 392 1225 ro,
427 1190 469 1216 ln
502 1189 553 1215 eo
585 1176 769 1216 molesti.
830 1176 870 1207 68
889 1175 956 1217 De
980 1176 1247 1231 serperastris
1280 1176 1471 1216 cohortis
1503 1189 1626 1226 meae,
1656 1175 1767 1216 nihil

330 1243 408 1283 est,
431 1233 546 1287 quod
572 1233 730 1274 doleas.
764 1233 844 1288 ipsi
876 1234 991 1274 enim
1024 1248 1067 1273 se
1098 1233 1364 1289 collegerunt
1397 1233 1680 1273 admiratione
1702 1233 1765 1273 in-

330 1290 544 1346 tegritatis
575 1305 699 1332 meae.
731 1290 802 1330 sed
835 1305 903 1331 me
935 1301 1128 1331 moverat
1154 1305 1279 1331 nemo
1311 1290 1464 1346 magis,
1490 1290 1530 1324 69
1548 1304 1677 1345 quam
1715 1290 1765 1340 is,

330 1362 457 1402 quem
483 1357 527 1388 tu
550 1348 765 1389 nemiuem
789 1357 929 1403 putas.
963 1347 1075 1388 idem
1098 1357 1141 1388 et
1172 1348 1297 1388 initio
1329 1348 1482 1398 fuerat,
1504 1357 1547 1387 et
1569 1361 1681 1388 nunc
1702 1357 1769 1388 est.

329 1404 544 1461 egregius.
576 1405 647 1446 sed
672 1406 714 1446 in
735 1406 829 1461 ipsa
849 1405 1096 1446 decessione
1119 1405 1396 1461 significavit,
1417 1419 1606 1460 sperasse
1627 1418 1671 1446 se
1693 1403 1769 1445 ali-

330 1463 458 1516 quid3
490 1473 532 1502 et
555 1465 595 1496 70
616 1462 672 1513 id,
695 1462 812 1518 quod
843 1463 1034 1503 animum
1066 1463 1249 1503 induxer
1253 1472 1296 1502 πῖ
1328 1462 1573 1518 paullisper,
1596 1476 1682 1502 non
1708 1472 1770 1502 te-

330 1520 453 1560 nuit:
479 1520 549 1561 sed
573 1519 661 1560 cito
681 1520 734 1560 ad
758 1533 801 1560 se
824 1521 963 1570 rediit,
981 1520 1173 1575 meisque
1196 1519 1644 1560 honorificentissimis
1665 1532 1770 1584 erga

332 1591 376 1617 se
398 1578 553 1618 officiis
574 1577 727 1627 victus,
760 1577 893 1632 pluris
925 1591 975 1617 ea
1005 1577 1146 1627 duxit,
1177 1592 1304 1631 quam
1329 1591 1502 1617 omnem
1526 1576 1768 1632 pecuniam.

338 1633 430 1690 Ego
455 1650 479 1674 a
503 1634 637 1675 Curio
671 1635 836 1675 tabulas
868 1634 1030 1690 accepi,
1054 1649 1158 1689 quas
1182 1648 1348 1674 mecum
1375 1644 1514 1689 porto.
1574 1633 1768 1674 Horten-

331 1692 382 1733 sii
416 1692 557 1747 legata
584 1692 787 1747 cognovi.
819 1706 933 1732 nunc
969 1706 1075 1732 aveo
1109 1691 1230 1742 scire,
1263 1691 1365 1745 quid
1404 1690 1590 1731 hominis
1627 1691 1696 1741 sit,
1724 1700 1770 1731 et

331 1764 509 1804 quarum
531 1763 672 1789 rerum
693 1749 935 1790 auctionem
958 1749 1170 1789 instituat.
1194 1749 1339 1789 nescio
1362 1748 1596 1797 enim,cur,
1615 1750 1768 1789 7¹cum

331 1816 501 1862 por-tun
536 1806 862 1847 Flumentanam
887 1805 1057 1847 Coelius
1088 1806 1325 1862 occuparit,
1348 1819 1430 1860 ego
1454 1804 1658 1846 Puteolos
1680 1820 1768 1846 non

332 1878 450 1904 meos
471 1864 640 1904 faciam.
673 1864 813 1904 Venio
835 1864 888 1904 ad
919 1863 1129 1915 Pi1aeea‚
1120 1878 1162 1903 m
1186 1878 1271 1918 quo
1294 1863 1432 1917 magis
1455 1862 1770 1926 reprehenden-

333 1921 411 1961 dus
432 1935 540 1970 sum,
559 1921 675 1976 quod
708 1922 837 1962 horno
862 1921 1084 1961 Romanus
1109 1920 1271 1961 Piraeea
1299 1920 1556 1975 scripserim,
1578 1934 1664 1962 non
1690 1919 1770 1960 Pi-

333 1992 492 2029 γ’,ιεειιηῑ
515 1980 595 2031 (sic
615 1979 729 2019 enim
744 1993 892 2019 omnes
913 1978 1046 2019 nostri
1064 1978 1196 2019 locuti
1216 1978 1348 2028 sunt,)
1363 1991 1491 2032 quam
1508 1976 1653 2031 quod
1638 1991 1682 2018 m
1696 1977 1769 2018 ad-

333 2035 532 2076 diderim.
554 2051 639 2077 non
664 2036 778 2076 enim
802 2035 885 2076 hoc
906 2046 954 2076 ut
972 2035 1135 2099 oppido
1159 2035 1389 2091 praeposui,
1415 2034 1486 2075 sed
1509 2044 1558 2074 ut
1574 2025 1694 2076 loen:
1726 2044 1771 2075 et

335 2103 478 2133 tamen
504 2092 651 2149 Diony
656 2093 741 2133 sius
764 2103 922 2144 noster,
945 2108 1018 2147 qui
1040 2103 1103 2133 est
1127 2093 1370 2144 nobiscum,
1402 2100 1446 2132 et
1478 2091 1626 2133 Nicias
1651 2091 1768 2132 Cous

334 2164 420 2191 non
445 2151 632 2200 r¹‚eb1tur
661 2150 870 2215 oppidum
903 2164 993 2190 csse
1032 2150 1212 2191 Piraeea.
1236 2150 1309 2190 sed
1343 2149 1395 2190 de
1429 2163 1472 2189 re
1500 2149 1661 2190 videro.
1693 2164 1770 2189 no-

336 2217 470 2247 strum
493 2183 665 2262 quidein
695 2209 727 2248 si
753 2217 818 2247 est
843 2217 1083 2263 peccatum,
1107 2208 1149 2247 in
1181 2221 1231 2247 eo
1254 2215 1332 2257 est,
1363 2206 1493 2262 quod,
1520 2220 1606 2246 non
1642 2217 1687 2246 ut
1716 2206 1770 2247 de

337 2265 514 2323 oppido,
536 2265 704 2308 locutus
727 2279 836 2318 sum,
859 2265 931 2306 sed
960 2275 1006 2306 ut
1037 2264 1089 2306 de
1121 2265 1242 2318 loco;
1273 2274 1528 2321 secutusque
1551 2277 1659 2314 sum,
1681 2278 1769 2305 non

379 2412 420 2442 66
442 2416 480 2441 ut
495 2422 600 2442 meam
616 2413 669 2443 ille
682 2413 875 2443 sententiam
891 2412 1031 2452 moveat]

339 2462 384 2483 sc.
401 2454 440 2484 ‹le
458 2455 612 2494 Pompeio
628 2455 803 2494 sequendo.

381 2496 419 2529 67
443 2497 523 2535 quid
533 2502 590 2534 est,
606 2499 689 2537 quod
703 2499 731 2527 ei
746 2499 808 2527 vici.
825 2497 957 2527 anceii
971 2498 1036 2528 sint

340 2538 476 2576 addicti]
503 2538 584 2569 ΗΞ(-
603 2545 653 2569 est
676 2540 774 2570 lectio
797 2540 934 2570 Victorii
949 2550 966 2569 e
982 2550 1035 2569 ve-

340 2579 446 2618 stigiis
464 2581 591 2610 Codicis
614 2582 675 2611 sui.
699 2582 745 2611 sic
768 2587 801 2612 et
826 2582 940 2611 habuit
953 2581 1036 2612 li'ocr

341 2622 500 2652 Tornaesii
517 2627 550 2652 et
566 2623 648 2653 alius
667 2624 770 2653 Junii.
808 2624 982 2663 Ingeniose
1002 2632 1036 2654 et

341 2664 434 2694 valde
455 2665 666 2704 probabiliter
690 2666 884 2696 Tuustallus
905 2677 935 2706 p.
963 2668 1034 2696 123.

341 2707 488 2745 corrigit,
517 2708 602 2745 quod
619 2709 681 2737 mei
703 2708 802 2737 vieini
820 2708 952 2738 Luceeii
972 2711 1037 2737 sint

341 2749 464 2778 addico·
475 2750 491 2778 ,9
508 2748 638 2779 Luc-ccii
650 2754 744 2779 erant
761 2750 856 2779 vicini
871 2751 1036 2781 Ciceronis

339 2790 541 2821 Tusculano.
578 2791 662 2832 Epp.
679 2792 718 2821 ad
735 2792 811 2821 Div.
828 2792 869 2828 V,
890 2795 939 2822 15.

384 2836 423 2864 68
459 2833 512 2863 De
539 2834 748 2873 sezperastrsss
776 2835 914 2864 cohortis
943 2834 1033 2873 metr]

341 2874 423 2905 Haec
436 2884 498 2913 est,
514 2885 585 2914 qur?
601 2885 699 2916 supra
713 2886 763 2914 (Ἰ).
777 2879 806 2905 2.
819 2878 974 2915 μναῖαι-ἔα
987 2876 1033 2906 di-

340 2922 394 2948 cta
407 2922 469 2948 est.
494 2917 533 2948 de
546 2919 754 2958 serperastris
774 2928 804 2948 v.
822 2918 912 2949 Clav.
937 2918 975 2949 de
1003 2929 1036 2949 re

1077 2424 1093 2443 e
1144 2414 1175 2444 2.

1096 2423 1175 2489 1³69·
1183 2464 1282 2493 quam
1305 2455 1344 2491 is,
1360 2463 1400 2493 9²1¹
1404 2463 1453 2483 em
1477 2456 1514 2482 tu
1530 2452 1691 2482 neminem
1707 2461 1773 2492 pu-

1079 2498 1144 2537 tas]
1177 2497 1325 2527 Fortasse
1353 2500 1496 2534 quaestor
1520 2494 1711 2530 Mescinius,
1733 2494 1774 2526 de

1077 2550 1140 2578 quo
1164 2541 1211 2569 ita
1225 2538 1389 2569 scribitL.
1407 2537 1468 2574 VI,
1490 2539 1521 2566 3.
1538 2539 1570 2566 4.
1587 2542 1624 2565 ut
1639 2536 1680 2566 ad
1695 2547 1771 2567 eum

1077 2582 1140 2611 hoc
1155 2582 1265 2612 referri
1283 2589 1365 2621 poss
1357 2581 1393 2611 't-

1121 2628 1160 2657 70
1183 2625 1228 2658 id,
1244 2623 1328 2662 quod
1341 2631 1490 2653 nmmum
1505 2621 1590 2650 indu.
1590 2620 1695 2660 cerat]
1716 2620 1775 2651 Vi-

1078 2666 1175 2696 detur
1199 2665 1383 2696 addendum
1404 2665 1448 2699 in,
1472 2664 1580 2703 quod
1570 2673 1604 2692 m
1623 2664 1774 2694 animum

1080 2708 1268 2738 induxerat.

1121 2752 1158 2783 71
1184 2759 1258 2780 cum
1270 2753 1403 2788 portam
1428 2749 1685 2779 Flumentanam
1709 2747 1774 2778 Coe-

1080 2793 1144 2822 lius
1158 2791 1337 2831 occuparit]
1364 2791 1475 2821 intell.
1497 2790 1656 2831 praedium
1673 2799 1773 2830 prope

1080 2839 1208 2874 portam
1240 2833 1504 2864 Flumentanam.
1557 2832 1607 2863 Ad
1635 2831 1773 2862 eandem

1078 2877 1180 2915 igitur
1206 2876 1367 2905 rationem
1386 2875 1547 2906 Puteolos
1560 2874 1668 2910 accipe
1691 2882 1773 2912 prze-

1079 2919 1170 2950 dium
1188 2918 1357 2949 Hortensii
1372 2918 1605 2954 Puteolanum,
1620 2916 1760 2948 Baulon.
