1940 3231
366 167 440 202 566
776 161 959 199 EPIST.
987 161 1066 199 AD
1092 161 1371 206 ATTICUM,

368 280 463 306 mea
483 265 709 315 mandata3
751 264 1037 320 maximeque,
1060 267 1101 299 92
1113 264 1147 305 si
1169 264 1270 319 quid
1293 271 1449 320 potest,
1469 264 1521 306 de
1543 264 1614 307 illo
1636 266 1783 308 dome-

368 323 490 374 stico,
524 322 783 377 scrupulum,
815 335 941 375 quem
974 335 1058 361 non
1092 321 1287 377 ignoras3
1318 321 1471 362 deinde
1501 321 1554 362 de
1586 322 1781 365 Caesare:

368 379 490 433 cujus
513 380 552 419 in
576 379 852 433 cupiditatem
878 388 919 417 te
941 387 1113 418 auctore
1134 378 1336 429 incubui;
1372 392 1450 419 nec
1471 392 1538 418 me
1560 379 1695 435 piget.
1725 389 1785 430 et,

370 436 402 475 si
427 435 643 490 intelligis,
666 449 792 488 quam
817 448 957 473 meum
981 434 1036 473 sit
1068 434 1174 474 scire
1202 443 1245 474 et
1276 448 1436 484 curare,
1459 435 1562 489 quid
1594 436 1637 476 in
1658 449 1785 490 repu-

370 492 480 533 blica
505 492 600 532 liat:
635 490 709 530 fiat
735 491 907 529 autem?
939 490 1070 530 immo
1099 504 1196 530 vero
1218 491 1347 531 etiam
1372 491 1472 546 quid
1497 491 1684 532 futurum
1717 491 1788 542 sit,

371 549 583 604 perscribe
608 547 658 586 ad
691 560 756 585 me
778 545 949 596 omnia3
981 546 1052 586 sed
1085 546 1433 601 diligentissime:
1466 549 1509 588 in
1537 548 1786 604 primisque,

369 604 522 659 ecquid
549 603 809 657 judiciorum
851 611 998 651 status,
1022 611 1095 642 aut
1126 601 1335 643 factorum
1369 612 1442 644 aut
1461 605 1697 646 futurorum
1721 612 1786 643 et-

370 662 469 709 iam,
492 660 668 699 laboret.
720 658 784 698 De
807 673 930 713 aqua,
953 658 986 698 si
1008 672 1121 699 curae
1143 668 1220 710 est,
1244 660 1277 699 si
1300 660 1402 714 quid
1427 660 1652 717 Philippus
1673 668 1788 716 aget,

370 716 696 758 animadvertas.

306 816 355 851 14
795 801 1027 843 CICERO
1058 799 1284 844 ATTICO
1316 804 1360 844 S.

369 862 732 915 ANTEQUAM
755 869 898 923 aliquo
930 868 1025 908 loco
1057 869 1304 919 consedero,
1334 884 1471 925 neque
1490 870 1638 927 longas
1661 886 1686 912 a
1709 885 1791 921 me,

368 941 506 982 neque
541 940 706 981 semper
737 939 831 965 mea
853 939 979 966 manu
1013 924 1173 964 litteras
1205 927 1490 980 exspectabis.
1521 941 1619 968 cum
1646 938 1789 969 autem

326 984 451 1024 b.erit
484 983 683 1039 spatium,
713 991 939 1036 utrumque
964 982 1190 1036 praestabo.
1221 996 1334 1023 nunc
1358 986 1437 1023 iter
1457 983 1789 1026 conficiebamus

371 1050 555 1082 aestuosa
573 1049 615 1080 et
637 1038 929 1094 pulverulenta
952 1038 1033 1078 via.
1093 1037 1304 1078 Dederam
1329 1038 1500 1094 Epheso
1520 1039 1682 1096 pridie:
1714 1040 1791 1082 has

370 1097 467 1138 dedi
500 1096 725 1137 Trallibus.
787 1095 838 1135 In
861 1095 1083 1150 provincia
1111 1109 1206 1136 mea
1239 1094 1328 1135 fore
1350 1110 1417 1136 me
1452 1097 1654 1151 putabam
1691 1096 1790 1138 Kal.

372 1153 620 1194 Sextilibus
643 1166 697 1192 ex
720 1166 770 1192 ea
796 1153 878 1201 die,
901 1152 934 1192 si
960 1165 1026 1191 me
1058 1165 1189 1201 amas,
1210 1155 1249 1185 93
1261 1153 1482 1205 παράπηγμα
1500 1155 1646 1192 ἐνιαύσιον
1671 1168 1791 1195 com-

369 1219 558 1251 moveto.
593 1220 734 1249 tamen
765 1208 926 1248 interea
955 1207 1064 1258 haec,
1095 1222 1191 1262 quae
1224 1207 1388 1256 vellem,
1421 1207 1524 1248 mihi
1556 1207 1793 1250 affereban-

372 1277 464 1307 tur:
507 1266 692 1322 primum
725 1265 860 1305 otium
899 1264 1164 1315 Parthicum,
1196 1263 1294 1304 dein
1327 1263 1537 1305 confectae
1570 1266 1792 1320 pactiones

373 1323 712 1379 publicanorum,
736 1331 950 1376 postremo
987 1321 1140 1362 seditio
1162 1320 1346 1361 militum
1381 1320 1526 1361 sedata
1547 1323 1601 1362 ab
1630 1321 1793 1378 Appio,

371 1379 715 1434 stipendiumque
735 1378 795 1418 eis
826 1392 958 1432 usque
979 1377 1031 1417 ad
1055 1377 1156 1418 Idus
1180 1377 1332 1423 Quint.
1358 1376 1635 1431 persolutum.
1697 1379 1790 1421 Nos

371 1436 475 1476 Asia
496 1435 663 1490 accepit
697 1434 1018 1475 admirabiliter.
1053 1434 1259 1474 adventus
1290 1442 1434 1473 noster
1455 1434 1615 1475 nemini
1638 1449 1691 1476 ne
1713 1436 1793 1477 mi-

371 1493 488 1533 nimo
510 1492 683 1547 quidem
705 1490 788 1532 fuit
820 1491 994 1531 sumtui.
1025 1505 1147 1546 spero
1170 1504 1285 1530 meos
1319 1504 1466 1531 omnes
1499 1491 1655 1532 servire
1675 1492 1790 1534 laudi

370 1564 493 1590 meae.
526 1559 667 1589 tamen
688 1562 846 1604 magno
868 1548 1020 1587 timore
1042 1561 1162 1588 sum:
1200 1547 1269 1587 sed
1302 1547 1409 1587 bene
1438 1561 1670 1602 speramus.
1700 1563 1794 1590 om-

370 1620 444 1646 nes
460 1606 552 1660 jam
576 1605 724 1655 nostri,
743 1612 898 1660 praeter
917 1603 1104 1644 Tullium
1123 1614 1259 1652 tuum,
1280 1605 1321 1637 94
1337 1613 1554 1645 venerunt.
1575 1612 1666 1645 erat
1686 1605 1794 1646 mihi

371 1663 415 1703 in
437 1663 580 1703 animo
601 1670 718 1702 recta
749 1660 963 1716 proficisci
986 1660 1038 1700 ad
1070 1660 1321 1709 exercitum,
1349 1660 1520 1701 aestivos
1541 1675 1706 1702 menses
1730 1676 1794 1703 re-

370 1720 509 1774 liquos
531 1719 589 1759 rei
623 1718 796 1758 militari
818 1717 931 1768 dare,
953 1717 1154 1757 hibernos
1180 1716 1488 1770 jurisdictioni.
1545 1716 1628 1768 Tu,
1650 1717 1793 1771 velim,

373 1776 498 1816 sime
520 1774 652 1815 nihilo
686 1775 826 1815 minus
859 1774 971 1814 nosti
1005 1773 1218 1814 curiosum
1243 1773 1286 1813 in
1320 1773 1552 1828 republica,
1574 1788 1702 1828 quam
1736 1784 1795 1827 te,

375 1833 533 1873 scribas
556 1832 608 1872 ad
629 1846 697 1872 me
718 1831 875 1881 omnia,
897 1845 993 1885 quae
1017 1831 1115 1880 sint,
1137 1845 1233 1884 quae
1263 1829 1407 1870 futura
1428 1830 1526 1870 sint.
1557 1830 1665 1871 nihil
1686 1832 1793 1873 mihi

374 1889 537 1944 gratius
559 1887 698 1928 facere
731 1897 876 1942 potes:
910 1887 990 1927 nisi
1020 1897 1161 1927 tamen
1183 1887 1225 1927 id
1258 1886 1338 1926 erit
1360 1886 1465 1926 mihi
1487 1886 1792 1942 gratissimum,

375 1947 424 1996 si,
446 1960 542 2001 quae
566 1944 644 1985 tibi
672 1944 886 1994 mandavi,
915 1943 1179 1994 confeceris3
1211 1943 1254 1984 in
1287 1943 1520 1998 primisque
1542 1943 1645 1984 illud
1665 1947 1793 1997 ἒνδόμυ-

373 2023 446 2055 κον,
465 2017 550 2056 quo
571 2004 611 2035 95
625 2000 731 2041 mihi
753 2001 835 2042 scis
857 1999 961 2040 nihil
981 2014 1071 2040 esse
1088 2001 1241 2041 carius.
1293 1999 1442 2040 Habes
1463 1999 1688 2055 epistolam
1707 1999 1796 2057 ple-

375 2073 474 2100 nam
496 2057 782 2099 festinationis
804 2066 847 2098 et
866 2056 1064 2114 pulveris.
1095 2056 1268 2112 reliquae
1292 2056 1533 2097 subtiliores
1554 2065 1694 2098 erunt.

315 2148 361 2183 15
806 2144 1040 2186 CICERO
1070 2143 1297 2186 ATTICO
1329 2145 1374 2186 S.

377 2203 763 2256 LAODICEAM
790 2212 883 2252 veni
915 2213 1050 2268 pridie
1074 2211 1171 2252 Kal.
1202 2212 1323 2252 Sext.
1347 2225 1400 2252 ex
1422 2210 1507 2253 hoc
1539 2212 1607 2253 die
1628 2212 1796 2254 clavum

375 2272 475 2313 anni
497 2272 704 2312 movebis.
736 2269 842 2310 nihil
877 2269 1123 2324 exoptatius
1156 2268 1340 2309 adventu
1365 2283 1475 2319 meo,
1504 2268 1610 2309 nihil
1641 2270 1796 2311 carius.

415 2419 456 2450 92
477 2417 504 2446 si
525 2417 603 2456 quid
620 2420 734 2455 potest,
758 2415 796 2446 de
811 2417 866 2446 illo
880 2415 1063 2454 domestico]
1107 2419 1158 2445 est
1184 2416 1406 2457 παράγγελμα.
1448 2414 1642 2446 Tunstallus
1667 2425 1699 2455 p.
1726 2416 1797 2447 128.

375 2457 513 2488 Ursinus
548 2458 689 2488 malebat
720 2462 820 2497 potes.
879 2457 939 2487 Ed.
969 2457 1065 2487 Rom.
1109 2457 1286 2487 rectissime
1313 2457 1454 2487 correxit
1479 2457 1685 2499 παράπηγμα,
1712 2457 1799 2496 quod

374 2500 473 2530 habet
495 2500 599 2538 quoad
617 2504 729 2538 pofest.
753 2500 791 2529 de
813 2501 867 2529 illo
886 2500 1065 2534 domestico,
1109 2507 1167 2528 nos
1192 2500 1345 2538 recipere,
1368 2505 1502 2539 propter
1518 2499 1715 2530 evidentiam
1736 2499 1796 2535 rei,

375 2551 419 2571 sc.
437 2542 475 2571 de
491 2542 558 2571 filia
573 2541 770 2571 collocanda.
793 2541 929 2571 debebat
944 2550 1011 2570 esse
1027 2541 1065 2571 de
1110 2550 1175 2570 non
1191 2541 1420 2571 dubitavimus.
1438 2551 1467 2571 v.
1483 2540 1553 2570 lnd.
1571 2541 1629 2571 Gr.

373 2584 397 2613 i.
413 2584 443 2613 cl.
454 2584 604 2622 scrupulo
619 2592 730 2621 quem:
749 2583 803 2613 sed
813 2583 947 2613 alterius
962 2582 1062 2612 collo·
1150 2585 1191 2616 94
1212 2582 1382 2621 venerunt]
1404 2583 1539 2622 Propter
1549 2582 1718 2622 sequentia
1731 2592 1800 2613 ma-

375 2625 513 2655 eationis
535 2625 750 2664 graecissantis
773 2630 807 2654 et
830 2625 895 2655 alia
916 2624 1065 2664 exempla
1106 2623 1162 2654 lim
1179 2628 1343 2654 venerant.

374 2671 463 2696 sunt.
1148 2669 1188 2700 95
1213 2668 1292 2696 milii
1313 2667 1373 2695 seis
1394 2666 1478 2695 nihil
1497 2675 1562 2696 esse
1575 2666 1700 2705 carius]
1732 2667 1795 2698 int.

416 2710 456 2741 93
480 2707 691 2749 παράγγελμα
714 2707 840 2737 ἐνιαύσιον
856 2707 1060 2746 eommoveto]
1108 2708 1239 2747 majoris
1263 2717 1370 2738 curae:
1401 2712 1450 2737 est
1475 2709 1562 2738 enim
1588 2707 1621 2738 τὸ
1646 2707 1799 2749 ἰνδῦμυχον

375 2750 503 2780 Primus
518 2759 624 2787 graeca
638 2748 738 2778 edidit
754 2749 944 2779 Cratander.
967 2750 1065 2779 intel-
1109 2749 1175 2785 ille,
1192 2759 1287 2787 quem
1311 2754 1402 2785 ante,
1423 2759 1474 2789 ep.
1493 2752 1541 2780 13.
1566 2750 1691 2781 dixerat
1703 2760 1796 2781 scru-

375 2791 480 2821 lexere
507 2793 564 2821 viri
591 2791 690 2826 docti,
718 2800 900 2820 sermonem
928 2799 995 2820 esse
1024 2791 1062 2820 de
1099 2792 1219 2830 pulum
1241 2791 1456 2821 domesticum.
1479 2792 1564 2822 infra
1584 2803 1635 2832 ep.
1668 2795 1716 2826 17.
1739 2801 1795 2821 vo-

377 2842 563 2870 gnmnone3
596 2833 630 2862 in
658 2833 752 2871 epist.
774 2842 838 2871 seq.
861 2837 910 2861 est
932 2834 1061 2862 clm-um
1106 2839 1157 2863 cat
1181 2834 1386 2864 domesticam
1413 2837 1444 2863 et
1473 2835 1656 2864 maximam
1682 2843 1798 2865 curans

376 2876 456 2905 «nni
482 2885 615 2905 movere.
660 2873 722 2904 Sed
738 2875 767 2903 ei
791 2874 834 2904 rei
860 2882 926 2904 non
948 2879 1063 2914 aptum
1104 2884 1211 2906 suam.
