1940 3231
347 146 423 180 604
770 139 941 179 EPIST.
969 139 1048 178 AD
1075 139 1361 184 ATTICUM,

348 251 520 301 postero
542 243 610 286 die
631 244 685 286 ad
708 259 783 287 vos
805 259 919 286 eram
940 245 1159 296 missurus,
1178 259 1284 300 quos
1308 252 1416 300 puto
1434 250 1532 286 ante
1552 252 1768 298 venturos,

348 316 476 357 quam
507 311 701 344 nostrum
732 301 967 343 Saufeium.
999 302 1071 343 sed
1102 316 1199 343 eum
1231 302 1320 343 sine
1350 301 1456 343 meis
1481 301 1632 342 litteris
1654 302 1707 343 ad
1728 312 1771 344 te

348 359 507 409 venire,
531 359 603 400 vix
626 367 791 401 rectum
812 367 916 400 erat.
966 358 1031 399 Tu
1054 359 1176 410 mihi,
1197 368 1245 414 ut
1266 358 1492 415 polliceriS,
1514 358 1566 399 de
1587 357 1771 400 Tulliola

347 430 458 466 mea,
480 416 523 457 id
553 426 632 467 est,
655 415 706 456 de
739 415 978 466 Dolabella,
1009 417 1275 471 perscribas3
1306 416 1358 457 de
1388 415 1621 470 republica,
1643 430 1770 470 quam

348 473 566 528 praevideo
594 473 637 513 in
669 472 845 512 summis
876 472 1102 527 periculis;
1133 473 1186 514 de
1215 473 1477 522 censoribus,
1500 473 1772 527 maximeque

348 533 389 562 28
402 530 454 571 de
481 529 629 585 signis,
652 528 823 580 tabulis,
844 529 944 583 quid
980 529 1068 579 fiat,
1091 528 1365 570 referaturne.
1426 529 1575 570 Idibus
1609 528 1771 570 Octob.

347 586 424 628 has
457 586 554 626 dedi
585 585 772 626 litteras:
814 599 900 640 quo
934 584 1017 637 die,
1050 595 1097 626 ut
1129 586 1292 637 scribis,
1325 586 1470 627 Caesar
1505 585 1771 627 Placentiam

345 644 538 699 legiones
554 652 752 697 quatuor.
774 656 935 699 quaeSO‚
957 643 1059 698 quid
1085 643 1206 684 nobis
1229 642 1420 684 futurum
1441 646 1532 685 est?
1555 642 1658 684 29111
1676 655 1773 684 arce

348 700 533 741 Athenis
557 699 685 740 statio
708 713 804 740 mea
825 713 940 741 nunc
961 699 1116 756 placet.

392 828 432 858 28
455 826 494 856 de
514 826 629 865 signis,
648 824 768 855 tabulis
789 824 869 863 quid
878 822 970 863 fiat.-
991 834 1043 853 re·
1128 824 1168 857 29
1193 823 1234 853 In
1261 833 1336 854 arce
1356 823 1451 863 Am]
1486 825 1537 855 Sic
1557 824 1640 855 bene
1662 823 1777 854 Victo·

338 866 536 907 seraturne]
561 866 670 897 intell.
693 866 732 896 de
753 865 853 896 modo
874 867 1044 905 signorum
1088 865 1175 895 rius:
1199 866 1244 896 sie
1265 866 1332 896 fere
1354 867 1404 896 ed.
1420 866 1517 897 Rom.
1535 867 1595 896 nisi
1610 865 1693 905 quod
1716 875 1775 906 pro

350 915 386 940 et
405 909 608 946 tabularum,
623 913 657 939 et
679 917 722 939 an
745 907 902 939 Censores
924 907 965 938 ad
987 908 1043 937 Se·
1085 907 1120 936 in
1135 916 1210 937 arce
1225 907 1338 938 vitiose
1360 913 1410 938 est
1430 912 1547 938 marte.
1590 908 1648 938 Est
1666 908 1771 947 jocus.

351 955 469 983 natum
484 952 640 988 referant,
655 956 694 981 ut
711 949 826 981 modus
848 950 987 981 luxuriae
1009 949 1043 979 in
1085 948 1198 979 malim
1214 949 1266 979 hic
1289 959 1433 987 manere,
1448 960 1546 989 quam
1567 949 1707 980 Romam
1721 960 1775 981 ve-

351 1004 390 1025 eo
405 1004 523 1034 genere
537 997 715 1025 statuatur.
1087 992 1170 1029 nire,
1187 991 1243 1022 ubi
1258 991 1341 1022 nihil
1355 1001 1503 1023 securum
1513 993 1582 1033 jam
1597 997 1657 1022 est.

237 1104 1496 1229 2-933WCERONIS

542 1288 602 1354 E
641 1287 695 1354 P
737 1287 768 1353 I
813 1289 857 1355 S
895 1287 955 1353 T
996 1287 1057 1353 O
1105 1287 1162 1353 L
1201 1288 1258 1350 A
1299 1287 1361 1353 R
1400 1287 1464 1354 U
1509 1287 1584 1353 M

1063 1408 1089 1433 D

816 1488 859 1533 A
889 1486 931 1533 T
959 1486 1002 1533 T
1032 1486 1056 1532 I
1088 1485 1128 1534 C
1158 1486 1207 1534 U
1241 1488 1312 1543 M,

906 1594 1091 1636 LIBER
1123 1595 1228 1637 VII.

864 1759 1264 1807 ARGmOENTUM.

354 1841 581 1878 Continentes
598 1839 682 1872 sunt
700 1834 782 1870 libri
803 1831 906 1879 hujus
921 1833 1081 1882 epistolae
1100 1845 1176 1869 cum
1194 1834 1446 1881 superioribus,
1459 1840 1499 1871 ut
1518 1835 1591 1872 haec
1608 1838 1686 1886 ipsa
1701 1840 1779 1887 pri-

401 1905 463 1930 ma
479 1892 547 1927 illa
564 1900 635 1925 esse
656 1887 835 1927 videatur,
854 1897 963 1933 quam
975 1887 1143 1933 proxima
1169 1887 1363 1932 superiore,
1379 1892 1522 1934 postero
1541 1890 1598 1925 die
1613 1902 1650 1925 se
1668 1892 1775 1926 datu·

402 1957 497 1987 rum,
523 1942 751 1991 promiserat.
805 1937 958 1986 Scriptae
984 1950 1092 1985 porro
1119 1942 1201 1973 sunt
1228 1940 1367 1985 partim
1393 1951 1434 1974 ex
1461 1941 1601 1983 itinere,
1631 1943 1715 1977 dum
1734 1955 1777 1979 ez*

401 1996 592 2047 provincia
619 1993 753 2028 rediit:
793 1992 931 2038 partim
949 2002 990 2025 ex
1012 1988 1125 2038 fuga,
1145 2001 1265 2036 quam,
1285 1992 1411 2026 audito
1444 1991 1593 2028 Caesaris
1611 1994 1778 2038 adventu,

406 2061 487 2086 cum
514 2045 712 2083 consulibus
741 2047 886 2090 totoque
910 2046 1037 2078 senatu
1067 2046 1230 2077 executus
1247 2046 1309 2078 est.
1364 2043 1460 2079 Nam
1488 2057 1567 2080 cum
1584 2047 1633 2082 ad
1658 2047 1780 2086 urbem

403 2102 502 2150 prid.
529 2099 624 2135 Non.
656 2096 830 2133 Januarii
857 2095 1016 2137 accessit,
1044 2094 1243 2141 ibidemque
1269 2106 1331 2142 spe
1362 2096 1548 2143 triumphi,
1580 2109 1682 2144 quem
1711 2099 1780 2135 sibi

397 2154 573 2203 frequens
590 2154 747 2190 senatus,
764 2152 805 2183 ut
823 2148 969 2195 ipsemet
986 2146 1110 2182 scribit
1137 2147 1186 2182 ad
1208 2146 1386 2189 Tironem,
1406 2147 1642 2197 efflagitabat,
1661 2161 1780 2187 mora-

408 2211 494 2242 tur.-
525 2215 604 2240 xm
635 2201 721 2239 Kal.
749 2200 847 2236 Febr.
874 2200 1000 2235 nuntio
1027 2199 1104 2239 illc,
1123 2203 1163 2234 ut
1192 2199 1358 2241 diximus,
1377 2205 1535 2248 accepto,
1560 2205 1702 2237 coactus
1729 2209 1781 2240 est

407 2260 516 2299 exire,
543 2260 650 2302 atque
677 2265 756 2289 eam
774 2253 1030 2299 cogitationem
1060 2251 1234 2286 omittere.
1289 2251 1446 2294 Etenim,
1467 2264 1546 2288 cum
1572 2254 1611 2288 in
1639 2258 1778 2290 senten-

408 2312 499 2346 tiam
527 2307 706 2355 Scipionis
734 2304 771 2340 S.
803 2303 998 2352 C.factum
1024 2307 1122 2343 esset,
1143 2307 1184 2338 ut
1211 2307 1294 2338 ante
1312 2308 1445 2339 certam
1464 2305 1556 2341 diem
1586 2304 1704 2342 Caesar
1720 2319 1778 2342 ex-

408 2363 559 2398 ercitum
577 2360 797 2395 dimitteret:
829 2358 948 2391 sinon
965 2354 1125 2403 faceret,
1144 2367 1223 2390 eum
1250 2356 1417 2391 adversus
1444 2356 1569 2404 Remp.
1587 2355 1780 2405 facturum

408 2414 544 2450 videri:
574 2413 676 2459 eique
703 2410 741 2446 S.
763 2409 800 2444 C.
827 2407 882 2444 M.
900 2408 1092 2449 Antonius,
1114 2407 1156 2448 Q.
1186 2407 1327 2443 Cassius
1359 2408 1533 2444 Tribunus
1546 2409 1640 2456 pleb.
1670 2412 1780 2446 inter·

407 2467 611 2502 cessissent:
648 2463 691 2498 de
712 2462 960 2498 intercessione
984 2460 1151 2502 relatum,
1170 2460 1460 2508 acerbissimeque
1485 2461 1663 2496 decretum
1681 2461 1779 2511 fuis-

409 2523 487 2554 set:
527 2517 599 2557 illi,
616 2515 702 2551 urbe
732 2515 904 2555 cedentes,
933 2513 981 2547 ad
1014 2512 1185 2547 Caesarem
1203 2524 1251 2553 se,
1284 2514 1346 2559 qui
1374 2517 1449 2547 tum
1476 2516 1554 2548 erat
1586 2511 1778 2558 Ravennae,

409 2569 642 2606 contulissent
656 2583 667 2603 .-
700 2567 829 2607 Caesar,
850 2567 894 2600 iis
920 2565 1073 2600 maxime
1091 2565 1306 2606 auctoribus,
1327 2562 1476 2610 trajecto
1494 2563 1688 2608 Rubicone,
1707 2568 1779 2603 Ar.

409 2623 561 2663 minum,
580 2620 675 2667 quod
702 2622 780 2653 erat
799 2621 901 2653 extra
916 2618 1140 2665 provinciam
1157 2617 1268 2659 iltius,
1288 2628 1367 2652 cum
1393 2617 1554 2657 venisset,
1574 2621 1696 2653 tantus
1709 2631 1779 2667 pa-

409 2685 475 2710 vor
500 2676 644 2720 repente
676 2671 797 2706 urbem
832 2671 977 2712 invasit,
1006 2673 1048 2704 ut
1077 2670 1211 2716 passim·
1227 2668 1326 2717 fuga
1357 2669 1565 2716 turpissima
1581 2667 1694 2717 facta
1718 2673 1778 2708 sit.

412 2726 606 2762 Continent
624 2727 743 2758 autem
762 2721 937 2769 Epistolae
952 2722 1103 2768 priores,
1123 2733 1146 2756 a
1160 2722 1281 2767 prima
1294 2731 1403 2767 usque
1420 2721 1469 2755 ad
1496 2721 1682 2764 decimam,
1701 2735 1778 2770 quae

410 2778 553 2826 incipit,
573 2774 706 2811 Subito
732 2772 934 2809 consilium
960 2773 1056 2820 cepi,
1084 2773 1355 2813 lzoesitationem,
1382 2772 1674 2816 sollicitudinem,
1703 2787 1781 2822 quoe

417 2830 594 2866 Ciceronis
614 2827 741 2874 animi,
761 2837 916 2873 quonam
942 2826 1046 2860 modo
1064 2836 1142 2860 cum
1163 2824 1300 2860 Coesare
1319 2824 1560 2872 Pompeioque
1575 2837 1612 2860 se
1627 2831 1778 2873 gereret,

413 2893 494 2927 eum
512 2882 656 2928 utrique
670 2883 757 2916 esset
775 2878 921 2921 amicus,
939 2882 972 2914 et
987 2877 1090 2913 illum
1109 2881 1256 2925 uterque
1270 2878 1343 2913 suis
1361 2882 1613 2919 annumeraret
1627 2894 1640 2914 .·
1666 2882 1782 2926 poste-
