1940 3231
365 120 442 159 722
785 114 971 153 EPIST.
998 114 1077 152 AD
1105 114 1389 159 ATTICUM‚

366 220 454 266 las!
491 223 526 253 16
545 221 633 263 Hic
672 228 759 271 tua,
792 228 841 261 ut
873 233 1062 275 possum,
1094 227 1215 260 tueor
1250 218 1364 274 apud
1400 218 1493 258 hos.
1521 224 1662 259 cetera
1683 218 1809 261 Celer

371 283 479 336 ipse.
503 279 596 336 fugi
620 278 760 319 adhuc
783 291 910 318 omne
933 291 1102 326 munus,
1123 290 1174 316 eo
1191 276 1342 331 magis,
1362 276 1478 330 quod
1502 273 1562 314 ita
1582 274 1690 316 nihil
1712 284 1807 332 pot-

377 347 469 379 erat
487 337 573 393 agi,
596 346 643 376 ut
666 334 770 375 mihi
801 344 844 374 et
864 333 970 373 meis
993 333 1118 373 rebus
1140 342 1290 388 aptum
1312 342 1437 372 esset.
1499 331 1617 377 Quid
1651 332 1706 372 sit
1735 347 1809 388 ge-

375 405 489 435 stum
507 393 624 443 novi,
643 390 826 447 quaeris:
848 404 903 430 ex
925 388 1091 430 Isidoro
1115 390 1222 430 scire
1246 390 1404 445 poteris
1423 406 1432 430 ε
1457 388 1619 443 reliqua
1641 403 1726 429 non
1747 389 1808 429 vi·

372 452 528 493 dentur
549 463 641 490 esse
663 446 921 488 difficiliora.
972 445 1036 487 Tu
1061 446 1104 486 id
1128 446 1269 496 velim,
1291 446 1407 501 quod
1431 446 1511 486 seis
1536 459 1603 485 me
1622 445 1810 485 maxime

372 509 496 559 velle,
530 520 666 555 cures,
701 513 749 544 ut
779 502 946 553 scribis,
979 511 1027 543 ut
1061 502 1182 543 facis.
1243 503 1321 543 Me
1351 503 1528 544 conficit
1566 501 1811 551 solicitudo,

376 581 433 607 ex
467 579 551 619 qua
583 562 714 602 etiam
743 574 910 600 summa
938 558 1165 600 infirmitas
1195 560 1413 615 corporis:
1446 574 1530 615 qua
1563 558 1717 609 levata,
1738 572 1811 599 ero

380 637 462 662 una
483 635 580 661 cum
603 633 669 667 eo,
691 617 765 672 qui
788 615 1011 672 negotium
1032 616 1158 672 gerit,
1176 626 1326 671 estque
1345 616 1386 657 in
1407 631 1481 672 spe
1502 630 1671 669 magna.
1703 616 1813 655 Bru-

377 688 444 719 tus
468 677 632 718 amicus
655 675 697 714 in
719 688 849 715 causa
870 682 1061 714 versatur
1089 673 1257 714 acriter.
1319 672 1541 714 Hactenus
1573 672 1669 723 fuit,
1695 670 1814 726 quod

378 745 504 776 caute
527 749 551 774 a
570 747 638 773 me
659 731 787 772 scribi
811 738 971 786 posset.
1015 729 1136 770 Vale.
1187 729 1254 770 De
1274 730 1478 785 pensione
1500 729 1646 779 altera,
1662 743 1738 769 oro
1756 736 1815 778 te,

377 791 494 832 omni
518 805 620 831 cura
641 787 879 837 considera,
901 786 1005 842 quid
1032 786 1276 828 faciendum
1300 787 1369 838 sit,
1393 795 1440 827 ut
1459 786 1608 842 scripsi
1630 786 1681 826 iis
1703 785 1819 826 litte-

379 849 451 899 ris,
473 862 578 904 quas
604 845 756 890 Pollex
782 844 894 885 tulit.

341 945 366 981 5
817 942 1052 985 CICERO
1084 942 1311 984 ATTICO
1345 943 1389 985 S.

336 1022 368 1052 h.
384 1007 420 1040 ¹7
438 1003 597 1065 QUAE
628 1027 698 1054 me
721 1027 862 1054 causae
893 1011 1121 1062 moverint,
1143 1026 1272 1066 quam
1295 1011 1478 1061 acerbae,
1500 1025 1628 1065 quam
1650 1025 1817 1067 graves,

381 1087 511 1127 quam
535 1086 675 1122 novae,
697 1069 1008 1125 co'e'gerintque
1029 1069 1195 1124 impetu
1219 1069 1357 1123 magis
1380 1067 1566 1122 quodam
1589 1068 1719 1109 animi
1738 1068 1819 1118 uti,

381 1144 511 1184 quam
541 1127 823 1185 cogitatione,
847 1140 932 1167 non
969 1140 1143 1182 possum
1179 1125 1230 1166 ad
1266 1134 1306 1165 te
1339 1126 1429 1165 sine
1462 1124 1653 1166 maximo
1675 1124 1822 1166 dolore

382 1187 594 1227 seribere:
629 1184 804 1224 fuerunt
831 1183 1006 1239 quidem
1041 1192 1190 1234 tantae,
1213 1190 1262 1223 ut
1295 1182 1352 1232 id,
1375 1182 1489 1236 quod
1513 1181 1646 1233 vides,
1667 1181 1822 1222 effece-

382 1244 485 1284 rint.
509 1244 655 1297 itaque
678 1256 756 1282 nec
775 1240 889 1296 quod
910 1240 962 1281 ad
983 1248 1024 1280 te
1043 1239 1227 1281 scribam
1249 1239 1302 1280 de
1324 1240 1429 1280 meis
1449 1240 1590 1290 rebus,
1607 1253 1687 1280 nec
1705 1239 1824 1293 quod

382 1315 409 1341 a
431 1310 472 1341 te
495 1309 656 1356 petam,
679 1295 862 1354 reperio.
883 1311 970 1338 rem
993 1305 1035 1337 et
1052 1310 1264 1338 summam
1288 1296 1452 1352 negotii
1473 1296 1605 1337 vides.
1624 1295 1824 1350 equidem

384 1371 439 1398 ex
465 1358 548 1397 tuis
580 1355 732 1396 litteris
763 1353 972 1403 intellexi,
995 1361 1039 1395 et
1071 1354 1139 1405 iis,
1170 1368 1275 1408 quas
1297 1353 1583 1404 communiter
1604 1367 1702 1394 cum
1730 1352 1823 1393 aliis

384 1413 608 1470 scripsisti,
630 1422 673 1453 et
705 1411 772 1462 iis,
798 1426 903 1466 quas
938 1421 1011 1451 tuo
1035 1411 1223 1462 nomine,
1245 1411 1360 1465 quod
1382 1410 1511 1451 etiam
1546 1424 1645 1450 mea.
1671 1419 1825 1465 sponte

386 1471 600 1521 videbam,
630 1480 669 1510 te
691 1468 1046 1510 subdebilitatum
1070 1483 1203 1509 novas
1226 1467 1411 1508 rationes
1436 1467 1580 1509 tuendi
1603 1467 1683 1507 mei
1706 1481 1825 1522 quae-

384 1542 491 1571 rere.
553 1527 684 1574 Quod
723 1525 874 1567 scribis
912 1524 1094 1580 placere,
1126 1533 1175 1565 ut
1206 1525 1381 1580 propius
1411 1525 1628 1575 accedam,
1662 1524 1826 1579 iterque

385 1600 462 1641 per
483 1585 644 1641 oppida
677 1592 809 1625 noctu
843 1582 1026 1634 faciam3
1060 1597 1146 1623 non
1179 1596 1279 1622 sane
1302 1581 1442 1632 video,
1464 1581 1829 1636 quemadmodum

387 1643 430 1684 id
454 1641 544 1683 fieri
565 1641 715 1697 possit.
740 1653 878 1694 neque
899 1639 1011 1679 enim
1035 1639 1095 1679 ita
1116 1648 1218 1694 apta
1236 1638 1377 1679 habeo
1400 1638 1647 1688 diversoria,
1668 1647 1715 1678 ut
1732 1646 1827 1678 tota.

388 1710 584 1755 tempora
606 1697 758 1739 diurna
779 1697 823 1737 in
845 1696 912 1737 his
932 1695 1092 1751 possim
1112 1709 1390 1747 consumere3
1412 1709 1547 1750 neque
1565 1696 1616 1736 ad
1636 1695 1692 1745 id,
1708 1695 1827 1750 quod

388 1757 561 1810 quaeris,
584 1754 766 1795 multum
798 1754 988 1804 interest,
1019 1762 1159 1794 utrum
1193 1767 1261 1793 me
1293 1752 1489 1794 homines
1515 1753 1555 1792 in
1580 1752 1741 1807 oppido
1765 1750 1828 1792 vi-

388 1815 533 1863 deant,
555 1827 607 1852 an
644 1812 686 1852 in
721 1811 804 1851 via.
833 1810 905 1851 sed
931 1820 1074 1850 tamen
1103 1809 1186 1850 hoc
1217 1811 1372 1864 ipsum,
1399 1809 1509 1850 sicut
1530 1809 1610 1850 alia
1634 1808 1829 1849 conside-

388 1871 509 1919 rabo,
546 1867 910 1923 quemadmodum
948 1866 1297 1907 commodissime
1335 1866 1421 1906 fieri
1469 1881 1588 1921 posse
1620 1866 1829 1906 videatur.

391 1941 475 1983 ego
512 1936 688 1982 propter
725 1923 1022 1965 incredibilem
1056 1934 1100 1964 et
1133 1924 1264 1964 animi
1298 1932 1340 1964 et
1369 1924 1559 1978 corporis
1591 1922 1830 1964 molestiam

391 1984 604 2025 conficere
638 1982 778 2038 plures
811 1981 973 2022 litteras
1007 1995 1092 2021 non
1128 1981 1274 2035 potui:
1309 1981 1359 2020 iis
1384 1991 1549 2020 tantuin
1575 1980 1786 2035 rescripsi,
1807 1995 1833 2020 a

392 2041 550 2095 quibus
582 2053 849 2094 acceperam.
882 2048 926 2079 tu
962 2038 1087 2078 velim
1122 2048 1163 2078 et
1199 2038 1359 2088 Basilo,
1382 2050 1424 2077 et
1446 2039 1601 2092 quibus
1626 2047 1834 2092 praeterea

394 2098 626 2148 videbitur,
648 2097 777 2137 etiam
802 2095 983 2136 Servilio
1007 2095 1268 2145 conscribas,
1297 2104 1343 2134 ut
1375 2094 1452 2134 tibi
1477 2094 1707 2145 videbitur,
1736 2107 1833 2133 meo

393 2156 585 2197 nomine.
647 2153 774 2201 Quod
802 2161 922 2194 tauto
945 2151 1168 2193 intervallo
1192 2152 1296 2192 nibil
1326 2154 1502 2192 omnino
1526 2151 1579 2192 ad
1602 2166 1702 2202 vos3
1735 2165 1834 2206 pro-

396 2212 512 2253 fecto
536 2211 740 2267 intelligis
761 2225 847 2251 rem
871 2209 988 2250 mihi*
999 2210 1159 2259 deesse,
1179 2210 1231 2250 de
1249 2224 1333 2264 qua
1356 2209 1554 2260 scribam,
1573 2223 1660 2248 non
1683 2208 1834 2248 volun-

395 2279 546 2310 tatem.
609 2268 741 2314 Quod
768 2267 819 2308 de
848 2267 1023 2307 Vatinio
1047 2268 1228 2321 quaeris:
1263 2281 1399 2320 neque
1432 2265 1557 2316 illius,
1592 2279 1728 2319 neque
1758 2279 1834 2305 cu-

393 2342 409 2381 i
420 2341 596 2381 usquam
617 2325 721 2366 mihi
745 2334 949 2379 praeterea
971 2324 1163 2364 officinm
1185 2324 1364 2374 deesset,
1387 2324 1420 2362 si
1443 2323 1625 2377 reperire
1647 2331 1839 2377 possent,

399 2398 484 2437 qua
520 2383 562 2424 in
599 2398 641 2423 re
676 2396 742 2422 me
763 2381 982 2436 juvarent..
1044 2382 1234 2427 Quintus
1262 2380 1531 2420 aversissimo
1553 2393 1666 2419 ame
1688 2379 1834 2420 animo

402 2439 542 2480 Patris
577 2440 673 2480 fuit.
705 2440 856 2479 eodem
881 2437 1073 2493 Corcyra
1106 2438 1216 2479 filius
1242 2438 1371 2479 venit.
1395 2436 1493 2478 inde
1515 2436 1731 2492 profectos
1762 2450 1836 2477 eos

403 2512 487 2538 una
507 2511 606 2537 cum
628 2496 780 2537 ceteris
803 2495 1000 2536 arbitror.

451 2659 486 2689 16
511 2658 576 2688 Hic
599 2657 791 2696 tua—apud
806 2657 872 2696 hos]
890 2659 953 2695 hic,
972 2658 1004 2687 in
1023 2657 1099 2696 El'i·
1190 2660 1220 2690 ἰῖ
1241 2657 1324 2697 Qua?
1340 2667 1390 2687 me
1400 2665 1503 2687 causoe
1521 2657 1676 2686 moverint
1691 2653 1767 2694 δια]
1784 2655 1836 2686 Ad

404 2710 453 2738 ro,
477 2702 531 2731 ubi
556 2701 669 2731 Cicero
692 2707 763 2730 erat
786 2700 871 2739 apud
897 2700 1099 2739 Pompeium.
1142 2699 1372 2730 discedendum
1396 2699 1435 2729 ab
1458 2699 1581 2735 armis;
1605 2699 1690 2738 quod
1712 2698 1836 2728 fecerat

403 2744 494 2782 apud
506 2745 570 2778 hos,
583 2741 810 2781 Pompeianos,
826 2742 858 2771 in
875 2751 1011 2780 quorum
1029 2749 1100 2780 pot·
1144 2742 1256 2771 statim
1273 2741 1313 2770 ab
1329 2741 1396 2771 acie
1419 2741 1622 2777 Pharsalica,v
1633 2741 1835 2778 redieratque

404 2793 509 2815 estate
533 2790 604 2814 erat
619 2784 749 2824 Epirus,
767 2789 865 2821 atque
888 2783 968 2813 adeo
983 2784 1103 2822 prmum
1144 2783 1369 2819 Brundisium,
1384 2783 1439 2813 ubi
1463 2783 1531 2814 haec
1547 2784 1687 2823 epistola
1703 2782 1836 2822 scripta.

402 2828 517 2857 Attici.
532 2831 640 2856 cetera
656 2826 744 2857 Celer
758 2827 834 2866 ipse,
852 2825 1012 2863 narrabit,
1027 2836 1103 2857 cuni
1147 2835 1178 2857 v.
1195 2831 1229 2858 et
1244 2826 1337 2866 epist.
1355 2835 1420 2864 seq.

403 2869 442 2899 ad
458 2876 488 2900 te
504 2870 639 2900 venerit.
