1940 3231
704 111 920 151 LIBER
961 112 994 149 1.
1491 112 1567 146 445

139 220 349 263 luntatem
370 218 462 275 ejus
483 218 543 259 rei
567 224 683 259 tuam
706 216 947 273 perspicere
970 213 1130 256 videor.
1152 212 1237 254 hoc
1268 218 1311 252 te
1333 211 1571 268 intelligere

141 279 256 330 volo,
279 277 542 335 pergraviter
560 275 678 316 illum
710 289 801 315 esse
831 272 1066 314 offensum:
1102 270 1174 312 sed
1204 269 1306 325 quia
1325 269 1484 309 nullam
1507 268 1571 309 vi-

140 336 221 377 deo
245 348 417 391 gravem
440 333 610 373 subesse
640 346 826 382 causam,
848 343 1110 386 magnopere
1140 326 1312 368 confido
1337 325 1457 366 illum
1480 325 1571 366 fore

140 392 185 433 in
208 391 367 441 officio,
388 399 431 431 et
462 390 505 429 in
528 397 673 429 nostra
694 396 923 444 potestate.
985 387 1119 442 Signa
1139 394 1298 434 nostra,
1320 391 1364 423 et
1386 381 1570 423 Herme-

139 449 288 499 raclas,
310 457 358 488 ut
388 446 552 497 scribis,
575 460 674 486 cum
704 444 1052 487 commodissime
1083 442 1258 499 poteri5‚
1281 439 1409 480 velim
1432 439 1572 493 impo-

138 520 230 555 naS‚
252 515 296 546 et
318 505 351 545 si
384 504 499 559 quod
528 502 642 543 aliud
674 508 782 542 οἰκεῖον
803 501 896 556 ejus
919 501 1016 552 loci,
1039 514 1167 556 quem
1189 513 1275 540 non
1298 498 1485 552 ignoras,
1508 509 1573 535 re-

141 563 294 617 peries,
326 571 368 602 et
404 560 606 610 maxime,
629 573 726 614 quae
761 559 839 599 tibi
863 558 1090 614 palaestrae,
1123 555 1423 614 gymnasiique
1456 551 1574 594 vide-

138 620 300 661 buntur
336 632 441 660 esse.
473 617 633 658 etenim
664 616 725 656 ibi
759 616 908 657 sedens
938 615 1033 656 haec
1067 615 1119 656 ad
1155 623 1195 655 te
1229 612 1494 661 scribebam;
1524 617 1574 650 ut

138 690 208 717 me
229 676 347 717 locus
369 676 461 731 ipse
482 675 744 716 admoneret.
789 672 1005 714 Praeterea
1021 680 1150 728 typos
1172 670 1254 711 tibi
1275 668 1448 719 mando,
1465 679 1574 722 quos

120 733 185 774 'in
229 733 409 774 tectorio
448 731 589 772 atrioli
625 730 785 786 possim
821 730 1052 780 includere,
1089 739 1132 770 et
1164 727 1352 784 putealia
1389 724 1577 781 sigillata

137 789 240 831 duo.
294 789 612 830 Bibliothecam
636 797 753 828 tuam
775 802 879 828 cave
897 787 1099 842 cuiquam
1120 784 1401 841 despondeas,
1425 795 1576 837 quam-

138 861 204 888 vls
227 861 367 888 acrem
399 854 634 887 amatorem
661 845 897 886 inveneris:
930 859 1029 885 nam
1051 858 1134 900 ego
1165 855 1313 883 omnes
1343 854 1459 880 meas
1482 838 1577 879 vin-

139 904 346 946 demiolas
379 918 430 944 eo
463 918 646 953 reservo,
672 911 720 944 ut
752 902 855 943 illud
890 901 1128 942 subsidium
1170 897 1379 940 senectuti
1414 909 1576 952 parem.

141 961 211 1003 De
243 961 387 1012 fratre,
416 960 588 1002 confido
621 961 682 1000 ita
711 973 815 1010 esse,
848 967 895 999 ut
926 973 1093 1013 semper
1125 957 1239 998 volui
1270 965 1314 997 et
1344 952 1576 995 elaboravi.

139 1018 276 1060 multa
298 1019 421 1074 signa
440 1026 539 1058 sunt
556 1017 648 1072 ejus
672 1016 747 1066 rei,
766 1030 852 1057 non
874 1016 1117 1066 minimum,
1139 1013 1303 1069 23qu0d
1327 1025 1446 1054 soror
1468 1025 1578 1066 prae-

141 1090 279 1133 gnans
301 1086 382 1118 est.
434 1074 503 1116 De
524 1072 712 1116 comitiis
736 1073 840 1113 meis
863 1082 906 1113 et
928 1072 1009 1113 tibi
1032 1086 1100 1112 me
1121 1069 1364 1127 permisisse
1385 1067 1578 1118 memini,

142 1142 187 1174 et
217 1148 300 1189 ego
324 1132 586 1188 jampridem
616 1130 701 1171 hoc
730 1130 1034 1171 communibus
1065 1128 1229 1178 amicis,
1251 1127 1324 1182 qui
1357 1135 1398 1166 te
1426 1138 1580 1180 exspe—

143 1199 280 1242 ctant,
304 1190 518 1246 praedico:
550 1192 642 1227 29te
672 1201 759 1228 non
790 1187 920 1228 modo
951 1201 1037 1228 non
1060 1185 1215 1227 arcessi
1236 1200 1261 1226 a
1281 1198 1365 1235 me,
1388 1182 1461 1223 sed
1484 1196 1582 1236 pro-

143 1247 311 1300 hiberi3
353 1246 467 1302 quod
509 1244 764 1300 intelligam,
806 1244 942 1287 multo
985 1243 1122 1299 magis
1164 1242 1368 1283 interesse
1410 1249 1498 1289 tua,
1541 1248 1583 1279 te

145 1319 286 1361 agere,
303 1304 417 1359 quod
437 1302 650 1358 agendum
674 1311 739 1343 est
759 1301 842 1343 hoc
865 1312 1074 1356 tempore,
1093 1314 1222 1356 quam
1244 1313 1353 1349 mea,
1374 1306 1416 1338 te
1436 1296 1583 1337 adesse

149 1362 353 1404 comitiis.
381 1360 561 1416 proinde
583 1374 634 1400 eo
656 1360 800 1400 animo
823 1369 865 1400 te
887 1358 1015 1400 velim
1037 1372 1143 1408 esse,
1167 1357 1288 1412 quasi
1310 1355 1394 1396 mei
1417 1353 1583 1409 negotii

145 1433 275 1460 causa
306 1419 348 1459 in
380 1418 463 1458 ista
492 1417 588 1458 loca
616 1417 770 1457 missus
801 1430 929 1457 esses.
952 1430 1020 1456 me
1043 1423 1186 1457 autem
1209 1429 1307 1454 eum
1327 1422 1371 1453 et
1392 1411 1583 1452 offendes
1597 1413 1670 1452 μδ·

145 1490 248 1532 erga
270 1485 326 1526 te,
345 1484 390 1516 et
411 1475 573 1525 audies,
589 1474 710 1529 quasi
734 1473 856 1525 mihi,
879 1474 912 1514 si
936 1488 1021 1527 qua
1043 1480 1165 1530 parta
1185 1479 1325 1521 erunt,
1344 1484 1431 1510 non
1453 1467 1583 1509 modo
1597 1467 1628 1487 δ’

143 1542 187 1573 te
220 1541 447 1589 praesente,
478 1532 551 1572 sed
589 1545 665 1587 per
697 1540 739 1571 te
772 1540 894 1587 parta
929 1531 1029 1571 sint.
1089 1527 1327 1570 30Tulliola
1357 1527 1438 1568 tibi
1468 1526 1584 1568 diem

145 1590 246 1643 dat,
277 1604 527 1646 sponsorem
548 1588 750 1645 appellat.

582 1672 818 1714 CICERO
849 1670 1078 1713 ATTICO
1111 1671 1155 1712 S.

148 1729 238 1783 ET
270 1756 366 1783 mea
402 1750 557 1798 sponte
589 1741 801 1782 faciebam
834 1749 975 1792 antea,
1006 1748 1050 1781 et
1082 1747 1196 1795 post,
1227 1737 1393 1779 duabus
1427 1735 1589 1792 episto-

147 1798 198 1839 lis
223 1799 305 1840 tuis
339 1799 643 1856 perdiligenter
673 1799 718 1840 in
748 1798 926 1839 eandem
959 1798 1171 1838 rationem
1202 1795 1388 1851 scriptiS,
1410 1807 1592 1849 magno-

147 1870 250 1911 pere
283 1871 376 1897 sum
410 1865 668 1898 commotus,
699 1870 750 1897 eo
784 1856 1019 1897 accedebat
1051 1854 1249 1896 hortator
1275 1852 1469 1893 assiduus
1502 1848 1594 1890 Sal-

147 1913 316 1964 lustius,
340 1922 388 1954 ut
409 1929 581 1970 agerem
604 1928 733 1969 quam
760 1913 1090 1969 diligentissime
1113 1926 1212 1953 cum
1239 1909 1425 1950 Lucceio
1447 1907 1500 1948 de
1523 1921 1594 1947 ve-

149 1980 238 2012 stra
259 1981 402 2012 vetere
432 1972 574 2027 gratia
604 1970 936 2012 reconcilianda.
969 1969 1057 2022 sed,
1081 1984 1179 2010 cum
1212 1967 1359 2008 omnia
1381 1965 1594 2014 fecissem,

149 2042 238 2069 non
269 2028 400 2070 modo
432 2043 525 2069 eam
550 2028 817 2069 voluntatem
850 2027 957 2082 ejus,
980 2042 1077 2082 quae
1109 2025 1249 2067 fuerat
1271 2039 1374 2080 erga
1396 2032 1452 2073 te,
1474 2036 1595 2062 recu-

150 2099 300 2140 perare
330 2100 417 2127 non
449 2086 587 2141 potui,
611 2100 757 2127 verum
781 2099 835 2126 ne
857 2099 1030 2126 causam
1053 2083 1229 2140 quidem
1257 2082 1410 2122 elicere
1441 2079 1596 2120 immu-

150 2152 252 2184 tatae
278 2143 526 2185 voluntatis.
549 2143 720 2185 tametsi
745 2143 888 2198 jactat
918 2141 988 2185 ille
1009 2141 1186 2198 quidem
1206 2143 1241 2172 3¹
1259 2138 1364 2180 illud
1387 2145 1509 2179 tuum
1532 2150 1599 2176 ar-

1603 1685 1650 1720 {l

192 2286 233 2316 523
257 2284 342 2324 quod
361 2293 452 2315 soror
466 2293 625 2325 proegnas
647 2284 707 2324 est]
737 2285 790 2315 Sic
813 2284 854 2315 li-

149 2326 226 2357 bros
254 2332 378 2357 veteres
405 2327 524 2358 habere
547 2332 691 2358 testatur
717 2327 853 2358 Lambi—

149 2377 225 2407 nus,
242 2373 276 2399 et
298 2370 343 2399 sic
366 2369 482 2400 dixisse
497 2373 623 2400 veteres
644 2369 748 2400 tradit
771 2369 852 2400 Pro-

149 2411 223 2449 bus,
252 2412 477 2452 repetiturque
502 2412 589 2452 apud
610 2417 741 2452 poetas:
766 2412 853 2442 unde

150 2459 321 2493 receptum
337 2458 388 2484 est
403 2464 462 2493 pro
472 2463 666 2494 proegnans,
679 2454 764 2493 quod
780 2454 852 2485 edd.

149 2505 202 2536 pr.
220 2496 357 2527 habent.
397 2496 460 2526 Sed
474 2504 587 2527 tamen
606 2506 673 2526 non
689 2507 747 2537 pro
764 2501 854 2527 certo

148 2537 212 2568 dici
236 2542 358 2579 potest,
385 2539 579 2570 Ciceronem
603 2538 688 2569 hanc
710 2543 856 2569 veterem

151 2580 292 2611 formam
318 2586 470 2611 secutum
496 2590 577 2619 esse,
604 2581 790 2622 praesertim
817 2582 853 2611 in

150 2621 211 2653 tali
227 2623 378 2663 epistola.

195 2666 236 2699 29
259 2669 290 2695 te
310 2675 374 2695 non
397 2666 488 2696 modo
512 2675 576 2696 non
601 2675 778 2703 arcessam,
800 2666 857 2696 sed

150 2708 252 2737 etiam
269 2708 454 2747 prohibebo]
480 2708 534 2738 Sic
555 2708 628 2739 edd.
646 2718 773 2745 omnes,
792 2708 854 2738 nisi

152 2749 240 2787 quod
263 2754 387 2781 veteres
416 2751 451 2780 in
474 2750 636 2791 principio
660 2750 786 2780 addunt
813 2754 854 2780 ec.

151 2789 270 2821 Bosius
289 2803 307 2822 e
321 2792 406 2822 libro
421 2802 484 2823 scr.
499 2793 686 2832 corrigebat
701 2794 819 2822 arcessi
833 2802 855 2822 a

152 2841 216 2869 me,
232 2834 479 2874 sedprohz'berc':
499 2845 596 2874 quam
615 2835 855 2865 correctionem

153 2875 354 2907 verissimam
379 2881 475 2917 puto,
496 2886 555 2908 nec
578 2877 669 2916 sequi
692 2876 852 2908 dubitavi.

895 2292 973 2314 nam
989 2286 1063 2314 tota
1078 2286 1248 2313 structura
1269 2279 1428 2311 orationis
1449 2287 1522 2308 eam
1545 2275 1600 2307 de—

895 2326 1038 2356 siderat:
1063 2326 1213 2366 inprimis
1235 2324 1371 2354 verbum
1395 2322 1598 2359 intellig-am,

895 2369 931 2399 in
953 2378 1016 2408 quo
1039 2377 1154 2399 omnes
1176 2367 1251 2397 libri
1279 2364 1516 2396 consentiunt:
1540 2371 1601 2402 pro

896 2420 961 2450 quo
978 2411 1012 2440 in
1030 2410 1165 2450 vulgata
1181 2408 1323 2440 lectione
1338 2406 1488 2444 ‘Intelligo
1503 2404 1601 2435 debe—

897 2457 948 2483 ret
962 2462 1041 2483 esse.

940 2498 981 2526 30
1006 2491 1370 2534 Tulliola—appellat]
1402 2490 1486 2522 Edd.
1517 2492 1600 2519 vett.

898 2537 1025 2568 addunt
1047 2547 1122 2574 non,
1140 2536 1225 2567 unde
1247 2540 1282 2566 et
1305 2534 1470 2565 revocavit
1485 2532 1600 2563 Victo-

896 2580 963 2610 rius
986 2580 1020 2609 in
1044 2578 1094 2609 ed.
1111 2578 1264 2609 secunda.
1288 2577 1387 2608 male.
1403 2576 1475 2606 vide
1497 2584 1549 2614 ep.
1569 2576 1599 2604 8.

896 2625 981 2652 extr.
999 2622 1109 2652 omisit
1125 2621 1249 2662 primus
1264 2619 1378 2650 Aldus.

939 2666 976 2695 31
1002 2664 1089 2694 illu-d
1100 2674 1198 2694 suum
1215 2661 1409 2701 arbitrium]
1436 2658 1600 2692 Corradus

898 2707 945 2736 ait
960 2706 1043 2737 alios
1058 2706 1172 2742 libros,
1185 2715 1265 2745 quos
1281 2713 1348 2735 non
1365 2703 1528 2739 nominat,
1541 2701 1600 2731 ha-

898 2749 973 2779 bere
1006 2753 1123 2779 tuum:
1154 2747 1240 2787 quod
1271 2747 1450 2777 rectissime
1483 2743 1602 2784 probat

899 2792 1060 2822 Graevius.
1107 2790 1235 2830 Nempe
1259 2789 1382 2819 arbiter
1410 2788 1519 2818 fuerat
1543 2785 1603 2815 At-

898 2834 983 2863 tieus
1001 2833 1035 2863 in
1057 2842 1155 2863 eausa
1177 2832 1287 2870 aliqua
1308 2830 1454 2868 Lucceii,
1470 2833 1506 2860 et
1522 2837 1600 2858 con-

899 2882 951 2906 tra
967 2885 1042 2906 eum
1060 2874 1346 2915 pronunciaverat.
