1940 3231
201 1313 298 1351 p.57.

290 1377 412 1403 ·sane
451 1377 506 1402 m.
500 1361 556 1402 ·hi
596 1361 891 1402 nuntiabatur.

295 118 372 151 532
717 113 897 153 EPIST.
925 112 1003 153 AD
1029 114 1318 159 ATTICUM,

298 228 430 266 retur,
459 231 593 272 eaque
614 218 761 258 omnia
781 219 968 260 comitiis
1003 218 1259 261 antefertret
1294 216 1636 274 p1·osciipsit‚se
1659 216 1754 276 μετ’

299 289 448 315 omues
471 275 560 316 (lies
582 275 822 316 comitiales
855 277 907 317 de
929 277 1042 318 coelo
1077 292 1168 318 serv
1173 288 1357 317 aturuin.
1388 289 1618 316 coneiones
1645 288 1733 317 tur-

302 332 489 373 bulentae
514 331 698 382 Metelli,
719 343 850 373 temer
854 334 953 374 ¹n·iae
973 333 1123 390 Appii,
1143 333 1435 374 lffuiiosissimae
1460 331 1618 373 Publii.
1640 333 1738 374 haec

302 400 443 431 tamen
478 403 666 430 Summa:
703 390 780 429 nisi
818 390 960 430 Milo
953 405 995 431 in
1026 406 1227 446 campum
1259 389 1573 439 obnuntiasset,
1597 390 1737 430 comi-

303 448 363 487 tia
386 446 543 487 futura.
575 458 674 486 ante
695 446 808 486 diem
834 447 1048 488 x11.1{al.
1076 448 1284 489 Deceinb.
1309 447 1420 487 Milo
1443 446 1584 487 media
1605 456 1734 487 nocte

300 519 397 547 euin
423 518 579 558 magna
616 517 741 542 manu
769 504 810 543 in
847 518 1045 559 campum
1075 505 1207 545 venit.
1267 503 1460 554 Clodius,
1482 518 1580 544 cum
1604 503 1738 544 habe-

304 573 365 602 ret
389 561 669 616 fugitivorum
695 560 879 601 delectas
913 562 1076 615 copias,
1099 562 1140 602 in
1163 576 1363 616 campum
1388 561 1446 601 ire
1469 576 1553 601 non
1577 571 1641 601 est
1661 575 1739 601 au-

303 634 387 659 sus.
449 617 561 658 Milo
585 618 819 673 permansit
851 618 902 658 ad
926 618 1147 659 meiidiem
1181 618 1362 658 mirifica
1383 618 1605 658 hominum
1629 617 1739 658 laeti-
1775 660 1781 664 ,

304 677 377 726 ῐίι,
401 689 567 715 summa
597 688 648 714 cu
656 688 695 713 in
728 674 1132 730 glmi·1.contenti0
1163 680 1202 707 38
1219 675 1397 716 iwanum
1430 675 1557 715 trium
1584 674 1735 731 turpis,

303 733 439 773 fruct-t
463 731 540 782 vis,
573 741 766 772 contextu
772 746 817 771 us
852 731 985 772 fwm
1048 732 1248 772 Metellus
1283 741 1425 772 tamen
1460 732 1661 787 postulat,
1691 742 1738 772 ut

305 791 384 830 sibi
427 799 596 844 postero
630 790 698 828 (lie
732 790 771 828 in
806 789 899 829 foro
935 791 1240 830 obnuntietnr:
1275 804 1314 829 nx·
1307 789 1381 829 hil
1413 802 1519 838 esse,
1549 791 1664 844 quod
1696 790 1739 829 in

304 861 502 902 campum
529 856 654 886 noete
694 846 929 887 veniretur:
973 861 1017 886 se
1041 846 1144 887 bor-t
1176 846 1312 901 plima
1336 846 1377 886 in
1410 821 1602 886 Couiitio
1635 845 1741 887 fore.

306 905 450 968 itaque
473 914 570 944 ante
595 903 708 943 diem
744 917 794 944 xx
826 903 922 943 Kal.
954 902 997 943 in
1031 903 1269 943 Comitium
1303 902 1416 942 Milo
1436 902 1488 943 de
1520 911 1646 943 noete
1668 918 1740 944 ve-

307 963 385 1001 nit,
427 960 631 1001 Metellus
654 975 751 1000 cum
777 961 914 1016 prima
937 959 1030 1001 luce
1053 960 1202 1001 mrtim
1227 961 1268 1000 in
1293 974 1495 1015 campum
1514 960 1742 1001 itineribus

341 1033 443 1073 iope
475 1017 611 1058 dexiis
644 1018 873 1058 currebat:
900 1017 1173 1072 assequitun
1168 1019 1333 1057 :winter
1368 1017 1486 1058 lucos
1519 1016 1739 1058 hominem

305 1033 447 1126 {lilim
480 1075 725 1116 obnuntiat.
749 1075 817 1115 ille
854 1089 897 1114 se
919 1076 1096 1131 recepit,
1121 1089 1279 1130 magno
1305 1084 1348 1115 et
1381 1083 1448 1114 tur
1452 1075 1576 1129 piQ.
1597 1074 1743 1116 Flacci

307 1133 522 1174 convicio.
557 1142 656 1173 ante
687 1133 800 1173 diem
826 1146 855 1172 x
894 1132 992 1173 Kal.
1018 1133 1219 1173 nundinas.
1228 1164 1237 1172 .
1270 1132 1422 1172 concio
1461 1132 1590 1172 b1d10
1613 1130 1741 1173 nulla:

309 1199 408 1232 ante
430 1190 543 1230 diem
568 1204 661 1230 vlu
693 1189 785 1231 Kal.
812 1190 904 1230 haec
927 1204 1008 1246 ego
1033 1189 1415 1239 scribebin1‚l101·:1
1440 1190 1579 1229 noctis
1613 1203 1739 1229 nona.

312 1247 424 1289 Milo
446 1261 645 1302 campum
661 1246 754 1301 jam
777 1248 964 1288 tenebat.
1028 1246 1260 1288 Marcellus
1278 1222 1535 1287 ²candidatus
1556 1246 1615 1287 ita
1636 1255 1743 1286 ster-

314 1306 445 1355 tebat,
468 1316 514 1345 ut
537 1319 618 1360 ego
643 1305 806 1345 vicinus
838 1305 1043 1345 audirem.
1104 1304 1246 1345 Clodii
1282 1303 1535 1344 vestibulum
1563 1317 1745 1345 vacuum

937 1362 1143 1417 4⁰paucis
1184 1361 1385 1417 pannosis
1420 1360 1534 1402 linea
1571 1360 1750 1401 laterna.

311 1434 408 1461 meo
443 1419 624 1460 consilio
663 1420 809 1460 omnia
856 1419 913 1459 illi
954 1419 1043 1459 fieti
1087 1419 1389 1474 querebantur,
1440 1417 1579 1474 ignari
1615 1432 1750 1473 quan-

311 1487 402 1518 tum
453 1477 493 1516 in
541 1476 612 1516 illo
642 1475 772 1517 heroe
814 1485 925 1517 esset
966 1476 1354 1530 auiini,quantu1n
1392 1476 1524 1516 etiam
1559 1475 1747 1516 consilii.

309 1534 508 1576 miranda
549 1534 682 1574 virtus
719 1543 797 1574 est.
839 1537 876 1564 41
896 1549 1006 1574 noxa
1047 1534 1242 1588 quaedum
1294 1533 1444 1573 divina
1487 1532 1632 1573 mitto.
1675 1532 1748 1573 sed

311 1593 406 1633 haec
429 1605 596 1631 summa
616 1599 694 1631 est.
717 1591 894 1632 comitia
922 1590 1012 1631 fore
1033 1605 1117 1631 non
1153 1591 1350 1631 arbitror.
1384 1604 1500 1630 reum
1527 1589 1749 1640 Publium,

312 1650 393 1691 nisi
417 1658 515 1689 ante
536 1648 704 1689 occisus
726 1649 820 1698 erit,
841 1649 932 1688 sore
949 1664 973 1688 a
995 1647 1164 1688 Milone
1184 1657 1305 1703 puto.
1325 1649 1367 1677 42
1386 1646 1419 1686 si
1440 1661 1483 1687 se
1504 1647 1613 1687 inter
1634 1647 1747 1687 viam

312 1705 533 1756 obtulerit,
571 1706 762 1746 occisum
795 1706 845 1746 iri
877 1706 931 1746 ab
963 1706 1056 1761 ipso
1089 1704 1258 1745 Milone
1292 1704 1428 1744 video.
1461 1718 1546 1745 non
1576 1704 1748 1745 dubitat

319 1764 485 1814 facere3
529 1777 616 1818 prae
650 1777 694 1804 se
728 1762 841 1814 fert3
883 1777 1028 1803 casum
1053 1761 1171 1802 illum
1206 1771 1398 1802 nostrum
1439 1776 1524 1801 non
1565 1762 1750 1802 extime-

314 1822 409 1863 scit.
443 1834 678 1885 numquam
713 1820 828 1861 enim
863 1820 1116 1876 cujusquam
1149 1819 1282 1860 invidi
1317 1831 1360 1859 et
1397 1818 1545 1874 perfidi
1569 1818 1750 1859 consilio

313 1887 380 1920 est
398 1892 525 1918 usus:
558 1892 638 1918 nec
669 1877 795 1918 inerti
817 1877 952 1918 nobili
985 1877 1238 1919 crediturus.
1303 1876 1394 1916 Nos
1425 1876 1572 1918 animo
1593 1876 1749 1916 dunta-

316 1944 392 1977 xat
414 1935 624 1998 vigemus,
642 1935 772 1975 etiam
798 1935 949 1991 magis,
968 1949 1096 1989 quam
1120 1949 1217 1975 cum
1241 1934 1524 1974 florebamus:
1558 1948 1603 1973 re
1623 1932 1749 1973 fami-

315 1993 408 2035 lia1i
441 1992 699 2034 comminuti
733 2007 892 2033 sumus.
954 1992 1108 2037 Quinti
1133 1992 1274 2032 fimanis
1310 1999 1453 2031 tlmen
1487 1990 1752 2042 liberalitati,

316 2065 394 2107 pro
417 2049 697 2091 facultatibus
729 2049 902 2100 nostris,
923 2052 963 2080 43
979 2063 1032 2090 ne
1053 2049 1230 2090 omniuo
1263 2048 1498 2088 exhaustus
1530 2057 1656 2099 esset,
1679 2047 1752 2088 illo

358 2166 397 2194 38
409 2162 570 2203 fratrum
588 2163 708 2202 trium]
734 2162 879 2200 Metelli,
902 2162 1013 2204 Appii,

317 2204 436 2242 Clodii,
451 2215 530 2244 quos
545 2210 622 2236 ante
638 2205 834 2236 nominavit.

358 2251 398 2282 39
420 2249 508 2278 inter
530 2248 631 2287 lucos]
667 2247 774 2278 Locus
797 2248 833 2278 in
856 2247 1013 2288 Capitolii

316 2289 486 2327 descensu,
501 2290 556 2320 ubi
581 2290 707 2330 asylum
729 2290 803 2321 fuit.
831 2300 861 2321 v.
886 2290 957 2321 Liv.
982 2291 1009 2328 1,

316 2335 346 2362 8.
370 2333 426 2362 ubi
449 2343 480 2363 v.
508 2330 591 2363 Intt.
606 2334 654 2363 ‘et
673 2333 728 2372 qui
744 2333 785 2363 ab
807 2332 846 2363 iis
868 2342 1012 2363 comme-

316 2379 501 2405 morantur.

358 2419 399 2447 40
422 2417 541 2456 paucis
564 2418 719 2456 pannosis
748 2418 835 2448 linea
865 2416 1011 2456 laterna]

317 2458 400 2488 Haec
423 2463 473 2488 est
495 2459 593 2489 lectio
615 2459 716 2490 Bosii.
762 2460 888 2499 Magna
910 2461 1013 2490 varie-

316 2506 369 2530 tas
384 2507 434 2530 est
450 2502 484 2531 in
498 2510 560 2530 scr.
577 2504 608 2531 et
625 2501 696 2532 edd.
714 2503 748 2532 in
763 2503 853 2534 libris
869 2502 1017 2543 pluribus

318 2548 397 2573 sunt
414 2543 621 2574 nominativi.
646 2554 763 2585 nempe
778 2545 928 2576 homines
943 2544 1017 2574 infi-

321 2594 386 2615 mae
402 2585 499 2615 modo
524 2586 722 2616 conditionis
743 2591 777 2617 et
793 2596 950 2628 pauperes
973 2587 1019 2617 ibi

322 2631 430 2657 erant.

364 2672 401 2699 41
427 2678 509 2699 ποι-(ι
522 2670 670 2708 quoedam
686 2669 798 2700 divina
813 2671 920 2711 mitto]
944 2670 1017 2702 Hoc

321 2711 398 2750 quid
412 2712 468 2748 sit,
486 2721 582 2741 nemo
600 2712 702 2742 dixit:
734 2718 767 2742 et
782 2723 853 2752 quae
869 2714 1017 2745 latinitas

319 2763 404 2784 nova
418 2755 530 2784 divina
544 2754 560 2782 .?
591 2754 781 2793 Suspicatus
800 2765 872 2786 sum
889 2757 1017 2786 divina-

319 2806 376 2826 re:
398 2796 484 2834 quod
511 2797 591 2826 bene
606 2797 771 2827 consentit
793 2799 1003 2837 sequentibus
991 2814 1018 2836 5,

321 2847 394 2877 quae
406 2843 483 2868 sunt
499 2838 611 2869 omnia
622 2838 662 2868 de
674 2839 806 2870 suturis.

361 2883 404 2910 42
424 2881 452 2910 si
473 2891 505 2911 se
526 2882 612 2912 inter
637 2881 724 2912 viam
749 2881 919 2922 obtulerit]
945 2882 1018 2914 Hoc

1057 2174 1074 2193 e
1097 2163 1264 2203 corruptis
1288 2161 1448 2192 librorum
1478 2160 1676 2191 lectionibus
1703 2161 1753 2193 fa-

1057 2211 1149 2236 ctum
1176 2216 1196 2236 a
1219 2205 1255 2236 P.
1279 2204 1446 2235 Manutio.
1470 2203 1538 2234 Cur
1551 2209 1663 2234 autem
1687 2213 1756 2235 non

1056 2253 1235 2283 servatum,
1248 2247 1334 2288 quod
1357 2252 1408 2276 est
1429 2246 1464 2275 in
1478 2246 1530 2277 ed.
1555 2246 1694 2276 Jensoni
1719 2251 1754 2277 et

1056 2290 1250 2329 quibusdam
1273 2288 1502 2328 sequentibus:
1538 2289 1569 2319 si
1599 2298 1632 2318 se
1666 2290 1755 2319 ituro

1058 2333 1249 2363 Lanuvium
1266 2333 1301 2362 in
1325 2333 1378 2362 via
1399 2331 1578 2361 obtulerit?
1603 2330 1690 2370 quod
1704 2337 1755 2361 ta·

1058 2385 1133 2405 men
1148 2381 1275 2404 certum
1292 2383 1424 2404 sensum
1442 2372 1552 2403 habet.
1569 2373 1603 2402 in
1625 2382 1690 2412 quo
1704 2380 1755 2404 ta-

1058 2427 1134 2447 men
1149 2420 1184 2446 z'n
1208 2417 1261 2446 via
1284 2428 1302 2447 e
1319 2416 1426 2456 glossa
1440 2424 1508 2445 esse
1523 2414 1668 2445 videtur:
1693 2415 1756 2445 nisi

1058 2459 1153 2495 illud,
1169 2460 1256 2489 ituro
1274 2459 1480 2492 Lanuvium,
1495 2467 1533 2487 ex
1555 2462 1675 2487 eventu
1701 2458 1759 2488 ad-

1059 2501 1166 2531 ditum
1182 2512 1201 2531 a
1222 2501 1414 2540 glossatore.
1459 2499 1522 2529 Sed
1538 2498 1585 2528 nil
1599 2499 1679 2529 certi
1694 2507 1757 2530 est.

1059 2543 1257 2575 Tunstallus
1280 2554 1313 2584 p.
1329 2546 1379 2575 52.
1401 2542 1430 2572 εἰ
1450 2542 1532 2571 sein
1553 2542 1652 2572 turba
1667 2542 1758 2573 obtu-

1062 2587 1147 2616 lerc't.

1104 2631 1145 2659 43
1170 2638 1209 2658 ne
1221 2628 1350 2658 omnino
1374 2628 1447 2657 exli.
1468 2626 1759 2665 esset—responde-

1061 2671 1146 2710 mus]
1165 2671 1366 2710 Temporum
1377 2669 1460 2699 ratio
1471 2667 1618 2707 postulat
1630 2669 1685 2698 sit.
1699 2679 1759 2709 pro

1061 2714 1115 2742 illo
1131 2712 1259 2743 videtur
1277 2710 1451 2751 legendum
1466 2711 1542 2750 ipsa
1576 2709 1761 2741 Gronovius

1061 2756 1288 2795 respondemus
1309 2753 1490 2793 accipiebat
1515 2761 1574 2792 pro
1597 2753 1762 2784 solvimus.

1063 2807 1138 2827 nam
1162 2797 1324 2827 debitores
1342 2795 1512 2833 eleganter
1534 2793 1690 2825 dicuntur
1709 2804 1758 2825 re-

1062 2839 1232 2880 spondere,
1255 2849 1329 2869 cum
1357 2837 1489 2868 solvunt
1514 2836 1601 2875 quod
1629 2836 1761 2868 debent-

1062 2882 1223 2923 probante
1238 2881 1378 2912 Graevio.
1403 2879 1498 2911 male.
1516 2888 1544 2909 v.
1561 2878 1654 2911 Clav.
