1940 3231
706 183 916 225 LIBER
959 180 1074 221 XIII.
1541 186 1614 225 781

610 288 846 333 CICERO
880 286 1110 329 ATTICO
1141 287 1186 327 S.
1629 289 1658 329 9

177 352 573 407 COMMODUM
617 361 872 401 discesseras
915 357 1022 407 heri,
1066 371 1165 398 cum
1206 355 1434 397 Trebatius
1485 358 1618 408 venit,

177 423 319 479 paullo
345 429 442 477 post
476 418 679 468 Curtius;
710 416 783 457 hic
808 415 1020 456 salutandi
1045 430 1198 456 causa:
1233 414 1304 454 sed
1331 414 1487 454 mansit
1510 415 1620 455 invi-

177 491 305 521 tatus.
366 476 617 519 Trebatium
653 474 880 514 nobiscum
919 473 1140 514 habemus.
1175 472 1303 512 hodie
1338 486 1462 511 mane
1490 471 1619 512 Dola-

177 538 300 579 bella.
325 535 483 577 multus
507 545 645 573 sermo
668 531 721 571 ad
757 531 938 571 multum
974 531 1103 571 diem.
1141 530 1246 570 nihil
1280 543 1451 585 possum
1479 529 1622 570 dicere

176 595 372 646 ἐκτενέςτςον,
403 590 508 632 nihil
542 593 821 645 φιλοςοςγότεςω.
857 597 1032 628 ventum
1062 598 1126 629 est
1150 598 1291 628 tamen
1315 588 1365 628 ad
1389 587 1620 633 Quintum.

178 649 315 689 multa
336 653 470 697 ἄφατα,
491 648 675 695 ἀδιήγητοιι
710 648 781 686 sed
819 660 948 686 unum
984 645 1213 701 ejusmodi,
1241 645 1372 700 quod,
1396 645 1476 685 nisi
1499 659 1623 685 exer-

178 706 289 747 citus
324 706 465 755 sciret,
505 719 592 745 non
625 704 756 745 modo
780 703 928 744 Tironi
961 703 1138 754 dictare,
1162 703 1234 743 sed
1260 717 1311 743 ne
1334 703 1424 758 ipse
1447 702 1623 758 quidem

179 763 377 804 auderem
413 762 614 803 scribere.
651 762 721 802 sed
759 761 981 802 hactenus.
1015 766 1167 817 εὖκαιίςως
1190 761 1242 801 ad
1278 775 1344 800 ine
1369 762 1500 810 venit,
1523 775 1623 802 cum

179 820 383 861 haberem
424 819 711 869 Dolabellam,
750 818 1021 874 Torquatus;
1059 818 1453 873 humanissimeque
1491 816 1625 859 Dola-

179 877 304 930 bella,
333 878 490 933 quibus
522 877 660 917 verbis
694 891 839 918 secum
871 877 1070 933 egissem,
1093 876 1311 932 exposuit.
1345 876 1625 917 commodum

179 935 294 976 enim
328 949 503 991 egeram
537 935 891 990 diligentissime:
924 949 1020 989 quae
1054 934 1281 990 diligentia
1303 943 1425 989 grata
1448 943 1511 973 est
1534 933 1625 974 visa

179 991 417 1050 Torquato.
470 992 507 1033 A
537 1002 577 1033 te
599 1004 822 1048 exspecto,
855 995 895 1023 33
911 993 943 1032 si
968 992 1071 1047 quid
1101 992 1153 1032 de
1187 991 1337 1032 Bruto.
1360 1006 1623 1047 quamquam

182 1050 333 1092 Nicias
355 1050 604 1092 confectum
630 1050 834 1106 putabat:
869 1050 940 1090 sed
964 1050 1198 1090 divortium
1223 1064 1307 1089 non
1331 1049 1516 1104 probari.
1536 1052 1666 1104 quob·

182 1109 313 1150 etiam
339 1109 476 1165 magis
499 1108 646 1148 laboro
671 1107 800 1157 idem,
823 1107 937 1162 quod
965 1116 1023 1147 tu.
1048 1107 1081 1147 si
1106 1107 1209 1162 quid
1233 1116 1296 1147 est
1317 1108 1429 1147 enim
1451 1106 1625 1147 offensi-

182 1168 292 1218 onis,
328 1166 423 1208 haee
458 1180 522 1206 res
559 1165 716 1205 mederi
753 1174 908 1220 potest.
944 1164 1049 1204 mihi
1086 1164 1300 1220 Arpinum
1334 1165 1520 1205 eundum
1546 1174 1626 1205 est.

183 1238 284 1265 nam
306 1234 350 1265 et
372 1239 480 1280 opus
503 1235 581 1273 est,
605 1222 811 1263 constitui
845 1237 871 1262 a
894 1223 1019 1263 nobis
1044 1222 1114 1262 illa
1136 1222 1369 1278 praediola;
1400 1231 1442 1262 et
1468 1237 1630 1273 vereor,

184 1296 237 1322 ne
261 1281 449 1323 exeundi
475 1289 663 1337 potestas
698 1295 782 1321 non
818 1281 888 1331 sit,
913 1294 1010 1321 cum
1037 1279 1184 1321 Caesar
1209 1281 1397 1321 venerit:
1430 1279 1482 1320 de
1505 1280 1629 1335 cujus

185 1339 373 1380 adventu
411 1353 504 1379 eam
539 1337 790 1394 opinionem
830 1337 1053 1379 Dolabella
1087 1338 1232 1388 habet,
1256 1353 1384 1393 quam
1409 1347 1452 1378 tu
1482 1338 1632 1393 conje-

184 1406 351 1438 etur-am
386 1396 575 1438 faciebas
610 1410 663 1435 ex
699 1396 852 1436 litteris
884 1396 1101 1437 Messalae.
1125 1410 1222 1437 cum
1245 1396 1344 1436 illuc
1370 1402 1543 1446 venero,
1568 1397 1633 1436 in-

186 1454 478 1509 tellexeroque
508 1453 611 1510 quid
647 1454 811 1510 negotii
847 1455 926 1506 sit3
960 1465 1068 1506 tum,
1091 1453 1144 1495 ad
1167 1468 1273 1509 quos
1298 1454 1388 1494 dies
1417 1453 1631 1494 rediturus

186 1512 282 1563 sim,
305 1512 491 1554 scribam
513 1511 565 1552 ad
590 1519 645 1551 te.

619 1583 854 1628 CICERO
890 1584 1119 1627 ATTICO
1150 1585 1195 1626 S.
1650 1579 1702 1615 10

188 1642 454 1696 MINIME
477 1653 622 1705 miror,
648 1662 688 1693 te
709 1663 752 1694 et
771 1654 961 1709 graviter
983 1652 1092 1694 ferre
1121 1653 1173 1694 de
1198 1652 1424 1705 Marcello,
1447 1663 1489 1696 et
1512 1654 1635 1711 plura

188 1712 323 1753 vereri
348 1711 526 1768 periculi
549 1725 722 1767 genera.
772 1712 882 1758 Quis
907 1712 1023 1752 enim
1046 1711 1130 1752 hoe
1155 1712 1340 1763 timeret,
1356 1712 1473 1767 quod
1497 1727 1636 1768 neque

189 1769 408 1811 acciderat
445 1778 586 1820 antea,
627 1784 704 1810 nec
741 1769 965 1810 videbatur
1004 1780 1155 1810 natura
1192 1769 1315 1820 ferre,
1350 1780 1398 1811 ut
1439 1771 1635 1812 accidere

188 1830 362 1883 posset?
394 1828 541 1868 omnia
564 1827 698 1883 igitur
722 1827 965 1868 metuenda.
1000 1827 1072 1868 sed
1108 1827 1209 1868 illud
1242 1831 1338 1883 magd
1356 1831 1562 1884 ‘rivis-ogia»,
1588 1839 1634 1871 tu

188 1885 455 1941 praesertim:
487 1887 529 1915 34
542 1900 602 1926 me
634 1884 834 1940 reliquum
870 1883 1134 1926 consularem.
1168 1884 1301 1940 quid?
1334 1885 1414 1925 tibi
1444 1886 1632 1938 Servius,

187 1943 292 1997 quid
316 1942 512 1985 videtur?
544 1957 806 1998 quamquam
830 1945 869 1973 :35
885 1943 967 1983 hoc
987 1942 1146 1984 nullam
1167 1943 1218 1983 ad
1239 1951 1402 1999 partem
1423 1943 1534 1984 valet
1551 1945 1634 1985 sci-

187 1999 305 2052 licet,
327 2000 434 2041 mihi
458 2000 713 2057 praesertim,
748 2001 820 2056 qui
845 2015 931 2041 non
955 2001 1097 2041 minus
1130 2001 1237 2041 bene
1260 2009 1405 2041 actum
1427 2016 1526 2042 cum
1550 2001 1634 2043 illis

189 2068 354 2114 putem.
377 2058 480 2113 quid
504 2059 619 2099 enim
636 2062 811 2101 sumus?
835 2069 907 2100 aut
931 2059 1034 2114 quid
1052 2073 1142 2099 esse
1166 2062 1421 2114 possumus?
1443 2058 1634 2112 domine,

191 2131 246 2157 an
270 2115 402 2158 foris?
432 2116 602 2171 36quod
637 2116 718 2157 nisi
752 2117 858 2157 mihi
894 2116 977 2157 hoc
1006 2117 1193 2157 venisset
1227 2118 1269 2157 in
1301 2126 1506 2168 mentem,
1531 2118 1635 2159 scri-

192 2174 292 2216 bere
315 2173 397 2215 ista
418 2174 564 2215 nescio
587 2188 700 2230 quae,
718 2188 804 2229 quo
822 2185 1030 2216 verterem
1055 2188 1138 2225 me,
1158 2189 1244 2215 non
1268 2175 1486 2216 haberem.
1509 2178 1550 2210 37
1563 2174 1649 2216 Ad·

192 2230 480 2282 Dolabellam,
514 2241 560 2272 ut
596 2231 762 2283 scribis,
796 2232 857 2273 ita
893 2243 997 2288 puto
1031 2232 1293 2284 faciendum,
1321 2237 1484 2291 κοινότερα
1515 2247 1637 2290 quae-

190 2289 305 2341 dam,
328 2303 372 2331 et
393 2294 647 2347 πολιτικώτερα,
670 2289 917 2331 faciendum
940 2300 1055 2332 certe
1088 2291 1248 2346 aliquid
1273 2302 1352 2332 est.
1375 2293 1499 2334 valde
1519 2292 1640 2333 enim

191 2346 420 2389 desiderat.
473 2348 634 2389 Brutus
669 2348 702 2388 si
737 2347 856 2403 quid,
889 2349 1060 2389 curabis
1095 2358 1143 2389 ut
1174 2350 1333 2391 sciam:
1366 2350 1434 2391 cui
1461 2349 1638 2406 quidem

192 2406 514 2463 quamprimum
538 2407 754 2463 agendum
789 2416 911 2462 puto,
934 2406 1174 2463 praesertim
1198 2407 1231 2447 si
1255 2407 1422 2448 statuit.
1447 2422 1641 2449 sermun-

232 2555 272 2584 33
295 2554 323 2584 si
344 2554 425 2594 qm‘d
443 2554 482 2585 de
510 2553 634 2593 Bruto]
662 2554 740 2594 Ejus
770 2555 894 2595 nuptiis
938 2553 1023 2584 nihil
1047 2553 1180 2596 prodest
1202 2558 1261 2585 aut
1283 2554 1441 2594 delectat,
1456 2556 1641 2596 praesertim

192 2596 423 2627 eum*Catnnis
439 2597 518 2628 filia.
533 2597 572 2627 de
589 2598 705 2636 quibus
720 2602 755 2628 et
770 2597 829 2627 illa
843 2597 893 2627 in·
937 2606 1001 2627 me.

192 2637 384 2677 telligenda,
401 2640 510 2670 laboro
524 2640 610 2670 idem
626 2641 711 2680 quod
725 2645 774 2677 tu,
792 2649 837 2670 se.
855 2644 894 2674 ut
980 2639 1021 2670 36
1049 2638 1134 2679 quod
1156 2639 1233 2679 nisi]
1273 2639 1327 2671 Sic
1352 2649 1402 2671 res
1428 2644 1462 2671 et
1489 2638 1641 2672 latinitas

192 2681 320 2720 nuptiae
335 2681 382 2719 illi
395 2681 491 2713 fiant.
931 2682 1029 2721 jubet
1043 2683 1196 2720 scribere,
1214 2692 1281 2713 non
1303 2683 1392 2722 quid,
1409 2688 1446 2714 ut
1469 2689 1518 2714 est
1543 2684 1638 2714 hodie

236 2724 279 2754 34
299 2732 353 2753 me
372 2726 538 2765 reliquum
554 2725 774 2766 consularem]
801 2726 893 2757 Mar·
937 2725 971 2754 in
987 2725 1141 2765 vulgatis.
1170 2730 1204 2756 et
1232 2726 1278 2755 sic
1300 2725 1372 2756 edd.
1396 2736 1443 2766 pr.
1465 2727 1506 2756 ab
1528 2735 1638 2757 errore

193 2764 280 2796 cello
307 2764 496 2805 interfecto,
521 2779 574 2799 me
599 2778 703 2799 unum
733 2768 894 2799 Consula·
937 2777 1111 2808 operarum
1128 2776 1244 2798 natum
1269 2772 1361 2808 puto.
1378 2768 1462 2809 quod
1479 2769 1542 2799 m'si
1557 2778 1638 2799 con-

191 2818 275 2844 rem,
303 2817 349 2839 sc.
377 2819 452 2839 vere
480 2810 701 2848 consularem,
731 2810 894 2851 reliquum
931 2811 1089 2850 jungitur
1104 2815 1141 2841 ut
1156 2811 1279 2850 quodsi.
1543 2847 1547 2849 ,

192 2859 281 2881 esse:
305 2850 338 2881 id
367 2851 576 2891 reprehendit
602 2859 636 2884 et
664 2853 796 2885 laudem
818 2864 892 2885 vere
977 2855 1016 2887 37
1039 2854 1096 2885 Ad
1119 2849 1345 2892 Dolabellam]
1374 2853 1505 2884 Atticus
1528 2861 1637 2883 suase-

191 2892 383 2925 Consularis
397 2893 542 2934 Sulpicio
556 2896 687 2926 tribuit.
740 2892 744 2896 ”
935 2900 985 2926 rat
1002 2895 1122 2928 librum
1136 2897 1166 2926 ei
1185 2895 1330 2936 aliquem
1345 2895 1533 2935 inscribere,
1551 2895 1637 2936 quod

204 2967 208 2970 ,
235 2938 276 2966 35
298 2936 357 2967 hoc
376 2944 408 2966 n.
426 2937 472 2967 ad
488 2936 621 2977 partem
641 2939 744 2978 valet]
771 2939 828 2970 hoc
844 2949 893 2970 re·
935 2939 1072 2979 optabat
1088 2938 1276 2971 Dolabella.
1554 2940 1558 2943 ⁴

191 2976 318 3018 liquum
334 2988 402 3010 esse
428 2982 462 3010 et
485 2980 591 3011 vivere
608 2985 645 3012 ut
661 2980 891 3020 Consularem,
