1940 3231
309 141 383 177 552
728 138 905 178 EPIST.
931 138 1006 178 AD
1031 136 1309 182 ATTICUM,

308 241 536 298 plurimam
560 241 762 284 salutem:
799 244 869 286 cui
901 243 1073 299 quidem
1096 258 1178 299 ego
1199 256 1284 283 non
1306 237 1435 281 modo
1459 236 1638 287 servavi,
1658 236 1732 278 sed

311 299 440 340 etiam
471 299 512 334 69
525 299 736 342 aedificavi
767 300 923 342 locum.
954 301 1057 356 quid
1088 300 1272 355 quaeris?
1303 298 1357 338 ad
1383 308 1592 336 summam
1622 293 1733 335 laeti-

313 356 418 397 tiam
448 371 602 407 meam,
624 372 752 412 quam
783 373 838 398 ex
869 369 944 399 tuo
975 358 1114 399 reditu
1145 357 1284 412 cap‘10‚
1306 368 1487 410 magnus
1519 351 1629 392 illius
1659 348 1734 390 ad·

313 423 442 454 ventu
474 417 514 447 70
527 414 722 454 cumulus
755 415 935 455 aceedit.
966 429 1051 469 quo
1082 414 1150 455 die
1180 414 1233 455 ad
1264 426 1331 454 me
1353 410 1512 461 venies,
1541 410 1579 442 71
1601 407 1635 448 si
1666 419 1736 448 me

292 485 443 522 omas,
466 471 577 525 apud
597 485 665 511 me
687 485 785 512 cum
809 472 893 512 tuis
916 486 1102 513 maneas,

310 595 348 615 ex
378 593 417 613 eo
443 583 632 613 auditurum
657 583 721 614 alia
748 593 822 623 quae
850 584 930 615 scire
953 585 1004 615 in-
1089 587 1125 617 71
1151 584 1177 614 si
1193 593 1242 614 me
1255 582 1362 622 amas]
1388 579 1502 612 Deievi
1522 583 1571 614 tu,
1587 575 1674 617 quod
1688 579 1737 606 est

311 626 418 657 tersit.
1046 636 1065 657 a
1081 626 1207 656 Faerno
1222 626 1345 656 factum
1362 623 1535 654 electione
1552 624 1590 650 ue
1606 620 1640 650 in
1656 618 1737 649 Mss.

354 669 394 702 69
417 668 572 708 oedg'ficazvi
588 667 706 707 locum]
726 677 756 699 v.
771 676 869 708 supra
889 667 929 698 ad
951 677 1001 708 ep.
1046 668 1253 707 quibusdam,
1278 675 1350 705 quae
1373 673 1408 696 et
1432 669 1481 695 est
1503 665 1536 694 in
1563 661 1615 692 ed.
1641 661 1738 692 Rom.

312 713 344 741 4.
357 714 440 739 extr.
1045 715 1196 740 revocata
1212 720 1232 739 a
1248 708 1406 738 victorio.
1451 706 1511 736 Ed.
1534 703 1670 735 Jensoni
1692 702 1739 734 sic

354 755 394 785 ΤΟ
415 753 567 781 cumulus
588 751 726 790 accedit]
767 752 863 783 Forte
888 752 1004 783 melius
1047 752 1158 789 habet,
1171 756 1212 782 ut
1227 752 1294 791 ipse
1310 749 1408 786 edidi,
1423 753 1456 779 et
1476 748 1548 778 edd.
1572 747 1647 778 Asc.
1663 743 1738 777 Ald.

313 793 455 823 accedet.-
479 793 600 823 reditus
614 794 716 824 Attici
731 804 748 824 e
761 794 888 825 Graecia
899 795 1004 825 factus
1049 794 1139 825 Crat.
1158 794 1298 832 Hervag.
1315 791 1351 822 P.
1367 790 1512 822 Manutii
1528 791 1586 821 &c-

313 840 403 865 erat:
428 834 577 876 Dionysii
592 836 722 866 futurus
739 840 821 866 erat.

207 1029 307 1103 pe}
594 1025 678 1080 M.
716 1025 998 1080 TULLII
1040 1021 1471 1079 CICERONIS

508 1142 568 1208 E
610 1142 662 1208 P
704 1142 737 1208 Ι
780 1144 824 1208 S
863 1142 923 1207 T
965 1143 1024 1208 O
1074 1142 1131 1207 L
1169 1143 1230 1206 A
1270 1139 1334 1205 R
1372 1138 1439 1205 U
1481 1138 1559 1204 M

1034 1262 1060 1286 Ι)

789 1335 835 1382 A
863 1335 906 1381 T
934 1334 976 1380 T
1008 1334 1032 1380 I
1065 1333 1106 1380 C
1136 1332 1185 1380 U
1218 1333 1275 1380 M

903 1429 1091 1474 LIBER
1122 1431 1175 1471 V.

906 1534 1183 1557 ψ

835 1609 1237 1648 ARGUMENTUM.

322 1678 380 1715 Ex
398 1676 684 1724 antepenultima
701 1674 857 1724 epistola
872 1675 1066 1721 superioris
1086 1673 1182 1715 libri,
1201 1677 1311 1720 atque
1335 1670 1440 1719 Inous
1456 1673 1625 1715 secunda,
1644 1672 1753 1710 intel·

375 1729 534 1776 ligimus,
554 1732 728 1764 cessatum
755 1739 827 1763 esse
843 1727 952 1762 scribi
969 1727 1064 1762 inter
1091 1737 1161 1768 eos,
1184 1737 1295 1761 annos
1322 1727 1417 1772 ipsos
1438 1726 1537 1767 duos,
1557 1730 1590 1761 et
1616 1736 1752 1761 menses

370 1781 497 1830 paullo
516 1782 671 1828 amplius
698 1792 781 1816 sex:
809 1780 981 1815 nimirum
1012 1790 1054 1813 ea·
1085 1790 1119 1813 a.
1147 1778 1183 1813 d.
1208 1789 1250 1814 lx
1273 1777 1360 1814 Kal.
1390 1778 1479 1813 Νου.
1508 1777 1553 1814 L.
1581 1778 1754 1813 Domitio

374 1833 609 1870 Ahenobarbo
625 1837 660 1868 et
674 1834 744 1880 Ap.
760 1831 910 1868 Claudio
926 1830 1084 1867 Pulchro
1107 1841 1214 1866 coss.
1232 1830 1280 1866 ad
1294 1841 1404 1877 usque
1422 1841 1576 1865 mensem
1594 1829 1753 1872 Maium,

378 1896 486 1921 coss.
515 1885 571 1920 M.
593 1884 770 1920 Marcello
798 1888 832 1919 et
853 1883 929 1919 Ser.
959 1882 1151 1930 Sulpicio:
1180 1894 1250 1930 quo
1278 1894 1395 1917 mense
1415 1882 1537 1917 Cicero
1565 1894 1634 1929 pro
1662 1881 1754 1917 Con-

375 1938 462 1977 sule,
484 1938 521 1972 in
538 1939 762 1984 provinciam
781 1936 963 1977 Ciliciam,
983 1947 1062 1970 cum
1081 1936 1245 1982 imperio,
1265 1933 1384 1970 Roma
1398 1932 1585 1981 profectus
1603 1938 1668 1975 est,
1687 1934 1758 1970 sibi

377 1994 412 2025 et
431 1989 468 2025 S.
491 1990 528 2026 C.
548 1994 582 2025 et
601 1990 678 2036 lege
698 1989 850 2024 Curiata
868 1989 1044 2024 traditam
1062 1991 1165 2022 extra
1181 1991 1313 2022 sortem
1326 2002 1338 2022 :
1367 1987 1558 2034 Appioque
1575 1987 1756 2022 successit.

379 2041 534 2089 Scripta>
549 2046 632 2077 sunt
651 2049 771 2077 autem
796 2040 879 2076 libri
897 2038 1000 2086 hujus
1019 2039 1178 2086 epistola?
1195 2051 1238 2074 eoe
1255 2040 1385 2074 itinere
1402 2050 1537 2085 magna
1554 2050 1596 2074 εκ·
1618 2041 1728 2086 parte
1741 2053 1756 2074 .-

375 2095 524 2141 reiiquae
542 2105 583 2129 ex
600 2094 801 2141 provincia,
821 2104 890 2140 quo
908 2093 1070 2139 pervenit
1096 2091 1191 2138 prid.
1211 2091 1259 2127 K.
1279 2090 1377 2126 Sext.
1398 2103 1478 2126 cum
1495 2089 1615 2126 Roma
1639 2101 1758 2137 egres-

377 2157 436 2181 sus
454 2151 517 2188 est,
537 2149 577 2181 ut
597 2147 764 2187 diximus,
785 2146 928 2180 circiter
945 2143 993 2180 K.
1013 2143 1124 2186 Maii,
1144 2142 1323 2179 Marcello
1341 2147 1376 2178 et
1395 2143 1498 2191 Sulp.
1520 2153 1628 2178 coss.
1669 2141 1759 2183 Quoe

379 2210 422 2233 ex
439 2199 568 2234 itinere
583 2199 727 2246 scriptae
743 2201 839 2238 sunt,
857 2196 950 2232 nihil
971 2197 1154 2232 continent
1181 2196 1430 2231 memorabile:
1460 2207 1539 2242 quae
1555 2196 1594 2230 in
1610 2196 1758 2242 provin-

379 2251 450 2293 cia,
482 2255 636 2292 tantum,
666 2262 737 2298 qua
766 2249 1021 2291 moderatione,
1042 2260 1114 2296 qua
1140 2248 1360 2284 abstinentia
1386 2247 1490 2283 illam
1514 2247 1758 2294 guberna-rit.-

379 2314 520 2350 quoque
538 2303 642 2338 modo
659 2314 696 2338 se
714 2302 989 2349 comparaverit,
1006 2303 1038 2337 si
1053 2299 1161 2350 forte
1179 2299 1315 2335 Parthi
1342 2301 1380 2335 in
1405 2312 1508 2335 suam
1531 2299 1761 2347 provinciam

377 2356 617 2403 irruptionem
632 2353 763 2401 facere
789 2357 1015 2390 conarentur.
1072 2353 1170 2389 Nam
1190 2364 1269 2387 cum
1289 2353 1473 2399 superiore
1499 2363 1607 2392 anno,
1627 2352 1763 2388 exerci-

381 2412 457 2442 tum
473 2407 600 2454 populi
620 2405 790 2449 Romani,
812 2405 939 2441 Crasso
956 2406 1043 2441 duce
1062 2403 1264 2454 interfecto,
1283 2405 1482 2439 miserabili
1499 2404 1602 2439 clade
1619 2403 1762 2452 affecis-

380 2463 458 2493 sent
472 2472 485 2498 ;
514 2459 759 2506 reliquiasque
775 2458 887 2500 illius,
908 2457 1006 2493 haud
1019 2469 1105 2493 sane
1120 2468 1254 2504 magna
1271 2467 1392 2497 manu,
1413 2457 1451 2492 in
1468 2455 1615 2503 Syriam
1638 2466 1762 2502 perse-

384 2511 472 2552 cuti,
491 2523 514 2545 a
534 2510 576 2550 Q.
595 2512 717 2546 Cassio
732 2510 898 2557 Longino
906 2509 1114 2558 fortissime
1130 2509 1266 2557 repulsi
1272 2507 1458 2556 fuissent:
1487 2505 1619 2553 majori
1637 2519 1680 2543 ac
1687 2507 1762 2556 fir-

382 2563 490 2597 miori
507 2563 552 2601 vi,
575 2562 640 2598 hoc
658 2575 752 2598 anno
765 2563 975 2598 redierunt:
1004 2562 1048 2597 ab
1065 2563 1255 2609 eodemque
1271 2559 1392 2596 Cassio
1411 2572 1554 2595 rursum
1572 2559 1683 2607 Syria
1700 2570 1765 2595 ea·-

381 2615 504 2649 cedere
531 2615 646 2649 coacti
672 2620 767 2650 sunt.
822 2615 883 2650 Ita
909 2615 1004 2649 enim
1030 2613 1132 2663 infra
1160 2614 1310 2649 Cicero:
1345 2612 1497 2647 Interim
1524 2623 1668 2647 rumore
1694 2611 1763 2647 ad-

381 2670 507 2702 ventus
540 2667 669 2708 nostri,
705 2670 740 2702 et
781 2666 916 2708 Cassio,
953 2667 1016 2713 qui
1054 2666 1252 2702 Antiochia
1288 2664 1484 2703 tenebatur,
1525 2664 1668 2699 animus
1701 2675 1764 2699 ac-

384 2719 510 2754 cessit:
539 2721 575 2752 et
602 2717 752 2754 Parthis
783 2720 892 2753 timor
917 2717 1068 2763 injectus
1094 2722 1158 2753 est.
1212 2718 1343 2765 Itaque
1369 2717 1529 2752 cedentes
1555 2716 1600 2751 ab
1627 2716 1762 2764 oppido

386 2770 528 2805 Cassius
545 2770 735 2812 insecutus,
753 2781 828 2805 rem
846 2771 931 2805 bene
945 2772 1078 2816 gessit:
1108 2781 1180 2818 qua
1197 2771 1233 2805 in
1252 2769 1365 2819 suga,
1383 2780 1518 2815 magna
1543 2769 1766 2804 auctoritate

387 2822 514 2857 Osaces
541 2822 613 2858 dax
641 2822 876 2864 Parthorum,
895 2822 1022 2857 vulnus
1049 2823 1200 2869 accepit,
1229 2833 1338 2869 eoque
1366 2821 1507 2856 interiit
1529 2821 1659 2868 paucis
1683 2821 1766 2868 post

386 2874 518 2911 diebus.
566 2873 785 2911 Continetar
812 2875 897 2912 item
915 2874 970 2911 his
997 2874 1170 2924 epistolis,
1189 2874 1365 2923 quomodo
1386 2872 1507 2910 Cicero
1535 2873 1575 2910 in
1608 2872 1766 2914 Amano,
