1940 3231
360 143 440 184 τοι),
785 131 966 172 EPIST.
993 129 1073 170 AD
1098 126 1387 175 ATTICUM,

361 244 572 285 habemus
591 254 668 297 per
689 232 912 296 Illyrieum
932 235 1149 294 proficisci
1173 234 1216 276 in
1240 233 1442 277 Galliam.
1464 247 1547 290 ego
1568 247 1697 288 nunc,
1713 241 1800 293 qua'

364 310 531 357 aquo,
553 299 725 341 videm
803 349 1037 395 CICERO
1068 348 1296 391 ATTICO
1329 349 1356 389 s

316 419 409 460 b·5⁰
424 414 565 468 EGO
601 437 701 465 vero
733 421 953 478 Apuliam,
985 428 1029 460 et
1062 418 1308 474 Sipontum,
1329 427 1373 459 et
1401 416 1802 473 tergiversationem

367 483 493 526 istam
528 482 687 539 probo:
719 493 799 519 nec
832 487 951 518 tuam
972 475 1180 516 rationem
1204 476 1383 516 eandem
1412 489 1502 515 esse
1524 475 1650 525 duco,
1672 489 1804 530 quam

363 555 531 582 meam:
564 553 652 580 non
676 537 780 592 quin
806 535 849 576 in
872 533 1094 589 republica
1126 542 1289 573 rectum
1320 533 1432 573 idem
1457 532 1511 573 sit
1533 532 1704 586 utrique
1725 546 1803 572 no-

367 598 528 640 strum:
563 596 636 636 sed
659 609 709 635 ea
732 607 819 634 non
851 591 1009 647 agitur,
1039 589 1248 644 regnandi
1272 590 1494 631 contentio
1522 599 1611 642 est3
1643 590 1687 630 in
1721 603 1809 644 qua

364 655 513 712 pulsus
547 662 612 694 est
634 654 670 682 5¹
686 650 923 691 modestior
954 662 1046 698 rex,
1079 656 1123 687 et
1155 646 1345 702 probior,
1378 657 1421 688 et
1442 647 1666 703 integrior,
1687 655 1732 687 et
1753 646 1803 697 is,
1822 656 1825 658 ’

366 712 442 768 qui
463 711 546 752 nisi
567 709 719 760 vincit,
741 721 897 748 nomen
921 704 1067 762 populi
1095 703 1282 744 Romani
1309 704 1498 746 deleatur
1519 719 1691 746 necesse
1713 714 1805 746 est:

366 771 434 810 sin
469 778 613 810 autem
647 765 799 815 vineit,
834 763 1008 805 Sullano
1038 775 1157 802 more
1193 760 1479 817 exemploque
1508 763 1668 803 vincet.
1701 776 1805 817 ergo

365 827 450 868 hae
472 826 516 866 in
538 823 818 867 contentione
841 830 1037 862 neutrum
1063 818 1142 859 tibi
1165 818 1306 873 palam
1329 819 1614 870 sentiendum,
1631 829 1676 860 et
1697 828 1807 860 tem-⁸

366 884 463 941 pori
488 882 759 924 serviendum
780 889 859 920 est.
894 877 998 918 Mea
1019 890 1147 917 causa
1167 884 1310 916 autem
1334 875 1417 916 alia
1437 885 1516 927 est,
1537 876 1653 931 quod
1675 877 1806 918 bene-

369 942 470 983 ficio
495 941 682 989 vinctus,
705 939 899 993 ingratus
921 949 1012 975 esse
1034 947 1117 973 non
1143 947 1313 987 possum
1333 950 1341 974 :
1366 948 1444 974 nec
1467 943 1610 974 tamen
1632 934 1677 975 in
1698 934 1808 984 acie,

370 999 443 1041 sed
468 997 653 1049 Melitae,
675 998 800 1036 526οῑ
832 993 915 1034 alio
948 993 991 1033 in
1026 991 1161 1044 [loco]
1195 989 1322 1031 simili
1357 990 1579 1047 oppidulo,
1612 990 1807 1033 futurum

368 1066 492 1113 puto.
523 1054 647 1106 nihil,
673 1053 855 1108 inquieS,
879 1051 1008 1105 juvas
1038 1062 1151 1097 euin,
1175 1048 1217 1088 in
1240 1062 1367 1103 quem
1391 1049 1584 1103 ingratus
1605 1063 1696 1090 esse
1720 1063 1805 1090 non

367 1115 463 1156 vis?
494 1114 628 1154 immo
661 1111 802 1152 minus
829 1110 1008 1149 fortasse
1033 1105 1253 1146 voluisset.
1275 1106 1344 1146 sed
1370 1105 1423 1146 de
1444 1106 1528 1147 hoc
1551 1105 1808 1148 videbimus.

367 1186 574 1213 exeamus
597 1169 751 1211 modo:
784 1166 898 1222 quod
923 1174 970 1205 ut
990 1163 1163 1205 meliore
1182 1172 1373 1218 tempore
1396 1162 1624 1220 possimus,
1649 1165 1689 1194 53
1703 1163 1810 1205 faci-t

367 1229 563 1270 Adriano
600 1227 706 1268 mari
745 1222 985 1272 Dolabella,
1024 1220 1215 1261 Fretensi
1254 1220 1404 1261 Curio.
1465 1219 1634 1276 Injecta
1664 1231 1808 1262 autem

366 1287 477 1329 mihi
511 1300 606 1352 Spgs
628 1283 827 1340 quaedam
852 1289 930 1329 est,
962 1278 1066 1320 velle
1099 1292 1267 1319 mecum
1292 1279 1381 1319 Ser.
1406 1278 1647 1334 Sulpicium
1675 1277 1809 1320 collo-

367 1345 459 1400 qui.
489 1344 542 1384 ad
562 1357 660 1384 eum
683 1340 778 1382 misi
805 1337 1089 1380 Philotimum
1123 1336 1321 1378 libertum
1344 1350 1444 1376 cum
1472 1336 1648 1388 litteris3
1679 1336 1713 1377 si
1743 1336 1808 1378 vir

368 1415 461 1443 esse
489 1399 619 1449 volet,
642 1397 848 1455 praeclara
872 1398 1022 1436 συνοῖιὲιε
1056 1394 1118 1433 sin
1150 1403 1319 1445 autem3
1350 1394 1508 1434 erimus
1530 1407 1623 1445 nos,
1645 1394 1719 1449 qui
1743 1409 1811 1435 so-

366 1459 519 1501 lemus.
550 1460 589 1489 54
606 1456 740 1498 Curio
761 1468 930 1496 mecum
956 1451 1080 1498 vixit,
1096 1451 1243 1504 jacere
1260 1450 1474 1493 Caesarem
1499 1460 1655 1507 putans
1670 1448 1807 1493 offen-

367 1517 490 1558 sione
523 1513 735 1571 populari,
770 1511 1016 1565 Siciliaeque
1049 1508 1264 1559 diffidens,
1289 1510 1321 1548 si
1347 1508 1581 1565 Pompeius
1604 1510 1808 1566 navigare

368 1574 592 1630 coepisset.
653 1571 866 1618 Quintum
891 1581 1068 1624 puerum
1101 1566 1247 1621 accepi
1275 1565 1560 1607 veliementer.
1583 1566 1810 1610 avaritiam

366 1632 494 1673 video
518 1630 664 1679 fuisse,
688 1637 732 1669 et
764 1630 802 1658 55
817 1640 936 1682 spem
966 1623 1112 1679 magni
1135 1623 1361 1679 congiarii.
1382 1637 1588 1678 magnum
1614 1623 1696 1666 hoc
1717 1639 1808 1666 ma-

364 1688 456 1729 lum
483 1698 561 1728 est.
597 1687 668 1728 sed
707 1684 842 1726 scelus
878 1682 995 1733 illud,
1028 1680 1140 1736 quod
1180 1681 1472 1730 timueramus,
1496 1695 1619 1736 spero
1641 1681 1805 1723 nullum

367 1746 514 1787 fuisse.
541 1745 623 1786 hoe
645 1754 788 1785 autem
814 1741 983 1790 vitium,
1006 1748 1111 1794 puto
1136 1747 1177 1778 te
1198 1737 1447 1779 existimare
1470 1752 1555 1778 non
1579 1749 1724 1780 nostra
1743 1741 1810 1781 in-

367 1803 606 1859 dulgentia,
629 1801 701 1842 sed
731 1815 757 1841 a
778 1808 930 1840 natura
965 1795 1231 1852 profectum:
1266 1795 1305 1826 56
1319 1809 1446 1850 quem
1479 1806 1621 1837 tamen
1646 1810 1724 1837 nos
1746 1797 1811 1838 di-

367 1860 547 1916 sciplina
569 1859 773 1915 regimus.
817 1856 886 1898 De
906 1854 1063 1911 Oppiis
1087 1852 1359 1894 Veliensibus
1381 1852 1485 1908 quid
1511 1853 1689 1909 placeat,
1708 1868 1809 1895 cum

365 1918 606 1958 Philotimo
626 1915 804 1956 videbis.
850 1916 886 1947 57
905 1912 1085 1968 Epirum
1103 1922 1295 1952 nostram
1315 1911 1587 1967 putabimus:
1613 1911 1686 1952 sed
1704 1911 1811 1953 alios

366 1990 514 2016 cursus
540 1969 1018 2028 videbamuryiabitmi.

329 2078 353 2113 3
812 2059 1048 2103 CICERO
1071 2057 1300 2101 ATTICO
1323 2058 1368 2100 S.

369 2122 459 2175 ET
491 2149 555 2175 res
586 2133 679 2189 ipsa
714 2131 933 2179 monebat,
967 2139 1010 2170 et
1042 2137 1085 2167 tu
1117 2128 1379 2178 ostenderas,
1409 2135 1454 2169 et
1484 2142 1568 2184 ego
1591 2126 1804 2178 videbam,

365 2195 403 2223 ὅθ
422 2194 474 2233 <le
497 2192 548 2233 iis
571 2191 712 2242 rebus,
735 2203 865 2246 quam
893 2186 1095 2242 intercipi
1129 2186 1415 2243 periculosum
1439 2195 1565 2237 esset,
1587 2185 1718 2226 finem
1740 2185 1806 2226 in·

405 2310 446 2337 50
469 2305 547 2345 Ego
562 2302 790 2345 veroe-probo]
810 2303 993 2334 Consilium
1010 2301 1064 2330 iti-

363 2350 450 2379 nox-is
464 2348 609 2380 faciundi
623 2359 641 2378 a
651 2353 684 2377 te
699 2356 755 2387 per
769 2345 937 2386 Apuliam,
949 2346 1066 2384 Sipon-

363 2398 449 2421 tum.
472 2390 527 2421 sed
550 2393 610 2428 ita,
639 2396 679 2420 ut
704 2398 745 2420 ne
768 2394 870 2426 reeta,
894 2397 936 2418 ne
958 2387 1068 2418 Caesar

362 2434 498 2463 sentiat.

407 2479 442 2506 51
470 2476 639 2505 modestior
655 2474 728 2514 ref]
756 2472 929 2512 Pompeius
956 2471 1067 2503 mode-

364 2518 447 2547 stius
476 2518 719 2553 dominaturus,
749 2516 775 2546 si
802 2515 930 2553 vicerit,
968 2524 1067 2554 quam

367 2560 489 2590 Caesar.

409 2605 449 2632 52
471 2606 531 2631 aut
555 2602 620 2631 alio
643 2602 677 2631 in
701 2602 765 2630 loco
785 2599 885 2629 simili
899 2597 1063 2638 oppidu-lo]

366 2644 449 2675 Hoec
462 2643 562 2674 lectio
575 2654 594 2673 a
607 2643 753 2673 Jensono
767 2642 874 2671 fluxit.
888 2641 982 2671 nullo
995 2649 1065 2670 mo-

362 2687 406 2717 ‹lo
421 2696 498 2716 vera
512 2695 580 2716 esse
599 2690 717 2725 potest.
764 2684 884 2714 Lenior
898 2690 949 2713 est
967 2682 1066 2715 lectio

364 2729 463 2760 Rom.
494 2738 526 2758 α.
553 2729 588 2758 in
615 2729 679 2758 loco
703 2728 769 2756 sive
791 2725 951 2765 oppidulo.
976 2730 1016 2755 ut
1031 2730 1067 2756 et

364 2772 446 2802 Mss.
461 2771 580 2801 Graevii
596 2769 773 2806 habebant,
786 2769 839 2807 qui
855 2775 890 2797 et
902 2767 1066 2798 sentiebat

361 2814 563 2844 alterutrum
589 2815 654 2843 Ioco
690 2811 742 2842 vel
769 2810 880 2850 oppido
908 2810 1064 2841 vitiosum

361 2865 442 2886 esse.
486 2855 572 2885 Puto
588 2855 652 2886 alio
668 2856 702 2885 in
716 2855 817 2884 simili
831 2852 990 2892 oppidulo.

402 2901 444 2928 1513
470 2897 566 2937 facit
597 2894 927 2949 ¹Adriano-a·Curio]
974 2894 1062 2927 Nam

1108 2301 1185 2340 quia
1210 2301 1233 2331 ii
1258 2304 1378 2332 tenent
1400 2309 1438 2330 ea
1460 2299 1576 2336 maria,
1591 2298 1661 2329 sine
1677 2297 1814 2338 impedi·

1109 2351 1225 2374 mento
1242 2349 1357 2383 potero
1371 2342 1530 2373 utrolibet
1543 2342 1631 2372 exire
1646 2340 1756 2371 ltalia.

1154 2389 1194 2416 54
1213 2386 1309 2416 (Furio
1323 2394 1448 2416 mecum
1463 2384 1557 2423 vixit]
1576 2383 1644 2414 Diu
1658 2383 1745 2423 apud
1761 2392 1812 2413 me

1110 2428 1184 2459 fuit.
1209 2429 1269 2459 Ed.
1280 2428 1372 2459 JenS.
1385 2428 1472 2457 visit.
1483 2436 1527 2457 an
1538 2426 1601 2456 fuit
1616 2435 1666 2456 me
1676 2426 1789 2455 invisit
1796 2427 1814 2455 ,⁹

1154 2471 1193 2501 55
1215 2479 1304 2510 spem
1319 2471 1436 2508 magni
1449 2467 1625 2507 congiarii]
1644 2467 1773 2498 Praemii
1794 2478 1814 2498 a

1111 2510 1240 2543 Caesare
1254 2510 1486 2551 consequendi,
1497 2512 1583 2540 sicut
1597 2516 1632 2540 et
1643 2509 1721 2540 alibi
1734 2509 1814 2540 dici-

1109 2559 1180 2625 mir,
1196 2561 1233 2585 ut
1255 2556 1422 2594 congiario
1436 2553 1601 2593 prosequi,
1625 2553 1758 2583 donare.
1783 2562 1814 2584 v.

1112 2598 1137 2628 C
1154 2607 1206 2628 av.

1151 2640 1193 2669 56
1213 2648 1308 2679 quem
1331 2637 1648 2677 tamen—regimus]
1673 2636 1814 2668 Videtur

1109 2681 1320 2712 scribendum
1346 2690 1447 2720 quam
1472 2689 1517 2709 sc.
1545 2686 1710 2711 naturam.
1725 2680 1813 2710 forte

1111 2727 1147 2752 et
1161 2733 1326 2764 regemus.

1154 2769 1192 2800 57
1228 2766 1376 2805 Epirum
1417 2768 1566 2794 nostram
1597 2763 1813 2804 putabimus]

1108 2810 1170 2840 int.
1188 2808 1293 2839 Attici
1318 2807 1453 2848 praedia,
1470 2807 1587 2846 quibus
1604 2816 1721 2837 usurus
1741 2811 1815 2837 erat

1107 2861 1167 2893 pro
1178 2852 1258 2889 suis,
1266 2856 1304 2881 ut
1315 2860 1354 2880 eo
1365 2850 1555 2886 diverteret,
1571 2859 1647 2880 cum
1658 2849 1816 2888 placeret.

1149 2896 1189 2926 58
1213 2894 1252 2925 de
1275 2894 1313 2925 iis
1325 2893 1421 2925 rebus
1435 2902 1537 2940 quc-zm
1559 2893 1582 2922 ἑ.
1592 2892 1812 2933 periculosum
