1940 3231
383 174 460 209 846
810 169 984 210 EPIST.
1012 170 1093 208 AD
1119 167 1410 218 ATTICUM,

385 274 633 317 Varlonis
613 278 768 325 οιοῖλογον
790 284 1013 331 exspecto.
1044 275 1143 318 Jam
1168 275 1305 332 probo
1325 276 1563 331 ι’Ῐ<Ῐζοιιιλειδιον,
1588 277 1826 330 praesertim

384 331 482 374 cuni
519 342 562 373 tu
590 343 814 388 tantopere
841 332 1076 375 delectere:
1110 334 1181 374 sed
1205 335 1246 367 89
1259 332 1384 388 quale
1407 331 1526 381 velis,
1551 332 1677 373 velim
1701 334 1825 379 scire.

385 389 515 436 Quod
541 391 592 432 ad
618 402 657 430 te
679 396 816 441 antea,
839 399 968 444 atque
990 390 1097 430 adeo
1127 390 1244 445 prius
1266 389 1416 445 scripsi
1439 387 1574 439 90(sic
1596 389 1712 432 enim
1733 405 1825 434 ma.

383 449 468 494 vis)
496 448 546 488 acl
581 446 873 497 scribendum,
897 446 977 487 tibi
1011 447 1118 487 itero
1141 448 1298 498 dicere,
1329 446 1469 488 fecisti
1499 460 1568 486 me
1595 447 1824 492 acriorem.

380 505 434 545 ad
465 514 585 545 tuum
617 503 729 544 enim
760 503 993 568 judicium,
1017 504 1131 558 quod
1157 504 1261 544 mihi
1295 514 1386 545 erat
1416 511 1583 554 notum,
1618 504 1822 549 addidisti

384 562 570 603 Peducei
607 562 927 610 auctoritatem,
962 574 1163 624 magnam
1205 561 1379 616 quidem
1417 560 1530 616 apud
1570 575 1654 612 me,
1696 570 1741 603 et
1775 565 1821 606 in

342 620 530 675 —primis
564 632 756 673 gimaiem
799 617 937 659 enitar
963 618 1110 673 igitur,
1135 632 1189 658 ne
1219 618 1431 659 desideres
1462 627 1536 658 aut
1563 619 1820 662 industriam

381 690 536 725 meam,
559 684 633 716 aut
655 674 941 730 diligentiam.
978 652 1250 724 0Vectenum,
1270 685 1316 715 ut
1339 675 1504 725 scribis,
1523 685 1566 716 et
1589 675 1822 719 Faberium

381 733 524 773 foveo
577 732 783 773 Cloelium
819 731 924 772 nihil
962 731 1147 773 arbitror
1175 731 1414 773 malitiose:
1446 747 1723 788 quamquam.
1746 735 1819 777 sed

377 790 483 845 quid
505 789 671 845 egerit?
698 788 765 830 De
788 788 985 830 libertate
1009 789 1245 839 retinenda,
1266 803 1352 844 qua
1372 798 1487 830 certe
1509 790 1617 832 nihil
1639 801 1704 832 est
1726 792 1821 834 dul-

376 863 485 898 ειυς,
517 848 614 888 tibi
630 845 854 887 assentior.
905 849 939 880 91
962 845 1084 887 Itane
1116 846 1243 887 Gallo
1278 846 1494 888 Caninio?
1537 862 1564 888 o
1596 847 1819 891 hominem

376 905 586 961 nequam!
620 904 723 959 quid
746 904 859 944 enim
885 903 1024 944 dicam
1055 903 1198 945 aliud?
1228 914 1404 945 cautum
1435 903 1716 957 Marcellum3
1749 921 1819 948 me

375 963 452 1013 sic,
475 963 545 1002 sed
581 976 667 1002 non
697 971 838 1002 tamen
867 961 1180 1002 cautissimum.
1234 961 1442 1017 Longiori
1471 961 1666 1016 epistolae
1689 977 1818 1020 supe-

373 1020 562 1076 liorique
596 1018 813 1074 respondi.
845 1033 961 1060 nunc
997 1018 1181 1059 breviori
1213 1019 1491 1075 propiorique
1512 1018 1617 1073 quid
1638 1034 1817 1076 respon-

372 1078 513 1129 deam,
548 1077 627 1117 nisi
658 1091 750 1118 eam
786 1075 917 1116 fuisse
947 1076 1265 1118 dulcissimam?
1310 1078 1352 1110 92
1369 1076 1454 1117 Res
1498 1075 1812 1140 Hispanienses

372 1135 494 1176 valde
527 1135 668 1175 bonae.
702 1134 832 1175 modo
865 1136 905 1167 93
921 1133 1154 1174 Balbilium
1178 1134 1435 1174 incolumem
1468 1133 1651 1184 videam,
1674 1136 1813 1177 subsi-

368 1193 487 1234 dium
513 1202 671 1233 nostrae
695 1191 942 1232 senectutis.·
993 1194 1034 1224 94
1050 1191 1117 1232 De
1138 1189 1341 1232 Anniano
1367 1191 1615 1247 item,quod
1640 1205 1706 1232 me
1723 1192 1811 1233 val-

367 1251 422 1291 de
446 1250 647 1291 observat
669 1249 859 1290 Visellia.
886 1248 958 1289 sed
991 1247 1086 1289 haec
1109 1248 1282 1304 quidem
1307 1249 1509 1292 humana.
1575 1247 1641 1289 De
1671 1249 1810 1291 Bruto

369 1318 411 1348 te
450 1307 558 1348 nihil
596 1307 704 1348 scire
737 1306 869 1347 dicis:
903 1305 976 1347 sed
1009 1309 1049 1340 95
1065 1306 1221 1347 Selicia
1255 1307 1419 1347 venisse
1453 1305 1521 1347 M.
1556 1305 1808 1362 Scaptium:

366 1379 552 1420 eumque
589 1379 675 1405 non
709 1379 794 1419 qua
825 1378 997 1419 pompa,
1021 1363 1073 1404 ad
1097 1378 1140 1404 se
1162 1374 1304 1404 tamen
1325 1363 1435 1405 clam
1457 1372 1702 1415 venturum,
1725 1365 1809 1406 sci-

365 1432 598 1476 tutumque
629 1436 697 1463 me
719 1421 889 1462 omnia:
922 1435 1019 1476 quae
1042 1435 1125 1478 ego
1148 1421 1310 1462 statim.
1332 1421 1551 1462 96inte1·ea
1570 1431 1715 1462 narrat
1736 1436 1808 1462 ea-

362 1481 478 1530 dem,
511 1479 632 1520 Bassi
667 1493 836 1520 servum
862 1478 1041 1528 venisse,
1075 1479 1149 1534 qui
1184 1478 1416 1529 nuntiaret,
1437 1482 1477 1512 97
1491 1478 1684 1535 Ιθσίοηθε
1704 1478 1808 1521 Ale-

361 1537 627 1579 xandiinas
621 1552 661 1577 in
685 1537 814 1577 irmis
833 1550 939 1586 esse,
960 1535 1142 1577 Bassum
1167 1536 1338 1600 arcessi,
1357 1536 1392 1577 C
1397 1512 1559 1577 assium
1574 1546 1807 1600 exspecta-

361 1595 411 1636 ri.
435 1595 539 1650 quid
562 1595 747 1649 quaeris?
781 1594 949 1634 videtur
972 1592 1213 1649 respublica
1239 1594 1314 1649 jus
1347 1607 1471 1634 suum
1499 1592 1804 1649 reciperatura.

358 1656 399 1686 98
415 1652 485 1693 sed
521 1667 573 1693 ne
594 1651 695 1707 quid
722 1661 835 1692 ante.
869 1650 982 1691 nosti
1007 1651 1160 1691 horum
1181 1650 1537 1692 exercitationem
1557 1650 1600 1691 in
1623 1650 1799 1692 latroci-

358 1710 431 1750 nio
454 1718 497 1750 et
519 1709 768 1750 amentiam.
823 1707 1065 1758 Dolabella,
1090 1708 1154 1749 vir
1172 1708 1379 1764 optimus.
1400 1707 1497 1758 etsi,
1519 1722 1619 1749 cum
1638 1709 1801 1750 scribe-

354 1767 471 1816 bam,
496 1766 683 1807 secunda
705 1780 852 1807 mensa
880 1766 1093 1822 apposita,
1116 1780 1280 1806 venisse
1303 1779 1401 1806 eum
1424 1765 1475 1806 ad
1502 1765 1630 1806 Baias
1653 1766 1802 1807 audie-

353 1825 480 1875 bam,
513 1837 656 1865 tamen
693 1824 747 1864 ad
788 1837 854 1864 me
892 1837 946 1864 ex
982 1822 1212 1863 Formiano
1245 1822 1431 1879 scripsit,
1461 1827 1587 1878 (quas
1619 1821 1800 1875 litteras,

354 1896 453 1923 cum
483 1895 506 1922 e
534 1881 703 1922 balineo
726 1881 927 1930 exissem,
950 1881 1134 1936 accepi,)
1156 1894 1247 1921 sese
1271 1880 1324 1921 de
1345 1880 1630 1921 attributione
1651 1881 1799 1922 omnia

304 1956 338 1985 b,
355 1953 522 1980 summa
555 1938 732 1980 fecisse:
763 1942 804 1972 99
819 1937 1061 1979 Vectenum
1093 1946 1291 1979 accusat:
1327 1939 1506 1978 tricatus
1535 1936 1717 1989 scilicet,
1750 1947 1798 1979 ut

352 1997 484 2038 homo
506 1995 615 2037 talis.
637 1996 709 2036 sed
733 1995 795 2036 ait
817 2005 956 2036 totum
977 1995 1199 2050 neuotium
1220 1995 1418 2036 Sextium
1437 2004 1631 2038 nostrum
1652 2009 1796 2037 susce-

350 2055 478 2111 pisse,
507 2054 723 2109 optimum
755 2052 929 2108 quidem
966 2053 1082 2094 illum
1109 2053 1262 2102 virum,
1297 2052 1518 2108 nostrique
1551 2052 1795 2093 amantissi-

349 2127 483 2154 mum.
515 2126 664 2166 quaero
687 2119 847 2161 autem,
869 2110 974 2166 quid
1005 2109 1176 2152 tandem
1215 2109 1425 2151 Sextius
1414 2124 1456 2151 m
1483 2110 1563 2151 hac
1585 2124 1629 2151 re
1651 2109 1794 2152 facere

389 2228 430 2260 89
457 2226 554 2265 quale
580 2225 672 2265 velis]
710 2226 809 2262 Puto,
837 2224 923 2264 quod
952 2235 1048 2265 argu·
1091 2223 1163 2255 edd.
1177 2233 1227 2264 pr.
1243 2233 1366 2255 narras
1381 2234 1398 2254 e
1419 2223 1483 2254 Ms.
1505 2222 1595 2254 dedit
1611 2224 1739 2255 Bosius.
1755 2224 1798 2256 il.

346 2275 499 2301 mentum
514 2267 592 2298 velis
606 2268 754 2299 tractari.
1091 2266 1148 2297 lud
1169 2267 1303 2303 tectim,
1319 2266 1515 2306 volebatque
1537 2266 1683 2306 praeferri
1703 2267 1795 2299 Grae.

387 2315 430 2346 90
451 2312 496 2341 sic
517 2310 603 2342 enim
628 2310 746 2350 neutris]
772 2320 816 2340 sc.
827 2310 924 2349 prius
940 2309 1046 2341 dicere
1091 2309 1171 2339 vius.
1202 2319 1261 2340 cur
1290 2309 1402 2339 Attico
1432 2313 1595 2346 narraret,
1623 2317 1695 2347 quae
1731 2309 1792 2342 sibi

344 2354 379 2384 in
396 2354 457 2384 hac
473 2353 580 2383 forma
595 2352 736 2391 dicendi,
756 2362 855 2392 quani
870 2357 981 2383 antea.
991 2354 1046 2393 jo-
1087 2352 1284 2391 scripserat?
1307 2353 1447 2389 interea,
1462 2351 1541 2381 dum
1557 2350 1598 2381 ad
1612 2360 1664 2381 me
1679 2351 1792 2384 veniat

343 2402 439 2427 catur
454 2396 487 2425 in
504 2394 592 2438 κρίσιν
608 2395 751 2432 aliquam
767 2395 884 2425 Attici.
1088 2394 1252 2434 Scaptius,
1271 2399 1309 2424 ut
1323 2394 1362 2424 de
1382 2394 1487 2425 Bruto
1502 2402 1712 2434 cognoscam,
1728 2394 1789 2426 ali-

386 2442 424 2473 9l
450 2439 546 2469 Itane
582 2438 622 2468 G.
651 2437 699 2478 C.]
739 2437 817 2468 Non
846 2436 1047 2476 intelligitur
1088 2436 1130 2466 ud
1147 2436 1227 2467 mihi
1245 2437 1402 2467 narravit.

341 2479 418 2516 hoc,
434 2480 511 2520 quia
526 2490 576 2510 res
591 2481 773 2519 ignoratur.
1130 2482 1169 2512 97
1194 2480 1334 2517 leg—iones
1345 2476 1605 2518 Alexandrinas]
1621 2477 1789 2517 Reliquias

385 2526 426 2557 92
449 2523 514 2553 Res
529 2522 774 2562 Hispanienses]
799 2521 924 2553 Nuncii
938 2522 977 2552 de
993 2532 1042 2552 re·
1084 2521 1246 2552 exercitus
1286 2521 1433 2561 Pompeii
1475 2524 1511 2550 et
1542 2521 1665 2557 Crassi,
1698 2521 1787 2561 apud

340 2565 414 2601 bus,
427 2574 505 2604 quas
520 2565 554 2594 in
572 2565 733 2605 Hispania
745 2565 830 2604 gerit
843 2565 933 2595 Sext.
945 2565 1041 2595 Pom·
1085 2562 1319 2603 Cleopatram3
1342 2566 1439 2594 erant
1459 2565 1615 2602 quatuor,
1637 2572 1711 2603 quae
1732 2573 1783 2594 ar.

339 2607 444 2648 peius,
460 2606 552 2637 valde
568 2607 645 2636 boni
661 2612 751 2637 sunt.
1085 2606 1255 2637 cessebant
1269 2606 1420 2641 Bassum,
1436 2609 1476 2635 ut
1490 2604 1520 2634 ei
1534 2613 1568 2635 se
1583 2606 1770 2637 traderent.

381 2652 422 2683 93
444 2649 645 2688 Balbinum]
671 2659 700 2679 v.
717 2649 742 2678 C
747 2649 808 2680 lav.
1122 2652 1164 2683 98
1195 2649 1252 2679 sed
1277 2658 1317 2678 ne
1342 2647 1422 2687 quid
1446 2646 1538 2686 ante]
1574 2646 1710 2684 Vereor,
1740 2657 1783 2679 ne

378 2694 421 2726 94
443 2691 497 2723 De
512 2691 665 2722 Anniano
680 2691 771 2731 item]
797 2690 893 2732 Quod
911 2690 1036 2728 scribis,
1081 2691 1158 2730 quid
1185 2695 1264 2721 ante
1290 2690 1389 2720 faeiat
1411 2690 1590 2726 Antonius,
1612 2699 1710 2729 quam
1734 2700 1784 2721 eae

335 2743 380 2765 sc.
405 2734 444 2765 de
465 2736 534 2774 ejus
555 2739 675 2768 morte,
690 2733 797 2765 doleo.
836 2733 972 2764 Visellz‘a
987 2734 1033 2764 vi·
1078 2733 1182 2773 copiae
1196 2733 1398 2770 colligantur
1418 2736 1454 2763 et
1474 2731 1597 2771 aliquid
1611 2732 1692 2773 reip.
1707 2742 1782 2773 pos-

333 2777 433 2808 detur
447 2777 517 2815 ejus
532 2785 614 2806 uxor
627 2775 737 2806 fuisse.
1077 2775 1144 2805 sint
1160 2774 1321 2816 prodesse.

376 2822 416 2854 95
441 2818 576 2857 Selicia]
604 2818 700 2848 Forte
722 2817 790 2848 filia
809 2816 916 2847 Selicii
934 2817 1034 2847 foene-
1119 2821 1160 2852 99
1185 2817 1360 2848 Vectenum
1382 2816 1464 2856 acc]
1493 2815 1556 2847 Per
1577 2825 1677 2865 quern
1699 2815 1779 2848 velit

334 2861 463 2893 tatoris
480 2871 510 2891 v.
527 2860 620 2892 Clav.
637 2860 715 2899 quia
728 2859 768 2890 ad
788 2869 861 2889 eam
883 2859 1033 2899 Scaptius
1074 2859 1155 2889 solvi
1171 2860 1361 2900 pecuniam:
1387 2859 1442 2890 sed
1463 2858 1552 2889 hunc
1566 2859 1692 2896 tricari,
1708 2859 1730 2890 i.
1747 2870 1777 2890 e.

331 2904 436 2939 venit,
452 2903 518 2943 ipse
535 2903 722 2943 negotiator
736 2908 770 2933 et
785 2902 972 2932 foenerator.
1076 2911 1183 2933 moras
1213 2907 1357 2939 nectere,
1380 2908 1420 2932 ut
1443 2901 1553 2933 solent
1577 2901 1779 2959 feneratores

376 2946 418 2980 96
444 2947 571 2977 incevea
596 2949 717 2977 narrat
744 2943 872 2985 eadem]
911 2947 1033 2976 narrat
1074 2945 1193 2977 facere.
