1940 3231
369 158 448 197 ‘714
778 156 961 195 EPIST.
989 157 1067 194 AD
1098 156 1386 203 ATTICUM,

308 258 358 294 14·
803 261 1035 304 CICERO
1065 261 1291 304 ATTICO
1324 262 1369 303 S.

371 317 421 371 0
454 331 652 374 VITAM
684 333 905 376 miseram!
939 335 1162 390 majusque
1200 335 1372 385 malum,
1403 343 1489 375 tam
1526 334 1600 377 diu
1634 333 1795 387 timere,

369 405 498 448 quam
539 400 604 432 est
638 391 741 431 illud
780 391 935 444 ipsum,
974 393 1087 446 quod
1130 392 1325 434 timetur!
1360 393 1546 442 Servius,
1587 403 1633 432 ut
1669 401 1795 432 antea

371 449 536 504 scripsi,
570 463 668 488 cum
696 447 876 487 venisset
912 448 1048 488 Nonis
1084 448 1210 500 Maii,
1245 450 1448 505 postridie
1483 450 1536 489 ad
1569 463 1636 489 me
1663 448 1794 489 venit.

322 515 423 548 b.ne
456 505 616 546 diutius
651 514 691 544 te
727 516 906 554 teneam,
940 504 1094 545 nullius
1128 507 1292 547 consilli
1333 508 1499 547 exitum
1537 506 1794 546 invenimus.

366 576 603 616 numquam
629 561 711 601 vidi
737 560 956 601 homiuem
990 563 1342 617 perturbatiorem
1368 574 1507 605 metu:
1542 577 1678 618 nzque
1702 562 1795 602 her·

367 621 461 662 cule
491 618 726 672 quidquam
752 619 946 669 timebat,
971 620 1083 673 quod
1121 634 1204 660 non
1239 631 1346 660 esset
1383 620 1643 661 timendum:
1677 618 1796 659 illum

368 678 446 718 sibi
487 676 658 725 iratum,
683 675 796 716 hunc
829 689 914 716 nou
949 676 1165 726 amicum3
1199 676 1444 718 horribilem
1479 678 1698 732 utriusque
1730 676 1793 715 vi-

366 733 562 783 ctoriam,
585 747 683 773 cum
717 742 892 788 propter
929 733 1101 773 alterius
1135 734 1443 784 crudelitatem,
1465 734 1636 775 alterius
1665 731 1796 774 auda--v

365 791 492 840 ciani,
518 800 607 830 tum
631 798 805 845 propter
827 790 1048 844 utriusque
1077 790 1373 831 difficultatem
1397 792 1687 846 pecuniarum,
1710 804 1795 845 qua

364 848 455 889 erui
480 862 704 901 nusquam,
727 847 808 887 nisi
841 861 895 887 ex
931 850 1193 901 privatorum
1217 848 1344 912 bonis
1368 857 1525 903 posset.
1549 859 1675 902 atque
1699 847 1793 887 haec

363 905 427 946 ita
464 904 608 945 multis
640 918 739 944 cum
777 903 962 944 lacrimis
996 904 1263 959 loquebatur,
1298 914 1344 944 ut
1381 920 1462 959 ego
1500 906 1688 955 mirarer,
1721 918 1792 947 eas

364 972 454 1004 tam
487 962 690 1003 diuturna
727 961 897 1002 miseria
930 975 1015 1002 non
1052 961 1283 1002 exaruisse.
1318 961 1423 1002 mihi
1457 962 1627 1017 quidem
1661 961 1793 1001 etiam

363 1019 581 1076 lippitudo
617 1018 724 1069 haec,
758 1028 933 1074 propter
964 1033 1093 1074 quam
1127 1034 1213 1060 non
1248 1019 1338 1075 ipse
1370 1019 1423 1059 ad
1456 1029 1498 1059 te
1525 1019 1680 1068 scribo,
1704 1020 1795 1058 siue

364 1077 452 1119 ulla
483 1076 658 1117 lacrima
695 1086 773 1126 est,
811 1076 883 1117 sed
923 1076 1078 1131 saepius
1118 1077 1266 1117 odiosa
1300 1086 1364 1116 est
1404 1086 1577 1131 propter
1610 1074 1794 1131 vigilias.

361 1133 644 1190 quamobrem
666 1133 873 1189 quidquid
898 1132 1028 1174 habes
1048 1133 1100 1174 ad
1122 1133 1445 1183 consolandum,
1466 1133 1636 1187 collige,
1658 1141 1700 1172 et
1723 1131 1794 1172 illa

363 1192 518 1242 scribe,
543 1205 628 1232 non
661 1205 715 1231 ex
749 1190 959 1241 doctrina,
992 1205 1128 1246 neque
1161 1205 1214 1232 ex
1249 1190 1392 1232 libris:
1425 1205 1524 1231 nam
1556 1190 1599 1230 id
1621 1188 1796 1245 quidem

363 1249 482 1290 domi
512 1257 601 1299 est;
633 1248 706 1289 sed
739 1249 883 1289 nescio
906 1263 991 1302 quo
1025 1248 1153 1288 modo
1188 1248 1442 1289 imbecillior
1476 1257 1540 1288 est
1567 1246 1794 1296 medicina,

364 1321 493 1361 quam
518 1306 713 1346 morbus:
739 1304 833 1346 haec
857 1306 999 1361 potius
1021 1304 1240 1360 conquire,
1262 1305 1313 1346 de
1338 1304 1577 1360 Hispaniis,
1599 1304 1651 1345 de
1675 1303 1796 1343 Mas·

365 1363 485 1404 silia:
518 1377 614 1418 quae
638 1362 813 1417 quidem
846 1362 949 1403 satis
985 1361 1092 1403 bella
1114 1362 1285 1403 Servius
1315 1362 1461 1404 affert:
1495 1361 1567 1416 qui
1590 1362 1719 1402 etiam
1741 1360 1794 1401 de

364 1420 532 1461 duabus
572 1419 814 1475 legionibus
849 1419 1087 1461 luculentos
1126 1430 1322 1460 auctores
1353 1434 1444 1460 esse
1482 1419 1669 1459 dicebat.
1704 1417 1798 1458 haec

364 1477 500 1534 igitur
531 1476 565 1517 si
590 1476 785 1527 habebis,
806 1485 850 1517 et
882 1476 996 1517 talia.
1029 1486 1071 1517 et
1093 1477 1265 1532 quidem
1292 1477 1436 1532 paucis
1459 1476 1610 1517 diebus
1633 1473 1794 1530 aliquid

363 1535 502 1577 audiri
525 1548 696 1575 necesse
717 1544 796 1575 est.
819 1533 891 1574 sed
913 1535 1039 1575 redeo
1061 1535 1113 1574 ad
1137 1534 1346 1575 Servium.
1410 1533 1668 1575 Distulimus
1702 1546 1795 1572 om-

362 1592 468 1634 nino
503 1606 743 1633 sermonem
778 1592 821 1632 in
860 1601 1102 1646 posterum:
1135 1591 1206 1631 sed
1244 1591 1387 1632 tardus
1429 1591 1482 1632 ad
1517 1589 1792 1631 exeundum:

363 1649 503 1691 multo
535 1663 578 1690 se
600 1649 643 1689 in
666 1664 742 1689 suo
765 1648 921 1689 lectulo
945 1648 1083 1699 malle,
1105 1648 1312 1703 quidquid
1338 1648 1461 1688 foret.
1484 1647 1657 1688 odiosus
1679 1660 1796 1686 scru-

361 1707 488 1763 pulus
521 1707 625 1747 99de
658 1706 732 1747 filii
768 1705 922 1746 militia
955 1705 1229 1746 Brundisina.
1264 1720 1395 1746 unum
1426 1704 1528 1746 illud
1553 1703 1797 1745 firmissime

363 1764 648 1815 asseverabat,
677 1764 709 1804 si
746 1763 937 1804 damnati
974 1762 1311 1813 restituerentur,
1346 1762 1387 1802 in
1421 1761 1598 1803 exilium
1633 1775 1676 1801 se
1710 1761 1796 1804 itur

360 1835 471 1863 rum.
496 1836 573 1862 nos
596 1829 738 1862 autem
762 1820 814 1860 ad
838 1820 955 1862 haec:
985 1823 1096 1860 ¹00et
1118 1820 1159 1861 id
1188 1821 1327 1876 ipsum
1350 1829 1466 1860 certo
1491 1818 1595 1869 fore,
1617 1828 1675 1869 et,
1697 1832 1794 1873 quae

355 1877 450 1934 jam
473 1878 594 1928 fiant,
617 1893 700 1918 non
725 1891 816 1918 esse
837 1876 997 1918 leviora
1016 1895 1025 1929 3
1057 1877 1277 1933 multaque
1303 1877 1626 1932 colligebamus.
1650 1888 1797 1915 verum

362 1951 413 1978 ea
434 1950 521 1977 non
543 1935 733 1976 animum
757 1934 848 1990 ejus
871 1936 1103 1990 augebant,
1126 1935 1198 1975 sed
1223 1936 1437 1984 timorem,
1460 1942 1506 1975 ut
1529 1934 1623 1988 jam
1654 1931 1795 1973 celan-

361 1993 441 2035 dus
473 1993 610 2048 magis
643 1993 695 2033 de
733 2000 879 2033 nostro
916 1992 1111 2043 consilio,
1138 1996 1294 2047 lquam
1328 1991 1381 2032 ad
1415 1991 1528 2032 idem
1563 1990 1793 2031 videretur.

361 2065 492 2106 quare
513 2051 555 2090 in
579 2050 662 2090 hoc
684 2064 770 2091 non
792 2049 976 2091 multum
997 2059 1075 2091 est.
1116 2049 1208 2091 Nos
1230 2065 1255 2090 a
1277 2058 1318 2090 te
1340 2047 1550 2091 admoniti
1572 2048 1625 2090 de
1647 2045 1793 2089 Coelio

362 2108 668 2165 cogitabimus

301 2198 351 2236 15
798 2190 1032 2232 CICERO
1062 2189 1289 2232 ATTICO
1322 2190 1367 2232 S.

230 2248 631 2303 p.168.SERVIUS
653 2274 751 2301 cum
785 2267 896 2301 esset
928 2259 1041 2315 apud
1063 2273 1144 2310 me,
1168 2259 1378 2315 Cephalio
1406 2272 1505 2300 cum
1529 2256 1612 2299 tuis
1639 2256 1794 2299 litteris

320 2304 413 2362 a'v1
440 2319 505 2361 Id.
537 2318 677 2359 venit:
711 2331 807 2372 quae
839 2317 963 2357 nobis
995 2331 1196 2372 magnam
1228 2331 1347 2372 spem
1377 2315 1613 2357 attulerunt
1642 2313 1792 2355 melio-

360 2392 455 2419 rum
486 2390 627 2417 rerum
658 2375 710 2416 de
740 2382 840 2416 octo
871 2373 1146 2416 cohortibus:
1179 2374 1358 2426 (etenim
1388 2373 1456 2414 hae
1487 2385 1672 2428 quoque,
1693 2386 1791 2426 quae

360 2435 406 2475 in
428 2434 494 2475 his
518 2433 622 2474 locis
645 2441 758 2483 sunt,
787 2431 930 2472 labare
952 2431 1151 2473 dicuntur
1167 2432 1197 2481 z)
1228 2431 1379 2471 eodem
1402 2431 1470 2471 die
1504 2428 1790 2471 Funisulanus

361 2506 388 2532 a
410 2501 450 2532 te
471 2490 616 2531 attulit
637 2489 813 2540 litteras,
844 2489 886 2529 in
921 2489 1076 2544 quibus
1098 2497 1189 2529 erat
1220 2488 1513 2530 confirmatius
1535 2485 1646 2527 idem
1671 2485 1790 2527 illud.

358 2547 401 2589 ei
423 2548 475 2590 de
497 2562 574 2588 suo
595 2547 773 2602 negotio
804 2545 1006 2602 respondi
1027 2545 1257 2598 cumulate,
1279 2560 1376 2587 cum
1403 2543 1519 2585 omni
1542 2551 1616 2584 tua
1636 2542 1790 2599 gratia.

405 2699 446 2730 99
469 2694 507 2725 de
509 2693 545 2734 f.
561 2694 682 2725 micitia
697 2692 918 2733 Brundisina]
936 2692 1057 2723 Adver-
1098 2696 1232 2733 propter
1260 2691 1293 2722 w)
1311 2691 1391 2733 jam
1416 2695 1450 2722 et
1475 2690 1600 2731 reliqua
1623 2689 1721 2723 verba
1743 2689 1791 2720 vi-v

363 2747 417 2768 sus
440 2737 646 2778 Pompeium.
667 2736 706 2766 de
723 2747 786 2776 qua
807 2745 905 2775 supra
927 2735 988 2772 IX,
1008 2739 1056 2767 18.
1096 2736 1231 2766 tiosum.

363 2780 408 2819 X,
425 2783 456 2811 3.
1144 2780 1154 2806 l
1179 2787 1279 2816 quam
1292 2777 1338 2807 ad
1349 2775 1435 2806 idem
1455 2773 1635 2813 videretur]
1660 2772 1792 2804 Excidit

410 2826 468 2853 100
489 2826 520 2852 ec
542 2822 648 2861 ipsum
673 2824 758 2850 certo
771 2818 865 2859 fore]
891 2819 1055 2849 Omissum
1099 2819 1168 2849 sine
1198 2819 1297 2849 dubio
1325 2818 1459 2849 verbum
1488 2816 1703 2848 cohortandus
1730 2820 1790 2846 aut

363 2870 415 2895 est
437 2865 482 2902 id,
499 2867 559 2896 aut
581 2864 615 2894 in
636 2867 667 2892 et
690 2866 878 2892 mutatum:
903 2866 975 2892 tum
999 2871 1056 2900 pro
1099 2860 1222 2892 simile:
1248 2871 1323 2894 nam
1347 2861 1416 2902 ejus
1441 2859 1564 2902 ellipsis
1587 2858 1682 2891 nimis
1709 2857 1790 2889 dura

351 2907 484 2948 fiebant
519 2905 692 2947 legendum
719 2904 826 2946 flant.
860 2913 939 2937 nam
976 2903 1058 2935 illud
1098 2903 1196 2936 foret.
