1940 3231
363 160 442 199 784
789 153 963 192 EPIST.
992 153 1070 192 AD
1097 152 1381 196 ATTICUM,

366 268 452 301 tem
473 262 595 314 oin-045,
618 272 704 313 quo
728 272 794 300 me
827 268 1003 299 vertam.
1037 261 1077 290 54
1093 258 1188 300 volo
1224 255 1460 300 Dolabellae
1485 257 1606 299 vaide
1627 258 1790 315 deside-

365 317 490 357 ranti.
512 329 596 356 non
620 316 798 370 reperio,
822 315 922 370 quid
942 333 950 356 :
982 325 1023 355 et
1047 316 1169 356 simul
1192 319 1339 369 αἰδέομαι
1359 320 1495 371 τρῶκςε
1529 317 1568 346 55
1583 330 1734 371 neque,
1755 319 1789 369 si

362 373 539 429 aliquid,
576 383 722 427 potero
752 376 882 424 μέμψιν
902 371 1105 427 effugere.
1129 373 1168 404 56
1181 384 1254 413 aut
1276 373 1525 413 cessandum
1550 373 1697 428 igitur,
1719 384 1794 416 aut

362 431 521 486 aliquid
546 429 899 484 excogitandum.
924 429 995 469 sed
1019 428 1120 483 quid
1145 429 1238 470 haec
1261 429 1369 470 levia
1393 433 1618 471 curamus?
1647 431 1795 472 Attica

361 503 471 538 mea,
495 488 673 528 obsecro
711 497 763 535 te,
800 485 903 539 quid
937 485 1055 540 agit?
1086 500 1182 539 quae
1219 500 1284 526 me
1307 486 1428 527 valde
1450 486 1585 542 angit.
1609 488 1680 528 sed
1703 502 1795 528 cre-

365 546 442 586 bro
466 553 638 600 regusto
664 553 756 582 tuas
779 542 965 583 litteras:
999 543 1041 582 in
1066 542 1130 582 his
1152 544 1393 598 acquiesco.
1423 553 1564 584 tamen
1585 555 1793 602 exspecto

366 616 516 642 novas.

307 684 356 720 14
794 670 1028 712 CICERO
1059 670 1286 712 ATTICO
1319 672 1364 713 S.

370 730 634 782 BRINNII
673 739 865 789 libertus,
897 739 1072 780 coheres
1105 748 1263 788 noster,
1287 739 1457 796 scripsit
1487 741 1538 782 ad
1568 757 1651 793 me,
1674 742 1795 792 velle,

365 800 398 839 si
424 799 527 839 milii
554 800 751 854 placeret,
774 797 1020 846 coheredes,
1054 810 1096 835 se
1129 807 1172 837 et
1195 796 1402 837 Sabinum
1437 797 1612 840 Albium
1645 801 1696 841 ad
1732 815 1798 842 me

366 857 523 896 venire.
549 857 588 896 id
619 869 701 910 ego
729 855 851 910 plane
875 853 988 894 uolo.
1014 854 1224 894 hereditas
1248 855 1355 894 tanti
1381 869 1464 894 non
1488 866 1566 896 est.
1589 867 1633 897 et.
1656 868 1798 899 tamen

363 914 483 954 obire
514 913 726 954 auctionis
764 913 874 952 diem
910 911 1033 951 facile
1068 922 1284 967 poterunt,
1307 917 1389 964 (est
1421 911 1536 952 enim
1566 913 1628 954 11¹1
1657 914 1743 965 Id.)
1765 916 1798 956 si

363 984 432 1011 me
456 972 497 1010 in
519 970 761 1011 Tusculano
787 969 993 1024 postridie
1018 968 1167 1009 Nonas
1189 983 1312 1008 mane
1332 970 1627 1012 convenerint.
1645 973 1798 1027 quodsi

362 1027 502 1068 laxius
538 1027 682 1068 volent
717 1025 903 1081 proferre
937 1026 1064 1076 diem,
1100 1036 1302 1080 poterunt
1328 1027 1388 1066 vel
1419 1027 1609 1078 biduum,
1637 1029 1699 1069 vel
1723 1029 1798 1070 tri-

362 1085 511 1135 duum,
536 1085 600 1125 vel
625 1094 671 1124 ut
693 1083 921 1124 videbitur.
945 1083 1049 1123 nibil
1082 1084 1196 1123 enim
1222 1083 1412 1124 interest.
1435 1098 1579 1139 quare,
1603 1085 1682 1125 nisi
1700 1085 1795 1140 jam

364 1142 546 1198 profecti
571 1152 682 1192 sunt,
709 1141 910 1182 retinebis
938 1140 1147 1181 homines.
1203 1139 1270 1181 De
1303 1140 1454 1191 Bruto,
1489 1142 1521 1182 si
1554 1143 1656 1196 quid
1690 1145 1796 1185 erit:

363 1200 416 1240 de
439 1200 626 1251 Caesare,
651 1200 684 1239 si
708 1199 808 1253 quid
833 1199 965 1248 scies;
999 1198 1032 1238 si
1055 1197 1156 1252 quid
1180 1198 1259 1238 erit
1285 1209 1503 1253 praeterea,
1527 1200 1700 1241 scribes.
1742 1199 1799 1241 Il-

364 1256 434 1297 lud
458 1258 586 1298 etiam
611 1267 738 1311 atque
761 1256 889 1296 etiam
914 1256 1155 1295 consideres
1178 1255 1319 1305 velim,
1344 1256 1565 1311 placeatne
1586 1257 1663 1297 tibi
1686 1257 1796 1298 mitti

363 1313 416 1354 ad
441 1314 675 1354 Varronem
700 1313 814 1368 quod
839 1312 1101 1366 scripsimus.
1124 1312 1202 1352 elsi
1224 1312 1353 1352 etiam
1380 1312 1430 1352 ad
1457 1323 1497 1352 te
1519 1313 1680 1368 aliquid
1707 1329 1798 1370 per·

363 1371 485 1412 tinet.
513 1386 608 1411 nam
632 1371 756 1419 scito,
780 1381 821 1410 te
840 1369 876 1409 ei
904 1369 1076 1424 dialogo
1100 1369 1354 1424 adjunctum
1378 1383 1468 1409 esse
1493 1371 1681 1411 tertium.
1705 1373 1799 1428 opi-

362 1442 440 1468 nor
473 1428 606 1484 igitur
627 1427 959 1469 consideremus.
984 1429 1021 1460 57
1036 1427 1114 1467 etsi
1142 1427 1315 1467 nomina
1338 1426 1431 1483 jam
1453 1425 1567 1468 facta
1588 1438 1701 1470 sunt.
1723 1429 1797 1471 sed

364 1485 431 1525 vel
453 1485 615 1536 induci,
640 1485 706 1526 vel
729 1484 883 1525 mutari
908 1493 1102 1539 possunt.

308 1571 356 1607 15
796 1573 1030 1616 CICERO
1062 1573 1287 1615 ATTICO
1321 1575 1365 1615 S.

370 1632 541 1694 QUID
565 1648 671 1703 agit,
705 1647 883 1688 obsecro
908 1657 963 1698 te,
995 1647 1143 1688 Attica
1168 1650 1338 1689 nostra?
1370 1662 1466 1688 nam
1493 1647 1635 1689 triduo
1658 1649 1733 1691 ab‘s
1758 1659 1798 1692 te

365 1706 502 1748 nullas
537 1720 810 1761 acceperam:
850 1719 927 1746 nec
962 1705 1141 1745 mirum:
1186 1719 1311 1745 nemo
1340 1705 1455 1744 enim
1491 1715 1687 1748 venerat:
1721 1722 1799 1750 uec

365 1764 546 1805 fortasse
568 1777 698 1803 causa
730 1762 883 1803 fuerat.
906 1762 1050 1816 itaque
1075 1763 1177 1817 ipse,
1201 1762 1315 1817 quod
1340 1762 1583 1813 scriberem,
1608 1778 1691 1804 non
1725 1764 1799 1813 ha-

365 1822 536 1862 bebam.
575 1835 660 1875 quo
697 1830 839 1860 autem
873 1819 942 1860 die
982 1820 1055 1859 has
1093 1819 1259 1859 Valerio
1293 1819 1464 1870 dabam,
1491 1822 1798 1875 exspectabam

321 1890 351 1920 b.
366 1879 549 1933 aliquem
589 1890 806 1918 meorum:
839 1877 911 1931 qui
951 1876 984 1916 si
1016 1876 1212 1925 venisset,
1246 1885 1289 1915 et
1319 1891 1343 1916 a
1380 1886 1419 1916 te
1446 1877 1550 1932 quid
1572 1877 1798 1930 attulisset,

365 1936 566 1977 videbam
586 1948 671 1975 non
695 1933 957 1983 defuturum,
981 1933 1095 1988 quod
1119 1933 1362 1974 scriberem.

306 2029 355 2070 16
796 2021 1031 2064 CICERO
1063 2021 1293 2063 ATTICO
1325 2022 1371 2063 S.

370 2079 522 2142 NOS,
552 2105 651 2132 cum
687 2090 866 2131 flumina
896 2099 938 2130 et
970 2089 1222 2130 solitudines
1263 2103 1548 2144 sequeremur,
1579 2105 1665 2146 quo
1695 2091 1801 2134 faci-

362 2148 444 2190 lius
476 2157 713 2188 sustentare
745 2163 820 2188 nos
853 2161 1088 2203 possemus,
1112 2147 1262 2203 pedem
1295 2161 1318 2187 e
1343 2146 1439 2187 villa
1471 2147 1611 2190 adhuc
1641 2151 1800 2206 egressi

362 2219 449 2246 non
491 2220 663 2255 sumus3
696 2206 755 2246 ita
792 2219 972 2260 magnos
1010 2213 1053 2244 et
1092 2204 1284 2245 assiduos
1323 2204 1479 2244 imbres
1519 2205 1796 2248 habebamus,

366 2262 488 2304 Illam
512 2260 714 2314 ἀκαδημικὲν
735 2264 883 2311 σύνταξιν
906 2270 1039 2301 totam
1065 2262 1115 2302 ad
1143 2261 1375 2302 Varronem
1410 2261 1690 2303 traduximus.
1714 2264 1800 2319 pri-

363 2334 437 2361 mo
462 2319 544 2360 fuit
562 2315 722 2368 Catuli,
745 2317 925 2369 Luculli,
947 2317 1187 2359 Hortensii.
1209 2318 1376 2370 deinde,
1396 2319 1497 2373 quia
1513 2325 1608 2374 wago}
1626 2325 1661 2360 τὸ
1679 2322 1797 2374 orgeto»

365 2377 607 2425 videbatur,
648 2374 764 2429 quod
805 2385 897 2416 erat
937 2375 1185 2416 hominibus
1227 2386 1345 2426 nota,
1386 2389 1470 2415 non
1515 2375 1584 2416 illa
1624 2376 1797 2430 quidem

361 2435 576 2481 ἇποιιόευσ-ιῖι,
599 2432 671 2473 sed
703 2431 746 2472 in
778 2432 829 2473 iis
859 2433 985 2474 rebus
1015 2435 1174 2488 ἁτςιψίω,
1198 2433 1324 2474 simul
1354 2447 1404 2473 ac
1428 2432 1524 2473 veni
1554 2432 1607 2473 ad
1638 2432 1796 2485 villam,

406 2567 447 2596 54
467 2567 536 2596 volo
551 2565 745 2606 Dolabelloe]
764 2565 901 2598 Librum
916 2566 1060 2606 aliquem
1147 2568 1188 2598 56
1209 2571 1269 2598 aut
1283 2567 1484 2602 cessandum,
1501 2571 1560 2596 aut
1575 2576 1606 2597 α.
1622 2566 1666 2606 e.]
1685 2566 1799 2599 Debeo

364 2607 550 2638 inscribere.
1104 2614 1163 2639 aut
1200 2610 1354 2640 omittere
1381 2609 1590 2648 scriptionem
1627 2609 1798 2648 librorum,

408 2652 447 2681 55
469 2659 582 2690 neque,
603 2650 631 2679 si
653 2649 792 2688 aliquid,
823 2651 879 2689 qni
894 2660 932 2690 p.
953 2662 990 2690 μ.
1014 2648 1058 2689 e.]
1105 2655 1162 2680 aut
1196 2661 1341 2690 quaerere
1383 2650 1513 2689 aliquod
1549 2658 1797 2690 argumentum,

363 2691 466 2722 Valde
489 2691 543 2722 hie
559 2692 686 2722 variant
709 2691 799 2722 libri:
823 2693 878 2731 qui
899 2699 949 2723 est
970 2704 990 2723 a
1004 2692 1061 2722 Vi·
1102 2692 1188 2732 quod
1203 2694 1272 2723 sine
1287 2693 1465 2723 offensione
1479 2693 1520 2723 ad
1535 2693 1643 2734 ipsum
1665 2694 1798 2726 mittere

363 2734 468 2764 ctorio
491 2739 524 2765 et
550 2735 660 2766 Bosio.
704 2734 767 2764 Sed
791 2733 823 2763 id
846 2744 946 2774 neque
968 2733 1061 2764 nullo
1104 2735 1235 2775 possim.

364 2777 461 2807 modo
491 2777 566 2807 fert.
592 2777 702 2815 itaque
731 2785 806 2806 cum
831 2777 866 2806 P.
896 2776 1062 2813 Manutio,
1147 2778 1186 2810 57
1209 2776 1268 2806 etsi
1282 2777 1414 2807 nomina
1419 2774 1499 2816 jam
1502 2775 1608 2816 sacta
1621 2777 1712 2818 sunt]
1738 2777 1799 2810 Fa-

363 2818 480 2848 Lamb.
497 2818 611 2850 delevi.
627 2827 694 2848 non
720 2827 860 2857 possem,
877 2818 994 2858 inquit.
1011 2829 1060 2848 re-
1102 2822 1173 2849 eete
1196 2829 1234 2849 ex
1259 2828 1293 2848 re
1317 2819 1517 2858 pecuniaria,
1535 2820 1568 2850 in
1584 2830 1648 2859 qua
1663 2820 1798 2851 nomina

363 2860 611 2899 prebensioner'n
626 2860 779 2900 effugere,
793 2861 818 2891 si
832 2860 955 2899 aliquid
969 2870 1058 2902 repe-
1100 2860 1171 2891 fieri
1189 2861 1357 2898 dicuntur,
1380 2870 1456 2891 cum
1474 2861 1636 2892 debitores
1651 2863 1797 2897 scribun-

364 2902 475 2940 rirem,
491 2903 577 2943 quod
591 2902 633 2934 ad
646 2902 754 2944 ipsum
767 2900 953 2934 scriberem.
1100 2903 1208 2934 turin
1221 2902 1354 2935 tabulis.
1369 2912 1398 2933 v.
1417 2903 1508 2935 Clav.
1524 2905 1559 2935 in
1574 2914 1699 2936 nomen.
