1940 3231
695 128 901 168 LIBER
941 128 1012 166 1x.
1505 137 1582 186 675

149 228 318 276 Clodia.
350 234 503 277 falsum
527 234 656 276 etiam
686 232 740 272 de
761 232 975 287 corruptis
1007 231 1204 274 navibus.
1266 233 1395 280 Quod
1427 251 1583 280 consu-

148 288 208 331 les
231 291 403 344 laudas3
441 307 523 348 ego
552 303 723 347 quoque
755 289 944 329 animum
980 288 1122 339 laudo,
1155 289 1226 330 sed
1260 292 1484 334 consilium
1518 311 1582 337 re-

147 348 381 403 prehendo.
412 353 453 380 44
467 351 656 404 dispersu
687 346 802 386 enim
838 346 1023 397 illorum,
1046 346 1160 387 actio
1193 347 1246 388 de
1279 362 1384 403 pace
1415 351 1582 392 sublata

147 417 237 457 est3
268 421 397 461 quam
419 407 590 460 quidem
613 418 694 459 ego
730 404 984 445 meditabar.
1018 404 1162 460 itaque
1185 415 1334 459 postea
1369 404 1581 448 Demetrii

143 460 304 503 librum
326 464 378 504 de
394 462 624 503 concordia
646 461 724 502 tibi
746 461 903 512 remisi,
923 471 966 501 et
986 460 1224 502 Philotimo
1245 462 1358 502 dedi.
1384 477 1462 504 nec
1483 479 1581 506 vero

145 518 313 570 dubito,
346 519 448 574 quin
485 519 717 559 exitiosum
755 518 912 559 bellum
946 519 1208 574 impendeat,
1246 520 1369 573 eujus
1407 520 1582 564 initium

144 575 324 618 ducetur
344 591 369 616 a
390 576 517 617 fame.
548 586 591 617 et
616 591 682 616 me
714 585 855 616 tamen
878 576 1003 616 doleo
1026 591 1112 617 non
1144 577 1346 617 interesse
1368 577 1470 619 huic
1494 579 1584 620 bel-

143 632 214 684 lo;
246 635 287 674 in
313 647 398 687 quo
431 642 549 673 tanta
582 634 643 674 vis
676 633 844 674 sceleris
880 633 1025 674 futura
1057 642 1136 684 est,
1163 644 1225 684 ut,
1249 649 1347 675 cum
1382 647 1580 690 parentes

139 704 226 730 non
260 690 371 730 alere
406 690 615 731 nefarium
649 691 718 741 sit,
741 691 875 730 nostri
915 691 1130 746 principes
1169 691 1513 746 antiquissimam
1537 705 1581 736 et

139 747 452 788 sanctissimam
492 757 725 803 parentem,
760 748 958 803 patriam,
989 747 1102 788 fame
1141 749 1376 790 necandam
1410 760 1579 806 putent.

139 812 269 859 atque
292 804 374 845 hoc
396 820 480 846 non
500 805 704 861 opinione
723 805 870 856 timeo,
888 805 960 846 sed
983 805 1157 846 interfui
1182 807 1463 848 sermonibus.
1487 823 1580 850 om-

137 860 204 901 nis
227 861 322 902 haee
345 861 488 903 elassis
506 862 781 913 Alexandria,
804 865 845 892 45
864 862 1054 912 Colchis,
1072 862 1202 918 Tyro,
1223 863 1398 914 Sidone,
1418 864 1579 917 Arado,

141 917 305 975 Cypro,
331 919 602 976 Pamphylia,
636 920 783 975 Lycia,
808 919 981 970 Rhodo,
1014 919 1142 970 Chio,
1169 921 1397 975 Byzantio,
1423 922 1579 974 Lesbo,

140 976 340 1032 Smyrna,
365 977 537 1028 Mileto,
561 978 670 1028 Coo,
690 977 742 1017 ad
766 976 1110 1018 intercludendos
1134 988 1399 1020 commeatus
1424 979 1579 1031 Italiae,

138 1042 182 1075 et
214 1035 268 1076 ad
303 1035 575 1090 occupandas
609 1034 909 1075 frumentarias
935 1035 1176 1089 provincias
1211 1046 1502 1091 comparatur.
1535 1048 1579 1079 at

134 1108 262 1150 quam
299 1093 442 1134 veniet
473 1093 629 1134 iratus!
663 1100 706 1131 et
738 1091 788 1131 iis
822 1091 996 1145 quidem
1031 1092 1235 1143 maxime,
1268 1093 1340 1147 qui
1372 1108 1464 1134 eam
1491 1110 1580 1136 ma-

137 1151 255 1192 xime
296 1150 451 1191 salvam
498 1149 712 1198 volebant,
755 1149 874 1203 quasi
919 1149 1089 1189 relictus
1128 1150 1181 1189 ab
1226 1150 1290 1200 iis,
1333 1166 1439 1205 quos
1484 1152 1579 1193 reli-

136 1209 244 1264 quit.
280 1209 425 1262 itaque
459 1206 564 1246 mihi
593 1205 827 1255 dubitanti,
859 1207 962 1261 quid
999 1221 1066 1246 me
1101 1205 1240 1247 facere
1274 1222 1348 1262 par
1381 1207 1449 1259 sit,
1486 1223 1578 1264 per—

133 1279 341 1321 magnum
373 1264 540 1320 pondus
564 1263 689 1304 affert
723 1263 1013 1303 benivolentia
1042 1278 1145 1319 erga
1167 1264 1312 1316 illum3
1345 1280 1430 1319 qua
1459 1266 1579 1307 dem-

135 1333 180 1364 ta
225 1323 360 1378 perire
401 1321 551 1361 melius
593 1330 704 1361 esset
748 1320 791 1360 in
837 1321 988 1376 patria,
1030 1336 1160 1376 quam
1206 1322 1248 1352 46
1263 1323 1444 1378 patriam
1490 1338 1576 1364 ser-

133 1380 275 1423 vando
308 1387 511 1420 evertere.
570 1380 610 1412 47
628 1377 696 1419 De
720 1377 1038 1433 Septentrione,
1062 1378 1187 1434 plane
1210 1378 1271 1419 ita
1303 1388 1381 1420 est.
1413 1391 1577 1432 metuo,

134 1451 189 1479 ne
211 1445 392 1478 vexetur
426 1435 597 1492 Epirus.
630 1435 702 1476 sed
739 1449 866 1490 quem
890 1445 934 1476 tu
958 1435 1101 1476 locum
1135 1436 1321 1477 Graeciae
1346 1438 1577 1479 non'dire-

131 1505 257 1551 ptum
281 1494 329 1535 iri
355 1503 478 1549 putas
497 1497 509 1535 ?
541 1493 751 1548 praedicat
773 1492 886 1533 enim
913 1492 1067 1548 palam,
1090 1502 1134 1534 et
1155 1493 1364 1534 militibus
1387 1496 1577 1537 ostendit

131 1555 174 1584 48
188 1567 232 1593 se
253 1552 481 1607 largitione
504 1550 596 1606 ipsa
618 1550 897 1606 superiorem,
919 1565 1047 1605 quam
1072 1550 1187 1592 hunc
1209 1550 1316 1592 fore.
1372 1551 1483 1594 Illud
1505 1568 1576 1595 me

133 1610 339 1667 praeclare
359 1608 579 1659 admones,
604 1622 703 1648 cum
727 1607 844 1648 illum
865 1607 1028 1659 videro,
1050 1622 1104 1649 ne
1125 1608 1253 1649 nimis
1286 1609 1575 1666 indulgenter,
1612 1627 1616 1632 ·

131 1678 175 1709 et
188 1677 236 1708 ut
249 1681 347 1708 cum
362 1665 575 1723 gravitate
590 1665 734 1721 potius
752 1664 916 1720 loquar.
940 1665 1065 1721 plane
1085 1666 1145 1706 sic
1159 1665 1421 1708 faciendum.
1443 1667 1574 1724 Arpi·
1588 1679 1619 1711 b.

130 1738 251 1776 num,
274 1738 370 1765 cum
395 1738 493 1764 eum
516 1736 772 1774 convenere,
794 1724 958 1778 cogito,
982 1737 1035 1763 ne
1054 1722 1179 1774 forte,
1202 1732 1277 1764 aut
1298 1724 1451 1776 absim,
1475 1741 1574 1767 cum

132 1782 294 1833 veniet,
315 1790 389 1822 aut
420 1795 586 1822 cursem
621 1780 707 1821 hnc
732 1780 831 1821 illuc
870 1781 938 1820 via
975 1780 1217 1821 deterrima.
1281 1780 1502 1834 Bibulum,
1527 1793 1576 1824 ut

132 1839 300 1889 scribis,
322 1838 450 1880 audio
482 1838 663 1890 venisse,
685 1846 730 1877 et
759 1837 916 1878 redisse
950 1838 1088 1893 pridie
1120 1837 1236 1878 Idus.
1271 1837 1574 1891 Philotimum,

131 1909 181 1938 ut
201 1897 262 1938 ais
283 1894 466 1952 epistola
483 1896 622 1947 tertia,
644 1895 943 1951 exspectabas.
963 1904 1007 1935 at
1022 1895 1090 1935 ille
1111 1895 1224 1936 Idib.
1239 1910 1263 1935 a
1279 1910 1349 1937 me
1370 1899 1411 1931 49
1428 1895 1574 1953 profe->

130 1963 225 1997 ctus
244 1963 322 1994 est.
354 1968 405 1994 eo
429 1955 560 1995 serius
585 1953 637 1993 ad
661 1962 779 1994 tuam
812 1951 927 1993 illam
950 1952 1192 2007 epistolam,
1216 1952 1286 1993 cui
1319 1967 1402 2009 ego
1425 1956 1570 1995 statim

129 2012 447 2067 rescripseram,
481 2010 658 2051 redditae
698 2018 797 2051 sunt
827 2024 934 2051 meae
973 2010 1142 2052 litterae.
1182 2009 1251 2051 De
1284 2009 1499 2063 Domitio,
1526 2023 1572 2053 ut

128 2068 294 2119 scribis,
319 2068 380 2108 ita
415 2069 569 2124 opinor
600 2082 704 2118 esse,
728 2077 776 2108 ut
808 2076 852 2108 et
886 2068 930 2108 in
966 2067 1139 2109 Cosano
1173 2068 1242 2118 sit,
1266 2077 1309 2108 et
1341 2069 1570 2110 consilium

125 2127 221 2182 ejus
239 2126 476 2182 ignoretur.
495 2128 535 2156 50
553 2125 641 2166 Iste
662 2125 856 2166 omnium
877 2125 1148 2181 turpissimus
1170 2134 1213 2166 et
1236 2124 1572 2177 sordidissimus,

169 2260 212 2289 44
241 2258 387 2298 dispersu
415 2257 562 2296 illorum]
600 2257 652 2287 Sic
677 2256 823 2296 plerique

126 2299 209 2331 Mss.
232 2301 277 2331 sic
292 2308 325 2331 et
345 2301 396 2332 ed.
412 2301 508 2331 Rom.
524 2300 718 2340 dispersione
731 2299 823 2329 Jens.

123 2343 199 2375 Asc.
217 2343 291 2375 Ald.
308 2344 398 2375 Crat.
422 2343 586 2374 Victorius
599 2341 681 2372 illud
696 2351 825 2371 revoca-

126 2387 185 2418 vit.
229 2387 293 2417 Sed
310 2387 343 2418 P.
362 2387 455 2417 Man.
471 2385 572 2415 edidit
586 2385 734 2414 discessu.
751 2388 825 2423 post

123 2438 202 2459 eum
214 2428 283 2466 alii,
292 2430 378 2468 quod
389 2428 528 2468 Malasp.
540 2427 696 2464 servavit;
711 2426 763 2456 cui
774 2435 823 2456 as-

124 2471 262 2502 sentior.
286 2481 363 2502 nam
379 2482 437 2502 sna
451 2476 580 2511 sponte,
593 2479 660 2499 non
675 2469 718 2504 vi,
735 2468 822 2498 abie-

127 2518 222 2544 rant:
249 2523 308 2544 nee
322 2514 477 2555 dispersio
493 2512 531 2542 de
547 2512 672 2542 duobus
687 2510 820 2541 dicitur.

167 2558 208 2586 45
236 2556 371 2595 Colchis]
399 2556 531 2586 Nomen
555 2554 668 2595 populi
691 2562 749 2593 pro
773 2562 823 2582 re-

125 2597 232 2637 gionis
257 2599 390 2629 nomine
418 2597 574 2629 Colchide.
606 2594 823 2634 intelligenda

125 2644 236 2671 autem
262 2644 312 2670 est
338 2642 426 2681 regio
453 2640 598 2670 Pontica.
620 2648 699 2669 nam
725 2638 823 2668 Pom-

124 2683 217 2722 peius
237 2682 342 2713 Ponto
361 2684 534 2723 imperasse
552 2690 661 2717 naves,
677 2683 820 2710 constat.

166 2725 209 2755 46
215 2726 366 2764 patriam
377 2726 534 2756 servando
544 2723 699 2762 evertere]
712 2723 820 2763 Quam

123 2767 264 2807 patriam
293 2773 451 2806 evertere,
481 2767 559 2797 dum
588 2776 661 2797 earn
691 2775 817 2796 servare

908 2257 949 2289 47
986 2254 1042 2285 De
1081 2254 1319 2294 Septentrione]
1367 2255 1569 2296 Regionibus

867 2297 1004 2328 Graeciae
1021 2307 1129 2328 versus
1146 2299 1421 2337 septentrionem,
1437 2299 1471 2328 in
1488 2309 1568 2338 quas

867 2339 926 2376 ire,
942 2345 977 2370 et
992 2340 1114 2370 bellum
1130 2346 1247 2371 eontra
1270 2340 1432 2371 Caesarem
1452 2351 1567 2381 parare

868 2382 940 2413 vult
954 2382 1139 2422 Pompeius·

908 2427 948 2456 48
969 2435 1002 2455 se
1025 2425 1201 2462 largitlune
1226 2425 1297 2464 ipsa
1321 2425 1393 2464 &e.]
1419 2425 1493 2465 Qua
1515 2427 1565 2457 uti

867 2475 934 2497 non
949 2473 1071 2507 potest,
1089 2467 1149 2496 nisi
1165 2467 1402 2506 direptionibus
1418 2470 1568 2508 pecuniae

865 2510 974 2549 copias
996 2509 1170 2550 paraverit.
1193 2519 1293 2549 quam
1318 2511 1404 2540 Imm·
1426 2516 1476 2541 est
1498 2512 1566 2542 for-

864 2557 950 2582 tasse
980 2562 999 2582 a
1027 2551 1225 2591 glossatore:
1261 2552 1358 2582 nimis
1380 2553 1469 2583 enirn
1493 2553 1563 2584 lan-

865 2599 956 2633 guet,
974 2604 1033 2624 nec
1047 2594 1092 2623 sic
1109 2593 1185 2624 alibi
1201 2594 1325 2624 Cicero.

906 2639 948 2670 49
963 2634 1130 2676 prefectus
1151 2636 1212 2675 est]
1237 2636 1364 2676 Opinor
1385 2641 1470 2673 erat,
1488 2648 1560 2678 pro-

864 2682 939 2718 pter
963 2679 1181 2719 exspectabas,
1204 2683 1238 2709 et
1262 2679 1394 2709 redditoe
1416 2685 1493 2710 sunt
1517 2689 1561 2710 sc.

864 2721 938 2751 tibi.

903 2766 944 2794 50
960 2762 1027 2794 Iste
1039 2764 1186 2794 omnium
1200 2763 1420 2804 turpissimus]
1438 2764 1562 2794 Putant

122 2809 222 2839 videri
237 2809 399 2847 volumus,
412 2811 446 2840 in
459 2809 534 2840 belii
551 2809 817 2839 communionem
860 2815 928 2836 esse
957 2805 1133 2846 Lepidum,
1157 2811 1233 2846 post
1256 2806 1482 2842 triumvirum,
1506 2807 1561 2845 qui

123 2851 295 2888 veniendo,
312 2858 346 2881 et
361 2858 476 2883 contra
490 2852 750 2883 dominationem
763 2850 818 2881 de·
860 2852 933 2878 tum
946 2853 1070 2888 praetor
1080 2848 1192 2886 fuerit,
1205 2853 1239 2880 et
1252 2848 1393 2880 voluerit
1403 2848 1565 2879 Consules

120 2893 283 2928 fendendo
299 2895 437 2935 patriam
444 2918 451 2926 .

861 2900 981 2921 creare-

774 2938 908 2974 xx2
