1940 3231
719 152 925 196 LIBER
962 152 1034 191 XI.
1518 161 1597 199 729

147 275 267 304 meus
298 260 578 313 necessarius,
601 263 635 292 5¹
653 274 805 315 operas
836 258 879 298 in
914 265 1041 313 portu
1072 262 1117 296 et
1139 255 1353 312 scriptura
1372 257 1490 301 Asiae
1516 275 1595 316 pro

145 321 355 376 magistro
387 320 519 361 dedit.
543 319 578 359 is
603 318 817 364 Quintum
840 315 976 356 filium
1005 313 1165 369 Ephesi
1190 314 1300 354 vidit
1323 329 1389 355 vl.
1415 315 1480 357 Id.
1506 318 1597 361 De-

146 379 286 418 cemb.
317 391 503 433 eumque
534 376 724 416 studiose
755 382 933 430 propter
960 371 1198 413 amicitiam
1222 379 1413 413 nostram
1438 373 1594 416 invita-

144 435 234 487 vit3
267 450 452 490 cumque
482 448 537 474 ex
568 447 619 472 eo
651 432 704 473 de
736 446 804 472 me
836 433 875 462 52
889 438 1180 480 cunctaretur,
1203 443 1303 470 eum
1335 429 1417 470 sibi
1448 431 1508 471 ita
1529 432 1596 473 di-

144 493 262 533 xisse
295 493 508 542 narrabat,
543 504 587 530 se
622 489 727 530 mihi
767 502 859 530 esse
892 487 1272 539 inimicissimum3
1306 486 1596 544 volumenque

146 550 230 591 sibi
261 548 499 591 ostendisse
529 547 753 598 orationis,
780 561 908 602 quam
943 545 1056 602 apud
1092 544 1312 586 Caesarem
1343 555 1496 586 contra
1524 561 1596 588 me

144 616 258 648 esset
287 607 538 647 habiturus:
573 605 708 646 multa
740 620 762 645 a
795 619 837 645 se
869 604 987 644 dicta
1017 611 1170 644 contra
1200 602 1294 658 ejus
1331 604 1593 646 amentiam:

144 664 280 705 multa
313 672 462 719 postea
488 663 630 704 Patris
653 661 866 704 consimili
900 661 1058 703 scelere
1090 674 1235 702 secum
1269 660 1486 708 Quintum
1520 677 1595 718 pa-

144 732 254 762 trem
284 720 504 763 locutum:
538 720 663 776 cujus
694 720 883 761 furorem
918 733 972 760 ex
1006 719 1058 759 iis
1090 717 1299 774 epistolis,
1328 733 1434 773 quas
1466 719 1518 760 ad
1553 729 1595 761 te

141 779 256 830 misi,
279 780 522 834 perspicere
556 778 751 834 potuisti.
778 778 874 818 liaec
898 777 976 818 tibi
1002 775 1139 817 dolori
1163 790 1256 816 esse
1278 779 1316 806 53
1332 786 1450 817 certo
1474 777 1593 820 scio:

140 851 211 877 me
232 836 408 891 quidem
431 837 700 887 excruciant,
723 844 766 876 et
788 850 839 875 eo
863 835 1016 890 magis,
1040 833 1157 889 quod
1182 833 1289 874 mihi
1313 848 1412 874 cum
1437 834 1518 876 illis
1541 849 1595 876 ne

142 893 349 948 querendi
374 894 548 949 quidem
571 894 714 935 locum
738 892 933 933 futurum
957 903 1078 947 puto.
1132 890 1202 932 De
1224 890 1444 932 Africanis
1467 893 1594 933 rebus

141 951 273 1007 longe
312 951 395 992 alia
429 951 571 1002 nobis,
594 967 643 993 ac
677 959 725 992 tu
757 950 1002 1006 scripseras,
1035 949 1305 990 nuntiantur.
1337 949 1446 990 nihil
1477 950 1596 992 enim

143 1009 308 1050 firmius
341 1024 432 1050 esse
463 1009 630 1061 dicunt,
653 1007 761 1049 nihil
794 1007 999 1064 paratius.
1032 1010 1073 1038 54
1087 1006 1255 1048 accedit
1288 1006 1520 1062 Hispania,
1551 1016 1596 1049 et

143 1066 331 1107 alienata
355 1067 506 1118 Italia3
537 1066 758 1123 legionum
782 1080 861 1107 nec
886 1065 947 1105 vis
976 1064 1141 1114 eadem,
1165 1078 1243 1104 nec
1267 1064 1493 1117 voluntas;
1526 1080 1596 1107 ur-

145 1125 271 1165 banae
295 1139 360 1166 res
384 1125 580 1181 perditae.
603 1124 708 1179 quid
739 1132 819 1174 est,
843 1122 916 1163 ubi
951 1122 1238 1176 acquiescam,
1261 1121 1343 1161 nisi
1368 1137 1497 1177 quam
1520 1123 1594 1165 diu

144 1191 240 1223 tuas
273 1182 435 1223 litteras
467 1182 593 1237 lego?
624 1196 722 1237 quae
755 1189 897 1222 essent
928 1179 1126 1235 profecto
1157 1179 1410 1230 crebriores,
1433 1180 1467 1220 si
1491 1181 1597 1236 quid

143 1239 340 1291 haberes,
363 1254 449 1295 quo
471 1249 644 1295 putares
670 1252 812 1279 meam
844 1237 1086 1278 molestiam
1110 1236 1247 1277 minui
1270 1251 1411 1292 posse.
1435 1238 1509 1279 sed
1533 1248 1597 1280 ta-

143 1311 242 1338 men
267 1305 308 1337 te
331 1311 455 1353 rogo,
481 1310 534 1337 ne
564 1296 826 1344 intermittas
858 1295 1045 1336 scribere
1072 1294 1125 1335 ad
1156 1308 1240 1345 me,
1263 1295 1476 1350 quidquid
1499 1296 1732 1348 erum-177.

143 1369 319 1410 eosque,
343 1355 418 1410 qui
440 1354 548 1395 mihi
572 1364 662 1395 tam
686 1353 916 1396 crudeliter
948 1352 1113 1401 inimici
1146 1362 1260 1402 sunt,
1285 1354 1319 1392 si
1344 1353 1485 1394 odisse
1508 1369 1596 1396 non
1608 1353 1639 1374 a.

142 1422 283 1468 potes,
306 1426 480 1454 accuses
513 1421 684 1465 tamen3
715 1426 802 1452 non
837 1420 884 1452 ut
913 1410 1075 1466 aliquid
1110 1409 1327 1466 proficiaS,
1350 1411 1422 1451 sed
1458 1420 1506 1452 ut
1527 1426 1597 1453 me

146 1471 228 1511 tibi
260 1484 409 1511 carum
441 1484 532 1511 esse
565 1471 767 1511 sentiant.
832 1468 962 1509 Plura
989 1468 1041 1509 ad
1067 1476 1108 1508 te
1131 1467 1333 1518 scribam,
1353 1468 1389 1509 si
1414 1468 1521 1509 mihi
1544 1470 1599 1512 ad

146 1542 217 1568 eas
249 1528 428 1577 litteras,
455 1542 561 1583 quas
595 1527 796 1584 proxime
828 1526 881 1567 ad
914 1535 955 1566 te
986 1525 1101 1577 dedi,
1133 1525 1415 1582 rescripseriS.
1477 1526 1601 1569 Vale.

148 1600 241 1627 ΧΠ.
267 1584 366 1627 Kal.
391 1585 517 1627 Febr.

583 1656 821 1701 CICERO
852 1655 1084 1699 ATTICO
1118 1655 1162 1698 S.
1616 1661 1663 1697 11

146 1715 523 1770 CONFECTUS
547 1727 643 1782 jam
675 1728 870 1769 cruciatu
905 1726 1197 1768 maximorum
1229 1725 1443 1779 dolorum,
1473 1741 1542 1779 ne,
1564 1727 1600 1768 si

145 1786 201 1831 sit
231 1786 423 1841 quidem,
445 1787 562 1841 quod
594 1785 648 1827 ad
682 1795 724 1827 te
755 1785 936 1826 debeam
969 1784 1172 1834 scribere,
1205 1783 1333 1825 facile
1363 1785 1408 1826 id
1440 1785 1601 1841 exequi

146 1845 335 1899 possim3
378 1844 462 1885 hoc
501 1844 661 1895 minus,
693 1843 811 1898 quod
849 1857 914 1884 res
955 1841 1072 1883 nulla
1111 1850 1191 1893 est,
1233 1857 1330 1897 quae
1373 1842 1603 1884 scribenda

146 1902 226 1953 sit3
259 1916 357 1943 cum
396 1903 638 1958 praesertim
669 1915 723 1942 ne
755 1915 851 1957 spes
882 1900 1058 1956 quidem
1091 1899 1176 1941 ulla
1206 1899 1474 1952 ostendatur,
1507 1900 1601 1941 fore

144 1959 313 2000 melius.
345 1959 406 2001 ita
437 1959 532 2014 jam
565 1974 618 2001 ne
651 1968 745 2000 tuas
776 1958 951 2014 quidem
983 1958 1148 1998 litteras
1179 1966 1415 2013 exspecto:
1448 1972 1602 2013 quam-

146 2031 276 2071 quam
309 2031 476 2073 semper
506 2017 670 2073 aliquid
702 2016 903 2067 afferunt,
935 2016 1051 2071 quod
1085 2015 1228 2056 velim.
1260 2030 1392 2070 quare
1425 2026 1471 2056 tu
1503 2015 1602 2071 qui-

145 2075 243 2116 clem
268 2075 464 2125 scribito,
487 2090 587 2116 cum
608 2076 704 2125 erit,
728 2075 797 2115 cui
821 2075 917 2115 des:
940 2088 1024 2130 ego
1047 2074 1132 2115 tuis
1157 2073 1383 2129 proximis,
1406 2088 1512 2129 quas
1537 2082 1601 2114 ta-

145 2145 245 2173 men
260 2132 355 2188 jam
380 2132 546 2188 pridem
570 2133 734 2189 accepi,
752 2132 860 2173 nihil
883 2132 1039 2183 habeo,
1054 2132 1170 2187 quod
1194 2131 1443 2172 rescribam.
1466 2130 1600 2188 longo

146 2189 263 2230 enim
287 2190 512 2231 intervallo
536 2190 661 2231 video
685 2191 916 2231 immutata
936 2204 1029 2230 esse
1051 2189 1224 2230 omnia:
1254 2188 1326 2229 illa
1346 2203 1438 2229 esse
1460 2188 1600 2240 firma,

146 2262 244 2302 quae
267 2248 470 2298 debeant,
492 2263 569 2289 nos
594 2247 792 2289 stultitiae
815 2257 974 2289 nostrae
1007 2247 1285 2302 gravissimas
1317 2261 1473 2302 poenas
1495 2261 1601 2302 pen-

145 2305 261 2347 dere.
323 2305 374 2347 P.
399 2305 602 2348 Sallustio
634 2306 825 2348 curanda
857 2315 958 2346 sunt
990 2304 1089 2346 H-S
1124 2319 1248 2356 XXX,
1272 2319 1371 2360 quae
1403 2304 1554 2361 accepi
1576 2319 1602 2345 a

169 2465 226 2496 ‘51
254 2465 514 2505 operas—dedit]
545 2465 617 2495 edd.
647 2474 697 2505 pr.
727 2464 853 2496 addunt
891 2468 1183 2504 percunctaretur.

150 2514 304 2546 magnas,
319 2507 407 2547 quod
424 2512 511 2540 recte
528 2508 675 2538 deletum
699 2508 786 2538 male
803 2518 853 2538 re·
940 2510 979 2537 53
1003 2512 1090 2537 certo
1105 2506 1182 2546 scio]
1210 2505 1284 2536 Hoc
1298 2514 1424 2535 verum.
1469 2505 1523 2536 Sic
1545 2504 1605 2537 ha-

149 2550 279 2580 vocavit
295 2551 457 2588 Graevius,
474 2557 594 2590 putans
619 2549 713 2580 illurn
729 2550 854 2580 Teren·
897 2550 977 2580 bent
1004 2549 1076 2579 Ald.
1094 2550 1186 2580 Crat.
1212 2549 1249 2579 P.
1266 2547 1400 2578 Manut.
1416 2548 1503 2579 Vict.
1527 2548 1601 2579 edd.

149 2592 237 2622 tium
262 2593 475 2633 publicanum
500 2593 612 2631 fuisse,
641 2597 675 2623 et
699 2592 763 2622 dici
785 2602 854 2622 ma-
897 2602 947 2632 pr.
963 2597 1060 2628 certe,
1076 2591 1164 2631 quod
1186 2590 1273 2621 male
1296 2594 1489 2622 revocatum
1511 2602 1531 2622 a
1553 2601 1603 2622 re-

152 2643 233 2673 gnas
249 2644 363 2675 operas
377 2635 513 2673 dedisse,
529 2636 605 2675 quia
626 2637 785 2675 majorem
802 2645 854 2665 ve·
875 2639 878 2642 ’
897 2635 1112 2665 centioribus.

151 2677 323 2715 ctigalium
341 2683 468 2717 partem
484 2679 689 2709 conduxerit.
704 2678 855 2718 pessime.
942 2679 982 2708 54
1012 2678 1137 2708 aceedit·
1166 2675 1351 2716 Hispania]
1385 2675 1464 2706 Non
1492 2678 1603 2715 potest

156 2718 281 2758 Operas
309 2720 391 2751 dant
418 2722 562 2751 ministri
588 2720 856 2762 publicanorum,
899 2729 968 2750 esse
990 2730 1098 2750 Sermo
1127 2719 1166 2750 de
1194 2718 1280 2748 bello
1307 2719 1455 2758 Pompeii
1480 2718 1541 2748 filii
1568 2717 1604 2748 in

151 2761 301 2800 inportu
323 2764 518 2802 portitores:
543 2769 577 2795 et
599 2765 635 2794 in
657 2773 772 2794 eorum
796 2773 858 2793 nu·
902 2762 1082 2803 Hispania:
1108 2762 1139 2793 id
1164 2767 1237 2792 tum
1263 2761 1410 2791 nondum
1434 2764 1602 2800 coeperat:

152 2813 245 2834 mero
261 2809 312 2835 est
327 2805 442 2843 etiam,
459 2806 692 2846 Promagz'stro
706 2808 761 2845 qui
777 2805 856 2836 dici·
901 2805 1136 2845 intelligendus
1151 2804 1194 2844 Ω..
1205 2805 1336 2835 Cassius
1350 2803 1535 2842 Longinus,
1549 2802 1606 2841 qui

150 2849 220 2877 tur.
251 2847 353 2877 Recte
370 2847 551 2879 Lambinus
567 2849 780 2890 improbavit,
795 2848 858 2878 etsi
903 2847 1068 2888 Hispanos
1105 2847 1319 2879 alienaverat.
1361 2845 1401 2877 de
1437 2855 1503 2886 quo
1537 2844 1605 2876 vid.

153 2889 188 2920 in
204 2891 284 2920 Mss.
301 2894 335 2920 et
350 2890 417 2930 ipse
432 2897 610 2930 repererat.
903 2890 1034 2922 Hirtius
1050 2890 1135 2923 Bell.
1148 2889 1246 2922 Alex.
1262 2899 1291 2920 c.
1307 2890 1360 2920 48.

199 2935 240 2966 52
267 2933 496 2974 cunctaretur]
532 2934 651 2974 Margo
681 2932 858 2965 Cratantlri
