1940 3231
726 137 932 179 LIBER
964 136 1014 177 V.
1516 141 1592 181 557

155 247 195 278 27
210 259 260 287 ac
290 244 411 288 binas
439 244 614 302 quidem
645 252 739 285 tuas
774 240 1012 283 Beneventi
1045 240 1209 296 accepi.
1231 253 1411 295 quarum
1441 241 1595 283 alteras

158 301 442 345 Funisulanus
472 301 608 344 multo
631 314 756 342 mane
785 298 892 340 mihi
914 297 1049 348 dedit,
1070 297 1223 339 alteras
1254 297 1395 337 scriba
1415 297 1596 340 Tullius.

158 359 418 402 Gratissima
437 369 502 401 est
524 357 628 399 mihi
652 367 726 399 tua
746 358 786 389 98
800 370 903 398 cura
920 355 973 397 de
1002 355 1076 396 illo
1100 368 1195 396 meo
1223 353 1363 410 primo
1385 362 1428 394 et
1458 357 1598 396 maxi-

156 429 230 457 mo
251 417 469 459 mandato.
501 415 573 456 sed
606 424 680 456 tua
701 413 914 470 profectio
942 427 1063 470 spem
1092 425 1233 453 meam
1255 410 1470 452 debilitat.
1500 413 1600 453 2930

158 487 228 514 me
262 474 354 516 ille:
387 473 487 515 illuc
509 472 683 527 quidem
715 472 847 523 labar,
871 485 956 512 non
987 485 1101 526 quo3
1133 468 1206 510 sed
1234 467 1383 524 inopia
1403 467 1601 523 cogimur

159 544 211 570 eo
244 530 435 572 contenti
468 543 574 570 esse.
636 529 706 571 De
739 528 811 570 illo
840 528 989 580 altero,
1011 541 1141 584 quem
1173 525 1326 568 scribis
1358 525 1438 566 tibi
1464 525 1603 566 visum

157 601 249 628 esse
280 601 364 628 non
395 586 597 638 alienum,
619 600 768 628 vereor
798 585 954 627 adduci
979 595 1028 626 ut
1057 592 1205 626 nostra
1226 583 1388 640 possit;
1418 584 1460 613 30
1476 591 1534 632 et,
1556 591 1605 623 ut

159 644 241 694 vis,
259 645 511 692 ὃνι-διοίγνως-ον.
533 653 645 685 esset
674 644 849 699 quidem
880 657 1046 684 summe
1076 641 1242 683 facilis:
1275 640 1346 681 sed
1371 648 1418 680 tu
1449 638 1606 689 aberis,

161 709 205 742 et
226 713 293 741 me
314 700 492 741 absente
518 715 598 742 res.
631 700 812 742 habebis
843 700 927 741 mei
959 700 1186 741 rationem.
1217 712 1318 738 nam
1352 704 1498 752 posset
1529 695 1608 736 ali-

165 757 284 812 quid,
307 756 341 797 si
367 759 527 799 utervis
561 757 755 800 nostrfim
789 757 971 809 adesset,
993 759 1031 787 31
1048 765 1204 813 agente
1238 755 1433 805 Servilia,
1457 753 1608 794 Servio

162 814 254 855 fieri
278 814 515 870 probabile.
538 830 668 867 nunc,
691 816 724 856 si
742 815 834 871 jam
859 829 924 856 res
947 813 1128 870 placeat,
1151 812 1308 869 agendi
1332 821 1476 852 tamen
1494 811 1610 852 viam

163 884 252 911 non
276 871 416 912 video.
478 872 608 915 Nunc
631 873 757 915 venio
780 873 834 914 ad
856 872 972 913 illam
994 870 1238 928 epistolam,
1259 883 1390 924 quam
1413 868 1561 923 accepi
1585 884 1611 909 a

163 926 322 969 Tullio.
384 928 452 970 De
476 929 703 982 Marcello,
725 929 867 971 fecisti
889 929 1133 985 diligenter.
1157 928 1292 984 igitur
1313 935 1485 967 senatus
1506 940 1611 966 con-

164 984 324 1026 sultum
347 985 382 1026 si
403 987 485 1028 erit
505 987 684 1038 factum,
707 987 865 1029 scribes
888 987 941 1028 ad
964 1000 1058 1028 me:
1087 985 1152 1026 sin
1175 984 1331 1035 minus,
1354 997 1442 1024 rem
1466 992 1612 1024 tamen

164 1042 384 1084 conficies.
408 1044 567 1086 32mihi
588 1045 704 1086 enim
733 1044 913 1085 attribui
936 1043 1170 1100 oportebit,
1194 1042 1298 1082 item
1334 1039 1505 1081 Bibulo.
1538 1039 1613 1081 sed

165 1114 254 1141 non
285 1100 454 1153 dubito,
476 1102 580 1157 quin
610 1100 1030 1143 senatusconsultum
1059 1099 1310 1155 expeditum
1347 1098 1417 1148 sit,
1452 1097 1492 1138 in
1525 1112 1613 1152 quo

168 1158 409 1213 praesertim
442 1159 498 1200 sit
527 1159 835 1215 compendium
870 1158 1036 1214 populi.
1098 1156 1166 1198 De
1196 1155 1434 1210 Torquato,
1463 1155 1613 1210 probe.

170 1213 240 1255 De
263 1213 463 1267 Masone,
487 1225 530 1257 et
556 1217 728 1272 Ligure,
750 1230 850 1258 cum
875 1215 1084 1257 venerint.
1146 1212 1214 1255 De
1235 1212 1324 1263 illo,
1343 1211 1459 1267 quod
1483 1210 1616 1252 Chae-

168 1271 344 1328 rippus:
375 1274 580 1328 quoniam
612 1274 684 1315 hic
705 1287 877 1329 quoque
906 1276 1090 1327 πςόσ-νευσιν
1122 1269 1357 1312 sustulisti:
1391 1284 1416 1310 0
1440 1268 1615 1325 provin-

170 1329 262 1371 cia!
294 1329 482 1372 etiamne
511 1330 584 1372 hic
606 1330 713 1372 mihi
743 1330 956 1372 curandus
978 1331 1070 1370 est?
1101 1328 1314 1370 curandus
1336 1327 1508 1367 autem?
1539 1325 1616 1366 ha-

171 1395 337 1437 ctenuS,
359 1389 398 1418 33
413 1402 466 1429 ne
488 1388 592 1443 quid
615 1388 669 1429 ad
690 1396 901 1438 senatum,
917 1385 1107 1437 consule,
1130 1394 1204 1427 aut
1226 1399 1417 1426 numera.
1441 1397 1541 1424 nam
1563 1383 1617 1425 de

170 1443 340 1484 ceteris.
383 1445 465 1487 Sed
489 1456 634 1487 tamen
654 1445 897 1496 commode,
919 1443 1036 1499 quod
1058 1457 1157 1484 cum
1181 1442 1347 1484 Scrofa.
1393 1440 1460 1482 De
1485 1439 1617 1481 Pom-

171 1500 281 1551 tino,
313 1513 429 1543 recte
461 1503 627 1544 scribis.
660 1512 725 1544 est
759 1502 875 1543 enim
908 1502 982 1553 ita,
1012 1510 1062 1542 ut
1094 1501 1128 1541 si
1162 1509 1262 1541 ante
1293 1498 1476 1540 Kalend.
1507 1497 1614 1540 Jun.

175 1556 396 1600 Brundisii
429 1558 598 1601 futurus
628 1559 698 1611 sit,
727 1560 870 1600 minus
902 1557 1084 1614 urgendi
1107 1557 1268 1599 fuerint
1290 1556 1358 1597 M.
1381 1555 1550 1597 Annius
1572 1564 1616 1596 et

171 1612 352 1656 Tullius.
413 1617 525 1663 Quae
558 1616 666 1658 34de
705 1616 870 1658 Sicinio
909 1615 1084 1667 audisti,
1118 1629 1170 1656 ea
1207 1613 1314 1655 mihi
1352 1615 1660 1670 probanturzb.

172 1672 304 1713 modo
325 1687 379 1714 ne
411 1673 483 1715 illa
512 1674 714 1730 exceptio
748 1674 793 1716 in
825 1674 1012 1730 aliquem
1039 1673 1230 1714 incurrat
1261 1672 1372 1712 bene
1403 1671 1456 1712 de
1491 1671 1618 1711 nobis

171 1729 390 1772 meritum.
413 1731 485 1773 sed
508 1731 890 1773 considerabimus.
915 1745 1004 1772 rem
1026 1730 1140 1772 enim
1166 1729 1318 1786 probo.
1380 1728 1449 1770 De
1472 1738 1619 1769 nostro

173 1785 342 1840 itinere,
363 1788 480 1844 quod
502 1798 717 1842 statuer03
748 1791 788 1820 35
799 1789 852 1830 de
882 1789 1074 1846 quinque
1104 1786 1337 1845 praefectiS‚
1359 1787 1464 1843 quid
1489 1785 1620 1826 Pom-

214 1901 255 1934 27
277 1910 318 1931 ac
343 1902 436 1933 binas
456 1903 585 1944 quidem
606 1902 696 1943 tuas]
726 1907 803 1934 tuas
819 1902 874 1934 hie

915 1907 962 1933 ese
982 1906 1022 1933 ut
1043 1902 1105 1939 ais,
1128 1900 1155 1932 Σ.
1179 1901 1348 1941 sequentia
1369 1910 1445 1931 vero
1469 1901 1518 1931 ita
1540 1904 1620 1931 sunt

175 1941 293 1982 friget:
318 1953 378 1975 nec
401 1945 436 1975 in
459 1947 625 1986 superiore
651 1945 792 1986 epistola
816 1946 873 1976 ad-

916 1950 1084 1985 corrupta,
1103 1949 1142 1974 ut
1155 1943 1338 1983 corrigendi
1360 1952 1432 1983 spes
1455 1943 1548 1975 nulla
1562 1944 1618 1974 sit.

174 1983 282 2015 ditum
297 1994 358 2017 est.
404 1987 490 2018 Puto
505 1989 597 2019 binas
611 1989 716 2019 alias.-
738 1988 814 2028 quia
827 1998 873 2019 se.

175 2027 332 2066 antejam
346 2028 439 2060 binas
453 2031 551 2061 simul
567 2035 747 2071 acceperat.

216 2072 257 2100 28
281 2079 365 2101 cura
386 2071 426 2101 cle
451 2073 507 2103 illo
534 2083 602 2103 meo
627 2074 874 2112 primo—man-

175 2110 266 2150 dato]
297 2112 416 2143 Putem
443 2124 512 2146 esse
537 2115 576 2146 de
602 2115 671 2145 filia
695 2125 754 2145 sua
776 2115 879 2146 collo-

177 2154 294 2184 canda.
319 2165 397 2186 nam
418 2160 453 2186 et
474 2157 514 2187 de
531 2167 570 2187 eo
590 2156 732 2197 intelligi
756 2162 878 2198 posset,

178 2195 218 2225 de
240 2206 304 2236 quo
320 2207 372 2238 ep.
393 2200 420 2228 l.
435 2199 511 2230 init.
535 2204 570 2230 et
591 2203 622 2230 2.
645 2199 701 2230 sed
723 2199 804 2231 illud
827 2211 878 2231 se-

177 2239 353 2276 quentibus
369 2241 488 2280 aptius,

221 2284 262 2315 29
276 2291 316 2311 ac·
329 2292 381 2312 me
395 2284 462 2320 ille,
477 2284 557 2314 illuc
577 2284 674 2314 labar
696 2284 771 2324 &c.]
799 2284 880 2314 Her-e

181 2322 298 2354 vitiosa
312 2334 392 2362 esse,
409 2335 477 2356 non
490 2331 540 2356 cst
563 2325 719 2364 dubium3
743 2333 778 2357 et
800 2332 880 2357 sunt

179 2368 293 2396 tamen
309 2373 343 2398 et
358 2367 429 2398 haee
443 2378 460 2398 e
475 2368 688 2399 correctione.
711 2369 767 2399 sed
789 2369 884 2400 nulla

179 2413 230 2439 est
252 2414 342 2440 certa
365 2410 536 2441 eorrectio.
582 2410 642 2441 Ed.
665 2411 757 2442 Jens.
783 2411 884 2442 habet

179 2452 285 2489 labat,
308 2453 394 2483 unde
417 2453 512 2483 labar
526 2453 663 2484 factum.
708 2454 768 2484 Ed.
782 2454 882 2485 Rom.

180 2500 337 2525 neutrum
354 2495 471 2525 habet:
488 2497 600 2526 omisit
612 2506 687 2525 cum
703 2496 775 2527 aliis
791 2497 882 2526 Grae-

180 2537 266 2568 vius.
309 2538 428 2567 Sensus
457 2539 587 2576 qul-dem
616 2538 670 2569 liic
697 2544 765 2569 est:
795 2548 882 2569 unus

182 2579 312 2618 quidem
329 2591 366 2610 ex
390 2580 440 2615 iis,
456 2581 510 2619 qui
527 2581 630 2611 filiam
654 2591 760 2611 meam
783 2590 882 2621 appe-

181 2622 238 2658 tit,
255 2632 321 2652 non
337 2623 415 2653 satis
429 2622 550 2662 placet,
573 2623 629 2653 sed
650 2633 715 2653 non
732 2628 783 2654 est
797 2623 885 2654 dele-

185 2668 258 2693 ctus
272 2665 379 2704 copia,
396 2672 430 2695 et
442 2670 575 2704 oportet
589 2675 657 2696 esse
681 2666 741 2699 hoc
756 2667 884 2697 Catone

185 2712 402 2737 contentum2
425 2707 510 2737 alter
525 2707 602 2737 filiae
617 2718 684 2738 non
699 2708 820 2749 placet.

229 2750 270 2778 30
284 2753 328 2786 et,
343 2753 381 2779 ut
393 2750 454 2786 vis,
469 2747 629 2790 δυσδιάγν]
656 2757 692 2781 uc
708 2752 755 2780 vis
768 2751 884 2781 Bosius

187 2788 288 2819 edidit
310 2801 328 2820 e
352 2791 414 2821 Ms.
437 2791 493 2822 alii
516 2800 551 2823 et
570 2793 641 2823 edd.
656 2798 738 2823 vett.
753 2797 784 2823 et
807 2793 885 2830 tuis,

187 2831 274 2869 quod
289 2832 436 2863 Graevius
459 2836 634 2865 revocavit.
658 2835 751 2865 nihili
775 2840 836 2866 est.
851 2839 889 2865 ut

187 2873 248 2907 vis,
266 2882 331 2903 non
347 2875 445 2905 male.
480 2877 669 2916 Suspicatus
683 2879 786 2908 etiam
801 2887 888 2915 sum,

188 2919 226 2945 uc
250 2916 310 2947 ais.
335 2915 588 2958 intelligendum
611 2923 666 2950 est.
695 2920 757 2951 nisi
781 2919 890 2957 malis,

916 1987 1027 2026 itaque
1051 1987 1090 2018 iis
1115 1997 1174 2018 nec
1197 1996 1264 2024 me,
1296 1995 1355 2016 nec
1384 1986 1523 2016 lectores
1547 1989 1619 2016 tor-

939 2030 1033 2060 uebo.

916 2039 937 2069 q
960 2075 998 2103 31
1025 2077 1143 2111 agente
1165 2071 1323 2110 Servilia]
1355 2069 1451 2101 Edidi
1478 2071 1622 2103 Servilia

920 2125 980 2155 pro
998 2113 1136 2145 Servilio
1160 2125 1200 2145 ex
1221 2114 1262 2145 L.
1277 2114 1338 2150 vl,
1357 2123 1408 2152 ep.
1431 2117 1456 2143 1.
1479 2113 1566 2153 quod
1587 2119 1623 2144 et

920 2157 1004 2187 vidit
1016 2156 1211 2188 Tunstallus
1226 2168 1257 2198 p.
1275 2159 1344 2190 187.
1355 2155 1409 2186 hic
1420 2165 1489 2187 esse
1501 2156 1623 2187 facien-

922 2199 1013 2230 dum.

965 2244 1006 2274 32
1042 2241 1123 2271 mihi
1159 2242 1246 2272 enim
1281 2240 1420 2272 attribui
1453 2239 1622 2281 oportebit]

922 2284 1068 2314 Verbum
1105 2285 1243 2315 attribui
1279 2294 1330 2324 ap.
1361 2283 1554 2314 Ciceronem
1584 2282 1624 2312 ‹le

923 2326 1111 2366 provinciis,
1148 2327 1299 2366 pecunia,
1335 2325 1518 2364 legionibus
1546 2325 1627 2356 dici-

923 2374 998 2400 tur:
1027 2368 1079 2399 hic
1094 2370 1213 2409 opinor
1228 2369 1267 2400 de
1289 2369 1440 2409 pecunia,
1457 2369 1534 2408 quia
1545 2368 1626 2399 sim-

925 2411 1057 2452 pliciter
1068 2411 1202 2442 dieitur.

966 2456 1006 2484 33
1021 2464 1062 2484 ne
1076 2455 1155 2493 quid
1168 2453 1215 2484 ad
1233 2458 1396 2489 senatum,
1411 2454 1552 2491 consule,
1567 2457 1628 2484 aut

923 2496 1080 2535 numera]
1106 2496 1157 2526 Ne
1172 2496 1250 2534 quid
1272 2496 1312 2526 ad
1334 2499 1486 2525 senatum
1503 2496 1626 2533 veniat,

925 2544 1060 2579 propter
1086 2538 1173 2577 quod
1195 2538 1394 2579 impediatur
1418 2548 1516 2569 causa
1541 2549 1625 2569 mea.

926 2582 1032 2611 Erant
1058 2586 1171 2611 autem
1197 2580 1256 2611 illa
1283 2580 1348 2610 duo
1375 2589 1496 2620 genera
1525 2582 1629 2622 impe-

927 2623 1049 2659 (fiendi,
1079 2633 1155 2653 curn
1191 2621 1390 2654 clamaretur
1419 2625 1546 2653 consule
1576 2623 1629 2654 vel

927 2675 1079 2697 vzwnera.

969 2711 1010 2739 34
1025 2709 1063 2738 de
1087 2707 1209 2738 Sicinio
1223 2706 1359 2746 audisti]
1384 2707 1407 2737 i.
1422 2716 1496 2746 quae
1518 2706 1545 2736 is
1567 2706 1629 2737 tibi

927 2751 1021 2782 dixit.

973 2796 1012 2823 35
1037 2793 1075 2823 de
1101 2794 1242 2832 quinque
1259 2789 1438 2833 praeseet'c-v]
1467 2800 1497 2820 v,
1522 2800 1573 2830 ep.
1599 2793 1631 2824 7.

931 2835 993 2867 Sed
1009 2836 1053 2865 ibi
1069 2840 1119 2865 est
1134 2836 1241 2874 quinis
1252 2848 1262 2864 .·
1284 2833 1371 2874 quod
1387 2833 1518 2865 Videtur
1530 2832 1631 2864 ethic

931 2877 1170 2921 reponendum.
