1940 3231
711 108 928 158 MBER
966 109 1013 149 v.
1519 115 1593 154 561

153 228 318 270 quaeso,
340 213 442 271 quid
471 228 587 271 agas,
617 213 691 255 ubi
722 227 894 268 quoque
925 221 1119 268 tempore
1153 211 1322 254 futurus
1356 213 1426 265 sis,
1448 216 1594 270 quales

153 286 221 313 res
254 282 421 314 nostras
453 272 606 313 Romae
637 269 878 324 reliqueris,
911 269 1153 311 ⁵6maxime
1189 270 1242 311 de
1280 284 1348 310 xx
1379 280 1422 311 et
1452 286 1593 326 Dece,

152 343 257 370 cura
286 338 334 371 ut
367 329 564 371 sciamus.
592 326 636 368 id
668 327 763 367 unis
798 327 1029 383 diligenter
1063 326 1215 368 litteris
1248 326 1374 378 datis,
1407 341 1502 382 quae
1537 332 1592 373 ad

152 399 222 427 me
252 387 402 442 utique
432 384 711 442 perferantur,
733 398 1010 440 consequere.
1072 383 1183 425 Illud
1207 393 1347 424 tamen
1366 386 1594 439 (quoniam

150 456 267 484 nune
288 445 404 494 abes,
422 456 519 483 cum
543 441 585 482 id
609 455 695 482 non
719 441 890 497 agitur:
922 441 1058 483 aderis
1085 450 1228 482 autem
1259 441 1313 482 ad
1336 439 1519 497 tempus,
1543 452 1591 484 ut

151 499 261 541 mihi
282 498 555 554 rescripsisti)
577 510 794 540 memento
816 513 964 541 curare
992 514 1068 555 per
1086 508 1142 550 te,
1163 508 1207 540 et
1235 512 1310 554 per
1330 513 1479 540 omnes
1511 514 1589 540 no-

145 565 275 607 stros,
297 557 340 597 in
362 556 510 612 primis
534 570 608 611 per
630 555 930 608 Hortensium,
954 565 1002 597 ut
1022 560 1061 591 57
1075 571 1211 598 annus
1244 564 1387 597 noster
1416 567 1588 598 maneat

149 624 228 654 nuo
249 621 377 665 statu,
400 627 453 654 ne
482 613 587 668 quid
616 613 719 655 novi
741 614 1008 656 decernatur.
1038 613 1122 655 hoc
1154 613 1234 654 tibi
1263 614 1325 655 ita
1344 614 1517 666 mando,
1540 625 1587 656 ut
1599 622 1631 660 b,

146 669 359 721 dubitem,
380 685 433 711 an
455 671 587 712 etiam
618 680 661 712 te
691 685 855 727 rogem,
877 680 926 712 ut
957 685 1137 727 pugneS,
1160 674 1199 702 58
1212 685 1267 712 ne
1297 671 1587 713 intercaletur.

143 727 221 768 sed
251 741 337 768 non
370 728 508 769 audeo
531 727 611 769 tibi
634 729 779 770 omnia
800 743 931 770 onera
952 729 1188 784 imponere.
1221 743 1380 770 annum
1411 729 1585 784 quidem

142 783 294 838 utique
318 792 479 826 teneto.
540 785 695 827 Cicero
717 801 851 836 meus,
883 785 1222 827 modestissimus
1246 793 1289 826 et
1310 787 1586 827 suavissimus

145 854 266 896 puer,
296 841 377 882 tibi
407 842 586 884 salutem
618 843 740 884 dicit.
802 843 1064 897 Dionysium
1096 857 1263 899 semper
1293 843 1506 899 equidem,
1538 852 1589 885 ut

141 896 243 950 scis,
264 897 412 952 dilexi,
436 900 508 941 sed
532 900 726 956 quotidie
761 900 892 956 pluris
925 901 1052 952 facio,
1074 909 1118 941 et
1149 900 1392 942 mehercule
1420 901 1464 942 in
1497 902 1584 958 pri-

139 954 240 1007 mis,
261 956 377 1012 quod
402 966 443 998 te
464 966 593 1009 amat,
615 972 695 1000 nec
718 958 781 998 tui
804 959 1067 999 mentionem
1089 958 1317 999 intermitti
1340 958 1457 999 sinit.

577 1040 812 1084 CICERO
843 1040 1071 1083 ATTICO
1102 1042 1148 1083 S.

146 1094 244 1148 UT
273 1108 466 1150 Athenas
497 1123 535 1151 a.
558 1110 600 1152 d.
628 1124 699 1151 v11
729 1109 825 1151 Kal.
850 1109 1004 1156 Quint.
1035 1114 1251 1162 veneram,
1273 1111 1582 1166 exspectabam

142 1163 206 1205 ibi
232 1165 325 1220 jam
349 1176 547 1222 quartum
570 1168 683 1208 diem
708 1166 985 1208 Pomtinum:
1017 1181 1156 1223 neque
1184 1168 1237 1208 de
1267 1167 1361 1223 ejus
1393 1168 1583 1209 adventu

141 1223 247 1263 certi
279 1224 510 1279 quicquam
541 1224 780 1266 habebam:
812 1238 928 1266 eram
963 1233 1107 1265 autem
1141 1233 1272 1275 totus,
1301 1224 1426 1266 crede
1459 1225 1583 1277 mihi,

143 1287 284 1321 tecum
302 1297 312 1322 :
344 1291 388 1322 et
409 1296 670 1337 quamquam
691 1284 731 1315 59
745 1281 836 1323 sine
860 1281 925 1322 his
948 1295 1023 1337 per
1044 1296 1113 1322 me
1135 1281 1240 1337 ipse,
1263 1290 1405 1322 tamen
1425 1283 1582 1333 acrius,

141 1338 336 1393 vestigiis
367 1339 452 1379 tuis
485 1339 689 1390 monitus.
711 1339 764 1380 de
785 1348 829 1380 te
858 1339 1121 1394 cogitabam.
1144 1339 1247 1394 quid
1278 1339 1461 1394 quaeris?
1493 1355 1581 1381 non

136 1394 382 1437 mehercule
415 1396 523 1437 alius
554 1396 661 1437 ullus
685 1411 838 1447 sermo,
861 1396 943 1437 nisi
966 1396 1019 1437 de
1042 1408 1097 1437 te.
1126 1397 1196 1438 sed
1222 1406 1266 1437 tu
1291 1395 1451 1450 aliquid
1474 1397 1514 1428 60
1528 1397 1581 1438 de

137 1465 210 1493 me
230 1453 338 1494 scire
359 1453 540 1494 fortasse
570 1453 720 1495 mavis.
752 1453 848 1495 haec
870 1466 982 1495 sunt.
1042 1453 1199 1495 Adhuc
1231 1462 1395 1494 sumtus
1426 1468 1505 1494 nec
1535 1455 1580 1496 in

135 1522 209 1550 me
240 1519 315 1550 aut
347 1510 533 1566 publice,
556 1520 630 1552 aut
664 1511 880 1566 privatim,
896 1525 982 1552 -nec
1005 1510 1047 1551 in
1069 1526 1329 1567 quemquam
1352 1511 1579 1553 comitum.

133 1565 246 1607 nihil
277 1567 490 1623 accipitur
520 1567 615 1624 lege
641 1567 776 1618 Julia‚
806 1568 916 1609 nihil
943 1568 998 1609 ab
1019 1567 1205 1624 hospite.
1242 1582 1490 1624 persuasum
1513 1580 1579 1611 est

133 1624 336 1667 omnibus
367 1625 490 1676 meis,
520 1625 791 1667 serviendum
827 1640 920 1667 esse
957 1625 1083 1666 fzimae
1117 1640 1240 1666 meae.
1275 1625 1382 1666 belle
1420 1626 1575 1666 adhuc.

136 1678 239 1723 Hoc
260 1682 620 1734 animadversum,
643 1682 899 1724 Graecorum
922 1682 1046 1724 laude
1066 1692 1110 1723 et
1131 1683 1268 1723 multo
1291 1696 1487 1724 sermone
1508 1699 1588 1735 ce-¹

131 1736 335 1780 lebratur.
397 1739 528 1786 Quod
550 1750 755 1796 superest,
774 1741 1016 1782 elaboratur
1040 1740 1083 1780 in
1106 1740 1187 1781 hoc
1209 1756 1234 1780 a
1257 1755 1339 1791 me,
1363 1739 1473 1782 sicut
1498 1741 1576 1785 tibi

133 1796 245 1837 sensi
269 1796 450 1852 placere.
483 1797 557 1838 sed
588 1797 682 1840 haec
705 1808 794 1838 tum
828 1797 1064 1849 laudemus,
1086 1812 1183 1838 cum
1207 1806 1332 1839 erunt
1366 1808 1575 1852 perorata.

132 1850 320 1910 Reliqua
340 1863 441 1895 sunt
461 1855 498 1911 ej
509 1855 689 1906 asmodi,
713 1865 760 1896 ut
782 1870 924 1896 meum
947 1854 1174 1896 consilium
1198 1869 1314 1911 saepe
1344 1855 1574 1910 reprehen-

129 1910 245 1963 dam,
267 1911 383 1967 quod
405 1927 492 1953 non
514 1911 658 1968 aliqua
679 1913 845 1954 ratione
870 1927 926 1953 ex
956 1912 1041 1954 hoc
1064 1913 1240 1968 negotio
1263 1913 1522 1953 emerserim.
1547 1929 1573 1952 o

131 1982 221 2009 rem
251 1968 430 2010 minime
459 1979 604 2026 aptam
637 1972 742 2011 meis
772 1970 989 2011 moribus!
1022 1985 1047 2010 o
1071 1970 1189 2011 illum
1213 1984 1374 2020 verum,
1396 1972 1476 2025 ἓξδοι
1495 1969 1567 2015 sk!

132 2024 279 2077 Dices,
300 2026 404 2081 quid
426 2027 594 2070 adhuc?
625 2029 817 2070 nondum
840 2027 883 2068 111
909 2028 1087 2083 negotio
1111 2027 1303 2068 versaris.
1326 2027 1496 2078 nesei03
1529 2035 1572 2070 et

123 2091 234 2139 ¹puto
254 2083 503 2126 molestiora
520 2094 703 2127 restare:
737 2085 817 2127 etsi
839 2085 934 2127 haec
956 2085 1049 2141 ipsa
1070 2084 1161 2126 fero
1179 2084 1380 2140 equidem
1400 2084 1437 2115 61
1453 2083 1572 2124 fron-

1597 1047 1649 1084 10

909 2239 950 2272 59
972 2238 1041 2267 sine
1055 2237 1116 2274 his,
1127 2246 1190 2277 per
1204 2247 1255 2267 me
1269 2238 1334 2276 ipse
1349 2235 1423 2275 ἃς]
1441 2237 1509 2267 sine
1522 2236 1571 2266 his

169 2233 210 2266 56
223 2236 369 2266 maxime
380 2235 419 2266 de
431 2243 480 2267 xx
500 2241 532 2267 et
553 2236 592 2267 de
606 2235 714 2276 Dccc]
731 2236 824 2267 Alte-

868 2279 931 2310 int.
946 2280 1099 2316 Athenis,
1114 2281 1258 2318 vestigiis
1271 2280 1336 2309 tuis
1353 2280 1504 2315 monitus,
1523 2278 1570 2308 10-

126 2286 201 2309 rum
225 2278 264 2308 de
291 2277 406 2315 delevi,
434 2279 521 2318 quod
548 2289 646 2319 supra
674 2289 741 2309 non
769 2279 825 2310 ad-

124 2319 234 2351 ditum
248 2324 310 2358 est,
334 2330 395 2352 nec
417 2321 452 2351 in
474 2322 619 2352 numeris
636 2322 756 2353 talibus
774 2323 825 2352 in-

124 2363 326 2402 terponitur,
348 2373 393 2395 sc.
409 2364 464 2404 qui
487 2365 583 2394 unius
605 2374 744 2395 sumuiae
766 2374 825 2394 no-

125 2413 203 2435 men
228 2406 430 2446 exprimunt.
474 2406 557 2436 Edd.
587 2417 635 2447 pr.
662 2406 756 2438 valde
788 2407 823 2437 in

125 2445 176 2477 his
192 2448 336 2478 numeris
352 2449 459 2479 vitiosi
475 2453 566 2486 sunt,
582 2448 668 2479 unde
689 2448 774 2479 illud
788 2449 827 2479 de

122 2494 241 2520 natum
255 2495 318 2528 est,
330 2494 491 2531 tanquam
502 2491 576 2522 duae
587 2492 722 2522 diversae
735 2501 826 2522 sum-

121 2539 186 2565 mae
200 2536 322 2564 essent.

166 2576 205 2608 57
228 2584 337 2605 annus
365 2580 500 2606 maneat
528 2585 584 2607 suo
605 2576 709 2616 statu]
743 2577 765 2607 i.
791 2586 820 2606 e.

121 2615 310 2648 conditione
332 2628 383 2655 ea,
407 2620 472 2657 qua
497 2618 618 2659 accepi,
643 2627 761 2660 nempe
784 2623 823 2649 ut

122 2665 209 2688 unus
225 2659 278 2689 sit.
293 2670 322 2689 v.
336 2660 377 2690 ad
392 2661 467 2691 Div.
481 2661 577 2697 VIII,
591 2664 625 2694 7.

165 2702 204 2731 58
218 2709 258 2731 ne
272 2702 500 2742 intercaletur]
526 2713 574 2734 sc.
591 2712 632 2733 ne
646 2712 734 2734 anno
750 2712 823 2733 meo

121 2749 167 2772 ex
203 2742 451 2775 intercalatione
479 2746 604 2785 aliquot
634 2744 700 2776 dies
734 2755 825 2775 acce-

867 2322 912 2352 cis
929 2323 966 2352 iis
981 2322 1015 2352 in
1031 2322 1123 2360 urbe,
1139 2322 1174 2353 in
1188 2322 1305 2362 quibus
1321 2326 1358 2352 tu
1375 2322 1493 2351 versari
1519 2330 1571 2351 so-

868 2363 948 2394 litus
964 2368 1048 2394 esses
1062 2365 1121 2394 ἃς.

910 2407 950 2437 60
964 2407 1003 2437 de
1017 2417 1068 2437 me
1088 2407 1154 2446 ipso
1169 2407 1250 2436 scire
1266 2405 1339 2444 δία]
1367 2405 1448 2435 Haec
1470 2404 1569 2435 lectio

867 2459 887 2479 a
909 2449 1056 2480 Jensono
1079 2454 1143 2479 est.
1189 2447 1251 2478 Ed.
1280 2447 1388 2483 Rom„
1410 2451 1448 2477 ut
1474 2446 1567 2477 codd.

869 2491 1014 2530 quidam,
1030 2491 1068 2521 de
1089 2492 1167 2531 ipso.
1213 2490 1332 2530 Scripsi
1349 2499 1424 2520 cuin
1439 2489 1568 2520 Graevio

865 2534 903 2563 (Ie
926 2543 990 2570 me,
1005 2533 1113 2563 deleto
1136 2533 1212 2572 ipso.
1236 2532 1416 2572 opponitur
1436 2532 1476 2562 de
1498 2541 1566 2561 me:

865 2576 975 2614 itaque
991 2577 1057 2614 ipso
1072 2575 1126 2605 hic
1140 2575 1250 2605 locum
1267 2583 1332 2604 non
1349 2573 1459 2605 habet.

908 2619 945 2648 61
958 2616 1089 2657 ‘si-onie,
1111 2622 1148 2647 ut
1167 2621 1260 2656 puto,
1277 2621 1308 2647 et
1331 2616 1411 2655 volo]
1443 2620 1474 2646 et
1498 2617 1568 2646 volo

865 2664 917 2690 est
938 2670 957 2690 a
979 2660 1090 2696 Bosio,
1112 2660 1165 2698 qui
1188 2661 1223 2689 in
1246 2659 1335 2689 libris
1355 2668 1416 2688 scr.
1436 2658 1568 2698 reperit.

868 2702 998 2732 restitui
1022 2707 1164 2732 veterem
1181 2706 1216 2731 et
1231 2710 1339 2731 veram
1355 2699 1429 2730 edd.
1452 2700 1566 2730 lectio-

868 2754 945 2774 nem
959 2749 989 2775 et
1005 2746 1108 2775 vultu.
1132 2744 1222 2774 frons
1236 2748 1270 2773 et
1286 2743 1396 2772 vultus
1418 2742 1463 2772 sic
1482 2750 1568 2781 saepe

121 2783 215 2814 dant.
238 2785 280 2815 cf.
303 2796 355 2826 ep.
383 2790 430 2817 13.
456 2797 531 2817 mox
556 2797 684 2819 aunum
711 2789 824 2827 utique
860 2787 1051 2826 junguntur
1083 2796 1135 2826 ap.
1162 2786 1367 2819 Ciceronem,
1392 2789 1443 2819 ut,
1464 2784 1566 2813 simu·

120 2829 225 2858 teneto
232 2837 246 2862 ‚-
269 2827 385 2858 saltem
404 2829 467 2859 hoc
481 2830 584 2869 effice,
598 2835 638 2862 ut
660 2839 744 2862 unus
766 2839 824 2861 an-
866 2830 945 2859 latio
955 2827 1125 2868 facillime
1145 2830 1325 2858 sustinetur
1332 2826 1451 2868 fronte
1471 2830 1568 2866 atque

117 2877 180 2900 nus
195 2869 371 2908 provinciae
385 2876 530 2902 maneat.

179 2923 289 2953 ¹601..
311 2925 388 2954 111.
411 2927 453 2955 P.
483 2926 536 2954 11.

865 2873 974 2909 vultu,
987 2871 1027 2903 ad
1039 2870 1115 2902 Div.
1134 2870 1160 2906 1,
1177 2874 1208 2903 9.

810 2926 889 2952 00
