1940 3231
609 178 801 218 EPIST.
830 176 908 216 AD
934 176 1208 217 BRUTUM.
1549 184 1626 224 977

179 286 338 342 quibus
373 284 612 329 victoribus
641 283 873 338 vestigium
906 282 1102 324 nostrum
1134 281 1298 324 nullum
1333 281 1625 340 relinquetur?

180 344 294 385 Nam
312 344 416 400 quid
439 345 617 384 interest
638 342 750 382 inter
765 340 1052 390 Dolabellam,
1065 348 1108 379 et
1121 340 1316 395 quemvis
1331 339 1623 383 Antoniorum

179 403 342 445 trium?
373 415 556 457 quorum
591 399 625 440 si
649 398 719 440 cui
754 400 985 454 parcimus,
1010 397 1104 438 duri
1128 397 1288 438 fuimus
1310 397 1354 437 in
1380 397 1622 440 Dolabella.

181 458 295 500 Haec
320 469 366 499 ut
388 460 449 500 ita
470 457 646 498 sentiret
679 465 850 496 senatus
886 454 1155 512 populusque
1191 454 1428 505 Romanus,
1451 456 1529 495 etsi
1557 470 1621 496 res

175 516 272 572 ipsa
292 517 492 572 cogebat,
515 524 660 554 tamen
682 512 875 553 maxima
896 527 950 553 ex
977 520 1096 568 parte
1116 521 1264 553 nostro
1287 511 1470 553 consilio
1492 522 1622 568 atque

177 574 436 614 auctoritate
472 570 711 628 perfectum
745 579 824 610 est.
883 569 948 610 Tu
980 569 1015 610 si
1044 569 1155 610 hanc
1178 569 1388 610 rationem
1411 583 1496 609 non
1522 584 1622 625 pro-

178 630 270 682 bas,
294 640 409 671 tuam
433 629 691 670 sententiam
713 626 958 678 defendam,
980 641 1068 667 non
1099 626 1335 681 relinquam
1359 641 1515 668 meam.
1545 641 1621 667 ne-

176 702 262 742 que
289 687 546 728 dissolutum
580 701 605 726 a
637 694 680 725 te
708 684 946 739 quidquam
971 683 1167 725 homines
1190 694 1460 739 exspectant,
1483 698 1622 739 neque

175 744 361 785 crudele.
416 743 563 798 Hujus
586 743 645 783 rei
677 742 916 783 moderatio
940 741 1078 782 facilis
1100 750 1179 792 est,
1203 750 1250 782 ut
1273 742 1318 782 in
1340 742 1469 782 duces
1491 742 1621 784 velle·—

174 816 296 842 mens
319 802 390 852 sis,
415 802 457 842 in
481 801 637 841 milites
661 799 864 841 liberalis.
926 798 1181 840 Ciceronem
1207 813 1365 849 meum,
1389 799 1446 840 mi
1472 799 1621 851 Brute,

172 858 300 900 velim
326 874 454 914 quam
480 857 710 914 plurimum
736 867 880 898 tecum
906 856 1078 898 habeas.
1138 855 1324 896 Virtutis
1347 856 1621 912 disciplinam

174 916 396 957 meliorem
427 915 611 971 reperiet
645 913 823 965 nullam,
867 929 995 969 quam
1035 913 1450 970 contemplationem
1491 923 1621 968 atque

172 973 462 1015 imitationem
485 973 563 1014 tui.
585 985 685 1013 X111
712 971 896 1013 Kalend.
923 971 1050 1013 Maii.

691 1061 1099 1099 ARGUMENTUM.
1631 1062 1657 1100 8

178 1127 310 1164 Gravis
328 1130 362 1162 et
378 1125 561 1163 vehemens
590 1127 770 1162 invectiva
800 1126 839 1161 z‘n
861 1125 1065 1168 Octavium,
1086 1126 1149 1173 qui
1175 1126 1293 1162 subito
1320 1129 1542 1162 commutata
1561 1137 1621 1161 vom

222 1180 364 1215 luntate
382 1181 616 1227 optimatium
649 1183 685 1215 et
710 1182 856 1215 senatus
883 1182 1007 1226 partes
1025 1177 1225 1226 reliquerat
1243 1182 1278 1215 et
1296 1190 1334 1215 se
1351 1179 1400 1215 acl
1417 1179 1621 1215 Antonium

223 1233 441 1269 contulerat.

589 1292 827 1335 CICERO
860 1291 1137 1334 OCTAVIO
1172 1293 1217 1334 S.

221 1367 324 1409 Haec
346 1365 515 1423 epistola
538 1381 618 1408 non
641 1374 697 1408 est
724 1365 956 1409 Ciceronis:
986 1366 1055 1408 sed
1075 1365 1359 1408 declamatoris
1379 1365 1566 1424 alicuju&
1627 1379 1663 1412 P·
1680 1371 1753 1406 329.

171 1424 234 1478 SI
259 1451 334 1493 per
356 1446 450 1478 tuas
473 1436 666 1493 legiones
690 1436 798 1477 mihi
820 1435 987 1477 licitum
1013 1436 1180 1489 fuisset,
1200 1452 1296 1492 quae
1319 1438 1483 1479 nomini
1507 1423 1661 1492 meo,a‘

166 1495 416 1550 populoque
452 1494 653 1535 Romano
690 1502 790 1534 sunt
816 1493 1144 1546 inimicissimae,
1169 1495 1314 1535 venire
1337 1495 1379 1536 in
1404 1506 1617 1550 senatum,

167 1566 401 1607 coramque
434 1553 487 1593 de
517 1551 743 1608 republica
776 1551 1015 1607 disputare,
1037 1550 1262 1594 fecissem:
1296 1567 1434 1608 neque
1457 1563 1543 1595 tam
1567 1555 1618 1597 li-

167 1609 334 1659 benter,
355 1624 484 1665 quam
510 1609 767 1650 necessario.
800 1608 917 1649 nulla
942 1610 1058 1650 enim
1082 1610 1284 1661 remedia,
1306 1612 1616 1666 quae‘vulneri-

165 1666 246 1708 bus
267 1667 544 1717 adhibentur,
570 1676 658 1708 tam
682 1665 849 1707 faciunt
873 1666 1083 1718 dolorem,
1106 1682 1235 1723 quam
1259 1683 1355 1723 quae
1380 1679 1480 1710 sunt
1502 1670 1615 1712 salu-

161 1725 286 1766 taria.
319 1725 392 1765 sed
414 1725 622 1779 quoniam
651 1724 906 1766 cohortibus
943 1724 1118 1765 armatis
1149 1726 1462 1782 circumseptus
1493 1742 1615 1769 sena-

162 1790 249 1832 tus,
271 1782 380 1822 nihil
403 1782 519 1823 aliud
543 1796 640 1822 vere
663 1791 807 1838 potest
828 1781 1072 1832 decernere,
1091 1783 1173 1824 nisi
1197 1783 1372 1826 timere:
1396 1784 1460 1838 (in
1481 1784 1614 1842 Capi-

165 1839 273 1880 tolio
307 1841 432 1895 signa
453 1849 566 1890 sunt,
589 1840 631 1880 in
656 1840 762 1880 urbe
785 1838 941 1880 milites
965 1849 1191 1896 vagantur,
1214 1840 1257 1882 in
1283 1841 1452 1898 Campo
1473 1854 1614 1885 castra

164 1907 403 1952 ponuntur,
437 1906 478 1938 et
511 1896 638 1938 Italia
671 1907 778 1947 tota,
810 1896 1055 1952 legionibus
1079 1898 1131 1939 ad
1154 1898 1397 1940 libertatem
1421 1909 1613 1943 nostram

164 1955 438 2010 conscriptis,
460 1954 513 1995 ad
541 1954 794 1996 servitutem
817 1955 1030 2006 adductis,
1054 1955 1337 2012 equitatuque
1364 1967 1611 2001 exterarum

163 2013 406 2063 nationum,
437 2013 715 2063 distinetu1·:)
746 2012 897 2054 cedam
921 2013 1000 2054 tibi
1024 2013 1067 2053 in
1091 2015 1322 2071 praesentia
1344 2013 1454 2067 foro,
1476 2017 1610 2068 curia,

163 2078 208 2110 et
243 2070 524 2111 sanctissimis
561 2070 740 2112 deorum
771 2071 1082 2112 immortalium
1121 2072 1318 2128 templis:
1359 2073 1404 2113 in
1436 2074 1609 2129 quibus,

163 2127 449 2168 reviviscente
475 2128 570 2184 jam
606 2128 820 2180 libertate,
842 2128 998 2170 deinde
1027 2144 1172 2170 rursus
1194 2144 1413 2186 oppressa,
1437 2141 1610 2172 senatus

161 2184 270 2225 nihil
294 2185 548 2237 consulitur,
571 2186 696 2227 timet
730 2185 880 2238 multa,
913 2187 1144 2229 assentitur
1166 2188 1326 2229 omnia.
1358 2198 1456 2244 post
1477 2190 1609 2230 etiam

161 2242 322 2298 paullo,
363 2245 630 2299 temporibus
669 2246 728 2286 ita
764 2244 1100 2301 postulantibus,
1134 2245 1284 2286 cedam
1315 2247 1445 2289 urbe:
1477 2261 1606 2302 quam

159 2313 239 2356 per
261 2315 329 2341 me
349 2310 663 2352 conservatam,
688 2311 734 2343 ut
755 2312 867 2343 esset
889 2302 1038 2354 libera,
1061 2303 1105 2344 in
1129 2303 1334 2344 servitute
1355 2304 1497 2345 videre
1519 2319 1607 2345 non

159 2368 329 2413 potero.
362 2359 512 2400 cedam
543 2359 646 2410 vita,
669 2374 766 2416 quae
789 2375 1050 2415 quamquam
1082 2361 1266 2402 sollicita
1286 2371 1365 2412 est,
1388 2371 1546 2413 tamen,
1573 2361 1606 2403 si

157 2415 389 2472 profutura
411 2426 476 2457 est
499 2416 765 2473 reipublicae,
788 2418 903 2458 bona
933 2433 1008 2474 spe
1031 2419 1297 2474 posteritatis
1321 2433 1389 2460 me
1411 2420 1607 2463 consola-

159 2481 254 2514 tur:
288 2488 373 2528 qua
396 2474 578 2526 sublata,
601 2490 687 2516 non
707 2475 957 2516 dubitanter
978 2476 1189 2528 occidam,
1212 2487 1342 2531 atque
1361 2478 1420 2518 ita
1438 2479 1604 2533 cedam,

160 2538 209 2571 ut
230 2529 590 2586 fortunajudicio
613 2547 726 2584 meo,
747 2547 833 2573 non
866 2533 1033 2574 animus
1056 2533 1162 2574 mihi
1183 2532 1370 2575 defuisse
1392 2536 1600 2580 videatur.
1615 2552 1644 2588 b„

161 2584 275 2629 Illud
303 2603 418 2638 vero,
441 2589 556 2644 quod
587 2598 630 2631 et
663 2591 889 2646 praesentis
911 2590 1069 2631 doloris
1091 2601 1155 2632 est
1179 2592 1401 2644 indicium,
1424 2605 1468 2635 et
1492 2609 1601 2650 prae-

158 2645 299 2686 teritae
335 2647 505 2702 injuriae
540 2647 852 2699 testimonium,
875 2657 918 2689 et
945 2648 1186 2689 absentium
1213 2663 1358 2690 sensus
1381 2651 1602 2707 significa-

159 2702 236 2753 tio,
262 2717 344 2744 non
371 2705 715 2760 praetermittam,
737 2706 857 2761 quin,
879 2706 1084 2761 quoniam
1105 2721 1249 2748 coram
1274 2707 1314 2748 id
1340 2707 1479 2749 facere
1502 2724 1600 2764 pro·

161 2758 330 2811 hibeor,
353 2763 506 2815 abs-ens
533 2764 717 2819 prosim:
742 2763 954 2819 siquidem
977 2778 1072 2805 mea
1094 2764 1204 2805 salus
1228 2776 1300 2805 aut
1320 2765 1435 2806 utilis
1457 2768 1601 2823 reipu-

160 2816 287 2858 blicae
320 2829 399 2870 est,
430 2828 505 2860 aut
534 2822 769 2877 conjuncta
800 2831 916 2863 certe
948 2822 1132 2879 publicae
1165 2822 1307 2863 saluti.
1367 2821 1498 2875 Nam,
1528 2839 1604 2880 per

159 2873 289 2915 defun
327 2876 634 2920 immortalium
672 2879 815 2931 fidem,
849 2879 951 2932 (nisi
987 2879 1098 2920 forte
1133 2880 1290 2921 frustra
1321 2894 1394 2921 eos
1417 2882 1602 2937 appello,

159 2945 343 2987 quorum
367 2949 488 2976 aures
510 2945 640 2991 atque
662 2937 830 2980 animus
853 2952 879 2977 a
899 2938 1025 2983 nobis
1047 2936 1317 2989 abhorrent)
1335 2953 1497 2995 perque
1514 2939 1603 2981 for-

219 3002 329 3034 τοῑ..
353 3004 432 3034 111.
467 3006 508 3034 P.
534 3007 591 3035 11.
838 2999 865 3037 3
890 3006 918 3034 R
