<?xml version="1.0" encoding="UTF-8"?>
<!DOCTYPE html PUBLIC "-//W3C//DTD XHTML 1.0 Transitional//EN"
    "http://www.w3.org/TR/xhtml1/DTD/xhtml1-transitional.dtd">
<html xmlns="http://www.w3.org/1999/xhtml" xml:lang="en" lang="en">
 <head>
  <title>
</title>
<meta http-equiv="Content-Type" content="text/html;charset=utf-8" />
  <meta name='ocr-system' content='tesseract 3.04.00' />
  <meta name='ocr-capabilities' content='ocr_page ocr_carea ocr_par ocr_line ocrx_word'/>
</head>
<body>
  <div class='ocr_page' id='page_1' title='image "./p2operaomnia03ciceuoft_0098.png"; bbox 0 0 1940 3231; ppageno 0'>
   <div class='ocr_carea' id='block_1_1' title="bbox 312 151 1334 197">
    <p class='ocr_par' dir='ltr' id='par_1_1' title="bbox 312 151 1334 197">
     <span class='ocr_line' id='line_1_1' title="bbox 312 151 1334 197; baseline 0.001 -7"><span class='ocrx_word' id='word_1_1' title='bbox 312 156 388 190; x_wconf 69' lang='lat'>522</span> <span class='ocrx_word' id='word_1_2' title='bbox 725 151 908 191; x_wconf 79' lang='lat' dir='ltr'>EPIST.</span> <span class='ocrx_word' id='word_1_3' title='bbox 941 152 1019 191; x_wconf 87' lang='lat' dir='ltr'>AD</span> <span class='ocrx_word' id='word_1_4' title='bbox 1046 151 1334 197; x_wconf 86' lang='lat' dir='ltr'><strong>ATTICUM,</strong></span> 
     </span>
    </p>
   </div>
   <div class='ocr_carea' id='block_1_2' title="bbox 269 256 1753 944">
    <p class='ocr_par' dir='ltr' id='par_1_2' title="bbox 269 256 1753 944">
     <span class='ocr_line' id='line_1_2' title="bbox 310 256 1750 314; baseline 0.002 -16"><span class='ocrx_word' id='word_1_5' title='bbox 310 256 454 308; x_wconf 60' lang='lat' dir='ltr'>ritate,</span> <span class='ocrx_word' id='word_1_6' title='bbox 492 256 768 299; x_wconf 78' lang='lat' dir='ltr'>multitudine</span> <span class='ocrx_word' id='word_1_7' title='bbox 805 268 1069 314; x_wconf 80' lang='lat' dir='ltr'>comparata,</span> <span class='ocrx_word' id='word_1_8' title='bbox 1109 272 1194 299; x_wconf 88' lang='lat' dir='ltr'>rem</span> <span class='ocrx_word' id='word_1_9' title='bbox 1233 257 1406 308; x_wconf 87' lang='lat' dir='ltr'>confici,</span> <span class='ocrx_word' id='word_1_10' title='bbox 1445 256 1518 298; x_wconf 86' lang='lat' dir='ltr'>des</span> <span class='ocrx_word' id='word_1_11' title='bbox 1560 271 1750 314; x_wconf 84' lang='lat' dir='ltr'>operam,</span> 
     </span>
     <span class='ocr_line' id='line_1_3' title="bbox 311 313 1751 371; baseline 0.002 -17.01"><span class='ocrx_word' id='word_1_12' title='bbox 311 313 354 346; x_wconf 77' lang='lat'>.6</span> <span class='ocrx_word' id='word_1_13' title='bbox 368 323 416 355; x_wconf 84' lang='lat' dir='ltr'>ut</span> <span class='ocrx_word' id='word_1_14' title='bbox 437 329 524 355; x_wconf 82' lang='lat' dir='ltr'>uno</span> <span class='ocrx_word' id='word_1_15' title='bbox 547 315 710 371; x_wconf 86' lang='lat' dir='ltr'>impetu</span> <span class='ocrx_word' id='word_1_16' title='bbox 735 315 1052 371; x_wconf 70' lang='lat' dir='ltr'>perfringatur</span> <span class='ocrx_word' id='word_1_17' title='bbox 1085 315 1127 355; x_wconf 92' lang='lat' dir='ltr'>in</span> <span class='ocrx_word' id='word_1_18' title='bbox 1148 330 1240 357; x_wconf 85' lang='lat' dir='ltr'>earn</span> <span class='ocrx_word' id='word_1_19' title='bbox 1265 330 1352 356; x_wconf 84' lang='lat' dir='ltr'>rem</span> <span class='ocrx_word' id='word_1_20' title='bbox 1376 315 1616 366; x_wconf 84' lang='lat' dir='ltr'>incumbas,</span> <span class='ocrx_word' id='word_1_21' title='bbox 1637 325 1751 357; x_wconf 85' lang='lat' dir='ltr'>cete-</span> 
     </span>
     <span class='ocr_line' id='line_1_4' title="bbox 312 372 1750 428; baseline 0.002 -17"><span class='ocrx_word' id='word_1_22' title='bbox 312 384 468 426; x_wconf 81' lang='lat' dir='ltr'>rosque</span> <span class='ocrx_word' id='word_1_23' title='bbox 497 373 678 414; x_wconf 83' lang='lat' dir='ltr'><strong>excites.</strong></span> <span class='ocrx_word' id='word_1_24' title='bbox 710 373 791 423; x_wconf 90' lang='lat' dir='ltr'>sin,</span> <span class='ocrx_word' id='word_1_25' title='bbox 813 383 860 414; x_wconf 87' lang='lat' dir='ltr'>ut</span> <span class='ocrx_word' id='word_1_26' title='bbox 891 387 973 428; x_wconf 85' lang='lat' dir='ltr'>ego</span> <span class='ocrx_word' id='word_1_27' title='bbox 1006 372 1219 428; x_wconf 85' lang='lat' dir='ltr'>perspicio</span> <span class='ocrx_word' id='word_1_28' title='bbox 1250 387 1347 415; x_wconf 89' lang='lat' dir='ltr'>cum</span> <span class='ocrx_word' id='word_1_29' title='bbox 1382 382 1455 413; x_wconf 86' lang='lat' dir='ltr'>tua</span> <span class='ocrx_word' id='word_1_30' title='bbox 1484 372 1750 428; x_wconf 83' lang='lat' dir='ltr'>conjectura,</span> 
     </span>
     <span class='ocr_line' id='line_1_5' title="bbox 313 428 1751 486; baseline 0.001 -18"><span class='ocrx_word' id='word_1_31' title='bbox 313 437 404 469; x_wconf 87' lang='lat' dir='ltr'>tum</span> <span class='ocrx_word' id='word_1_32' title='bbox 428 428 557 470; x_wconf 83' lang='lat' dir='ltr'>etiam</span> <span class='ocrx_word' id='word_1_33' title='bbox 581 443 691 481; x_wconf 87' lang='lat' dir='ltr'>mea,</span> <span class='ocrx_word' id='word_1_34' title='bbox 714 430 803 486; x_wconf 89' lang='lat' dir='ltr'>spei</span> <span class='ocrx_word' id='word_1_35' title='bbox 826 429 934 470; x_wconf 86' lang='lat' dir='ltr'>nihil</span> <span class='ocrx_word' id='word_1_36' title='bbox 955 439 1045 480; x_wconf 79' lang='lat' dir='ltr'>est3</span> <span class='ocrx_word' id='word_1_37' title='bbox 1076 444 1152 470; x_wconf 89' lang='lat' dir='ltr'>oro</span> <span class='ocrx_word' id='word_1_38' title='bbox 1171 430 1450 486; x_wconf 84' lang='lat' dir='ltr'>obtestorque</span> <span class='ocrx_word' id='word_1_39' title='bbox 1470 441 1525 480; x_wconf 78' lang='lat' dir='ltr'>te,</span> <span class='ocrx_word' id='word_1_40' title='bbox 1545 440 1592 471; x_wconf 91' lang='lat' dir='ltr'>ut</span> <span class='ocrx_word' id='word_1_41' title='bbox 1611 430 1751 477; x_wconf 85' lang='lat' dir='ltr'>Quin-</span> 
     </span>
     <span class='ocr_line' id='line_1_6' title="bbox 312 486 1752 550; baseline 0.001 -24"><span class='ocrx_word' id='word_1_42' title='bbox 312 494 405 527; x_wconf 85' lang='lat' dir='ltr'>tum</span> <span class='ocrx_word' id='word_1_43' title='bbox 429 486 603 528; x_wconf 77' lang='lat' dir='ltr'>fratrem</span> <span class='ocrx_word' id='word_1_44' title='bbox 626 501 757 538; x_wconf 81' lang='lat' dir='ltr'>ames,</span> <span class='ocrx_word' id='word_1_45' title='bbox 778 501 906 550; x_wconf 76' lang='lat' dir='ltr'>quem</span> <span class='ocrx_word' id='word_1_46' title='bbox 929 501 1011 543; x_wconf 86' lang='lat' dir='ltr'>ego</span> <span class='ocrx_word' id='word_1_47' title='bbox 1033 486 1235 528; x_wconf 83' lang='lat' dir='ltr'>miserum</span> <span class='ocrx_word' id='word_1_48' title='bbox 1254 488 1407 528; x_wconf 83' lang='lat' dir='ltr'><strong>misere</strong></span> <span class='ocrx_word' id='word_1_49' title='bbox 1430 486 1621 543; x_wconf 84' lang='lat' dir='ltr'>perdidi3</span> <span class='ocrx_word' id='word_1_50' title='bbox 1643 500 1752 528; x_wconf 87' lang='lat' dir='ltr'>neve</span> 
     </span>
     <span class='ocr_line' id='line_1_7' title="bbox 312 520 1753 600; baseline 0.001 -17"><span class='ocrx_word' id='word_1_51' title='bbox 312 542 415 597; x_wconf 88' lang='lat' dir='ltr'>quid</span> <span class='ocrx_word' id='word_1_52' title='bbox 448 558 545 585; x_wconf 85' lang='lat' dir='ltr'>eum</span> <span class='ocrx_word' id='word_1_53' title='bbox 582 544 745 600; x_wconf 81' lang='lat' dir='ltr'>patiare</span> <span class='ocrx_word' id='word_1_54' title='bbox 779 558 952 600; x_wconf 81' lang='lat' dir='ltr'>gravius</span> <span class='ocrx_word' id='word_1_55' title='bbox 956 520 1195 584; x_wconf 69' lang='lat' dir='ltr'>0consulere</span> <span class='ocrx_word' id='word_1_56' title='bbox 1225 544 1278 586; x_wconf 90' lang='lat' dir='ltr'>de</span> <span class='ocrx_word' id='word_1_57' title='bbox 1310 559 1368 594; x_wconf 91' lang='lat' dir='ltr'>se,</span> <span class='ocrx_word' id='word_1_58' title='bbox 1395 559 1524 599; x_wconf 79' lang='lat' dir='ltr'>quam</span> <span class='ocrx_word' id='word_1_59' title='bbox 1546 544 1753 600; x_wconf 85' lang='lat' dir='ltr'>expediat</span> 
     </span>
     <span class='ocr_line' id='line_1_8' title="bbox 314 600 1752 651; baseline 0.001 -11"><span class='ocrx_word' id='word_1_60' title='bbox 314 600 470 641; x_wconf 84' lang='lat' dir='ltr'>sororis</span> <span class='ocrx_word' id='word_1_61' title='bbox 494 612 580 642; x_wconf 81' lang='lat' dir='ltr'>tuae</span> <span class='ocrx_word' id='word_1_62' title='bbox 614 600 718 641; x_wconf 89' lang='lat' dir='ltr'>filio.</span> <span class='ocrx_word' id='word_1_63' title='bbox 741 615 884 642; x_wconf 89' lang='lat' dir='ltr'>meum</span> <span class='ocrx_word' id='word_1_64' title='bbox 920 601 1192 651; x_wconf 81' lang='lat' dir='ltr'>Ciceronem,</span> <span class='ocrx_word' id='word_1_65' title='bbox 1219 602 1287 642; x_wconf 92' lang='lat' dir='ltr'>cui</span> <span class='ocrx_word' id='word_1_66' title='bbox 1312 601 1417 642; x_wconf 89' lang='lat' dir='ltr'>nihil</span> <span class='ocrx_word' id='word_1_67' title='bbox 1440 601 1605 643; x_wconf 88' lang='lat' dir='ltr'>misello</span> <span class='ocrx_word' id='word_1_68' title='bbox 1627 600 1752 642; x_wconf 85' lang='lat' dir='ltr'>relin-</span> 
     </span>
     <span class='ocr_line' id='line_1_9' title="bbox 313 657 1751 714; baseline 0.001 -18"><span class='ocrx_word' id='word_1_69' title='bbox 313 671 400 711; x_wconf 91' lang='lat' dir='ltr'>quo</span> <span class='ocrx_word' id='word_1_70' title='bbox 434 666 591 713; x_wconf 83' lang='lat' dir='ltr'>praeter</span> <span class='ocrx_word' id='word_1_71' title='bbox 625 657 830 699; x_wconf 82' lang='lat' dir='ltr'>invidiam</span> <span class='ocrx_word' id='word_1_72' title='bbox 862 668 906 700; x_wconf 84' lang='lat' dir='ltr'>et</span> <span class='ocrx_word' id='word_1_73' title='bbox 944 659 1228 714; x_wconf 84' lang='lat' dir='ltr'>ignominiam</span> <span class='ocrx_word' id='word_1_74' title='bbox 1268 659 1454 700; x_wconf 89' lang='lat' dir='ltr'>nominis</span> <span class='ocrx_word' id='word_1_75' title='bbox 1488 659 1588 709; x_wconf 86' lang='lat' dir='ltr'>mei,</span> <span class='ocrx_word' id='word_1_76' title='bbox 1618 668 1751 708; x_wconf 82' lang='lat' dir='ltr'>tuere,</span> 
     </span>
     <span class='ocr_line' id='line_1_10' title="bbox 313 714 1752 780; baseline 0.002 -27"><span class='ocrx_word' id='word_1_77' title='bbox 313 715 453 768; x_wconf 87' lang='lat' dir='ltr'>quoad</span> <span class='ocrx_word' id='word_1_78' title='bbox 479 715 664 770; x_wconf 80' lang='lat' dir='ltr'>poteris,</span> <span class='ocrx_word' id='word_1_79' title='bbox 654 733 663 741; x_wconf 91' lang='lat'><strong>·</strong></span> <span class='ocrx_word' id='word_1_80' title='bbox 687 714 948 767; x_wconf 81' lang='lat' dir='ltr'>Terentiam,</span> <span class='ocrx_word' id='word_1_81' title='bbox 967 730 1092 756; x_wconf 80' lang='lat' dir='ltr'>unam</span> <span class='ocrx_word' id='word_1_82' title='bbox 1115 730 1304 756; x_wconf 80' lang='lat' dir='ltr'>omnium</span> <span class='ocrx_word' id='word_1_83' title='bbox 1328 717 1752 780; x_wconf 75' lang='lat' dir='ltr'>aerumnosissimam,</span> 
     </span>
     <span class='ocr_line' id='line_1_11' title="bbox 314 771 1752 837; baseline 0.002 -28"><span class='ocrx_word' id='word_1_84' title='bbox 314 780 525 812; x_wconf 80' lang='lat' dir='ltr'>sustentes</span> <span class='ocrx_word' id='word_1_85' title='bbox 549 772 633 812; x_wconf 84' lang='lat' dir='ltr'>tuis</span> <span class='ocrx_word' id='word_1_86' title='bbox 657 772 826 813; x_wconf 82' lang='lat' dir='ltr'>officiis.</span> <span class='ocrx_word' id='word_1_87' title='bbox 874 771 998 828; x_wconf 75' lang='lat' dir='ltr'>Ego</span> <span class='ocrx_word' id='word_1_88' title='bbox 989 787 1031 813; x_wconf 81' lang='lat' dir='ltr'>ln</span> <span class='ocrx_word' id='word_1_89' title='bbox 1058 771 1235 828; x_wconf 89' lang='lat' dir='ltr'>Epirum</span> <span class='ocrx_word' id='word_1_90' title='bbox 1260 772 1521 829; x_wconf 82' lang='lat' dir='ltr'>proficiscar,</span> <span class='ocrx_word' id='word_1_91' title='bbox 1543 787 1639 814; x_wconf 88' lang='lat' dir='ltr'>cum</span> <span class='ocrx_word' id='word_1_92' title='bbox 1667 773 1752 837; x_wconf 88' lang='lat' dir='ltr'>pri·</span> 
     </span>
     <span class='ocr_line' id='line_1_12' title="bbox 269 828 1750 886; baseline 0.001 -17"><span class='ocrx_word' id='word_1_93' title='bbox 269 840 301 873; x_wconf 78' lang='lat' dir='ltr'>b.</span> <span class='ocrx_word' id='word_1_94' title='bbox 314 841 481 869; x_wconf 85' lang='lat' dir='ltr'>morum</span> <span class='ocrx_word' id='word_1_95' title='bbox 504 828 668 870; x_wconf 86' lang='lat' dir='ltr'>dierum</span> <span class='ocrx_word' id='word_1_96' title='bbox 693 830 868 870; x_wconf 85' lang='lat' dir='ltr'>nuntios</span> <span class='ocrx_word' id='word_1_97' title='bbox 889 844 1117 884; x_wconf 75' lang='lat' dir='ltr'>excepero.</span> <span class='ocrx_word' id='word_1_98' title='bbox 1168 829 1232 870; x_wconf 89' lang='lat' dir='ltr'>Tu</span> <span class='ocrx_word' id='word_1_99' title='bbox 1253 830 1306 870; x_wconf 86' lang='lat' dir='ltr'>ad</span> <span class='ocrx_word' id='word_1_100' title='bbox 1330 844 1414 880; x_wconf 88' lang='lat' dir='ltr'>me,</span> <span class='ocrx_word' id='word_1_101' title='bbox 1437 830 1580 880; x_wconf 85' lang='lat' dir='ltr'>velim,</span> <span class='ocrx_word' id='word_1_102' title='bbox 1603 829 1750 886; x_wconf 81' lang='lat' dir='ltr'>proxi-</span> 
     </span>
     <span class='ocr_line' id='line_1_13' title="bbox 312 886 1745 944; baseline 0.003 -19"><span class='ocrx_word' id='word_1_103' title='bbox 312 886 394 927; x_wconf 85' lang='lat' dir='ltr'>mis</span> <span class='ocrx_word' id='word_1_104' title='bbox 421 886 590 936; x_wconf 74' lang='lat' dir='ltr'>litteris,</span> <span class='ocrx_word' id='word_1_105' title='bbox 626 895 674 927; x_wconf 88' lang='lat' dir='ltr'>ut</span> <span class='ocrx_word' id='word_1_106' title='bbox 711 901 754 928; x_wconf 91' lang='lat' dir='ltr'>se</span> <span class='ocrx_word' id='word_1_107' title='bbox 790 886 914 927; x_wconf 75' lang='lat' dir='ltr'>initia</span> <span class='ocrx_word' id='word_1_108' title='bbox 946 886 1157 938; x_wconf 76' lang='lat' dir='ltr'>dedelint,</span> <span class='ocrx_word' id='word_1_109' title='bbox 1194 887 1447 943; x_wconf 81' lang='lat' dir='ltr'>perscribaS.</span> <span class='ocrx_word' id='word_1_110' title='bbox 1508 886 1612 929; x_wconf 84' lang='lat' dir='ltr'>Dat.</span> <span class='ocrx_word' id='word_1_111' title='bbox 1634 886 1745 944; x_wconf 85' lang='lat' dir='ltr'>prid.</span> 
     </span>
    </p>
   </div>
   <div class='ocr_carea' id='block_1_3' title="bbox 240 941 1353 1067">
    <p class='ocr_par' dir='ltr' id='par_1_3' title="bbox 240 941 1353 1067">
     <span class='ocr_line' id='line_1_14' title="bbox 317 941 648 985; baseline 0.01 -2"><span class='ocrx_word' id='word_1_112' title='bbox 317 941 411 983; x_wconf 77' lang='lat' dir='ltr'>Kal.</span> <span class='ocrx_word' id='word_1_113' title='bbox 437 942 648 985; x_wconf 87' lang='lat' dir='ltr'>Decemb.</span> 
     </span>
     <span class='ocr_line' id='line_1_15' title="bbox 240 1021 1353 1067; baseline -0.002 -2"><span class='ocrx_word' id='word_1_114' title='bbox 240 1029 297 1067; x_wconf 77' lang='lat'>24</span> <span class='ocrx_word' id='word_1_115' title='bbox 780 1021 1015 1064; x_wconf 83' lang='lat' dir='ltr'>CICERO</span> <span class='ocrx_word' id='word_1_116' title='bbox 1046 1021 1276 1065; x_wconf 84' lang='lat' dir='ltr'><strong>ATTICO</strong></span> <span class='ocrx_word' id='word_1_117' title='bbox 1308 1022 1353 1063; x_wconf 87' lang='lat' dir='ltr'>S.</span> 
     </span>
    </p>
   </div>
   <div class='ocr_carea' id='block_1_4' title="bbox 303 1079 1752 2180">
    <p class='ocr_par' dir='ltr' id='par_1_4' title="bbox 303 1079 1752 1608">
     <span class='ocr_line' id='line_1_16' title="bbox 306 1079 1747 1156; baseline 0.001 -24"><span class='ocrx_word' id='word_1_118' title='bbox 306 1079 545 1143; x_wconf 86' lang='lat' dir='ltr'><strong>ANTEA,</strong></span> <span class='ocrx_word' id='word_1_119' title='bbox 566 1105 666 1133; x_wconf 89' lang='lat' dir='ltr'>cum</span> <span class='ocrx_word' id='word_1_120' title='bbox 699 1091 752 1132; x_wconf 88' lang='lat' dir='ltr'>ad</span> <span class='ocrx_word' id='word_1_121' title='bbox 786 1105 853 1132; x_wconf 87' lang='lat' dir='ltr'>me</span> <span class='ocrx_word' id='word_1_122' title='bbox 881 1090 1172 1156; x_wconf 86' lang='lat' dir='ltr'>scripsissetis,</span> <span class='ocrx_word' id='word_1_123' title='bbox 1196 1099 1337 1132; x_wconf 86' lang='lat' dir='ltr'>vestro</span> <span class='ocrx_word' id='word_1_124' title='bbox 1358 1104 1567 1132; x_wconf 84' lang='lat' dir='ltr'>consensu</span> <span class='ocrx_word' id='word_1_125' title='bbox 1591 1105 1747 1133; x_wconf 85' lang='lat' dir='ltr'>consu-</span> 
     </span>
     <span class='ocr_line' id='line_1_17' title="bbox 308 1148 1749 1206; baseline -0.001 -15"><span class='ocrx_word' id='word_1_126' title='bbox 308 1150 396 1192; x_wconf 84' lang='lat' dir='ltr'>lum</span> <span class='ocrx_word' id='word_1_127' title='bbox 417 1149 664 1206; x_wconf 80' lang='lat' dir='ltr'>provincias</span> <span class='ocrx_word' id='word_1_128' title='bbox 696 1157 868 1190; x_wconf 80' lang='lat' dir='ltr'>ornatas</span> <span class='ocrx_word' id='word_1_129' title='bbox 898 1163 1014 1200; x_wconf 89' lang='lat' dir='ltr'>esse;</span> <span class='ocrx_word' id='word_1_130' title='bbox 1046 1148 1125 1189; x_wconf 81' lang='lat' dir='ltr'>etsi</span> <span class='ocrx_word' id='word_1_131' title='bbox 1151 1148 1341 1199; x_wconf 84' lang='lat' dir='ltr'>verebar,</span> <span class='ocrx_word' id='word_1_132' title='bbox 1373 1163 1579 1204; x_wconf 88' lang='lat' dir='ltr'>quorsum</span> <span class='ocrx_word' id='word_1_133' title='bbox 1610 1149 1652 1190; x_wconf 92' lang='lat' dir='ltr'>id</span> <span class='ocrx_word' id='word_1_134' title='bbox 1677 1163 1749 1191; x_wconf 83' lang='lat' dir='ltr'>ca-</span> 
     </span>
     <span class='ocr_line' id='line_1_18' title="bbox 309 1180 1749 1262; baseline 0 -14"><span class='ocrx_word' id='word_1_135' title='bbox 309 1221 454 1248; x_wconf 87' lang='lat' dir='ltr'>surum</span> <span class='ocrx_word' id='word_1_136' title='bbox 476 1217 602 1258; x_wconf 83' lang='lat' dir='ltr'>esset,</span> <span class='ocrx_word' id='word_1_137' title='bbox 626 1216 768 1247; x_wconf 82' lang='lat' dir='ltr'>tamen</span> <span class='ocrx_word' id='word_1_138' title='bbox 791 1180 1033 1262; x_wconf 71' lang='lat' dir='ltr'>spembani,</span> <span class='ocrx_word' id='word_1_139' title='bbox 1057 1220 1131 1246; x_wconf 81' lang='lat' dir='ltr'>vos</span> <span class='ocrx_word' id='word_1_140' title='bbox 1155 1205 1315 1261; x_wconf 82' lang='lat' dir='ltr'>aliquid</span> <span class='ocrx_word' id='word_1_141' title='bbox 1340 1205 1569 1261; x_wconf 83' lang='lat' dir='ltr'>aliquando</span> <span class='ocrx_word' id='word_1_142' title='bbox 1593 1206 1749 1248; x_wconf 88' lang='lat' dir='ltr'>vidisse</span> 
     </span>
     <span class='ocr_line' id='line_1_19' title="bbox 307 1263 1749 1328; baseline -0.001 -23"><span class='ocrx_word' id='word_1_143' title='bbox 307 1264 586 1321; x_wconf 82' lang='lat' dir='ltr'>prudentius:</span> <span class='ocrx_word' id='word_1_144' title='bbox 620 1273 900 1320; x_wconf 82' lang='lat' dir='ltr'>posteaquam</span> <span class='ocrx_word' id='word_1_145' title='bbox 934 1263 1041 1304; x_wconf 85' lang='lat' dir='ltr'>mihi</span> <span class='ocrx_word' id='word_1_146' title='bbox 1072 1272 1116 1304; x_wconf 83' lang='lat' dir='ltr'>et</span> <span class='ocrx_word' id='word_1_147' title='bbox 1144 1263 1308 1304; x_wconf 88' lang='lat' dir='ltr'>dictum</span> <span class='ocrx_word' id='word_1_148' title='bbox 1342 1273 1421 1315; x_wconf 86' lang='lat' dir='ltr'>est,</span> <span class='ocrx_word' id='word_1_149' title='bbox 1452 1273 1496 1304; x_wconf 89' lang='lat' dir='ltr'>et</span> <span class='ocrx_word' id='word_1_150' title='bbox 1524 1263 1749 1328; x_wconf 85' lang='lat' dir='ltr'>scriptum,</span> 
     </span>
     <span class='ocr_line' id='line_1_20' title="bbox 307 1320 1751 1385; baseline -0.001 -22"><span class='ocrx_word' id='word_1_151' title='bbox 307 1322 586 1363; x_wconf 57' lang='lat' dir='ltr'>aeehemeuter</span> <span class='ocrx_word' id='word_1_152' title='bbox 620 1321 850 1362; x_wconf 80' lang='lat' dir='ltr'>consilium</span> <span class='ocrx_word' id='word_1_153' title='bbox 886 1331 1075 1361; x_wconf 81' lang='lat' dir='ltr'>vestrum</span> <span class='ocrx_word' id='word_1_154' title='bbox 1117 1320 1386 1385; x_wconf 77' lang='lat' dir='ltr'>reprehendi,</span> <span class='ocrx_word' id='word_1_155' title='bbox 1426 1335 1517 1362; x_wconf 88' lang='lat' dir='ltr'>sum</span> <span class='ocrx_word' id='word_1_156' title='bbox 1561 1320 1751 1376; x_wconf 76' lang='lat' dir='ltr'>graviter</span> 
     </span>
     <span class='ocr_line' id='line_1_21' title="bbox 308 1377 1750 1434; baseline -0.001 -13"><span class='ocrx_word' id='word_1_157' title='bbox 308 1390 578 1429; x_wconf 79' lang='lat' dir='ltr'>commotus3</span> <span class='ocrx_word' id='word_1_158' title='bbox 607 1378 724 1434; x_wconf 86' lang='lat' dir='ltr'>quod</span> <span class='ocrx_word' id='word_1_159' title='bbox 747 1377 819 1419; x_wconf 80' lang='lat' dir='ltr'>illa</span> <span class='ocrx_word' id='word_1_160' title='bbox 851 1377 945 1434; x_wconf 82' lang='lat' dir='ltr'>ipsa</span> <span class='ocrx_word' id='word_1_161' title='bbox 966 1393 1061 1434; x_wconf 82' lang='lat' dir='ltr'>spes</span> <span class='ocrx_word' id='word_1_162' title='bbox 1084 1378 1257 1433; x_wconf 81' lang='lat' dir='ltr'>exigua,</span> <span class='ocrx_word' id='word_1_163' title='bbox 1278 1392 1374 1433; x_wconf 79' lang='lat' dir='ltr'>quae</span> <span class='ocrx_word' id='word_1_164' title='bbox 1398 1388 1504 1429; x_wconf 83' lang='lat' dir='ltr'>erat,</span> <span class='ocrx_word' id='word_1_165' title='bbox 1525 1382 1564 1412; x_wconf 85' lang='grc'>77</span> <span class='ocrx_word' id='word_1_166' title='bbox 1581 1377 1750 1420; x_wconf 88' lang='lat' dir='ltr'>videtur</span> 
     </span>
     <span class='ocr_line' id='line_1_22' title="bbox 308 1434 1752 1491; baseline 0 -14"><span class='ocrx_word' id='word_1_167' title='bbox 308 1451 400 1478; x_wconf 81' lang='lat' dir='ltr'>esse</span> <span class='ocrx_word' id='word_1_168' title='bbox 432 1436 615 1477; x_wconf 72' lang='lat' dir='ltr'>sublata</span> <span class='ocrx_word' id='word_1_169' title='bbox 648 1450 745 1476; x_wconf 76' lang='lat' dir='ltr'>nam</span> <span class='ocrx_word' id='word_1_170' title='bbox 776 1436 810 1476; x_wconf 85' lang='lat' dir='ltr'>si</span> <span class='ocrx_word' id='word_1_171' title='bbox 845 1435 1006 1476; x_wconf 88' lang='lat' dir='ltr'>tribuni</span> <span class='ocrx_word' id='word_1_172' title='bbox 1041 1434 1178 1491; x_wconf 85' lang='lat' dir='ltr'>plebis</span> <span class='ocrx_word' id='word_1_173' title='bbox 1208 1436 1335 1476; x_wconf 89' lang='lat' dir='ltr'>nobis</span> <span class='ocrx_word' id='word_1_174' title='bbox 1362 1445 1630 1487; x_wconf 84' lang='lat' dir='ltr'>succensent,</span> <span class='ocrx_word' id='word_1_175' title='bbox 1651 1450 1752 1491; x_wconf 82' lang='lat' dir='ltr'>quae</span> 
     </span>
     <span class='ocr_line' id='line_1_23' title="bbox 308 1492 1752 1550; baseline -0.001 -15"><span class='ocrx_word' id='word_1_176' title='bbox 308 1503 453 1550; x_wconf 85' lang='lat' dir='ltr'>potest</span> <span class='ocrx_word' id='word_1_177' title='bbox 489 1508 584 1550; x_wconf 84' lang='lat' dir='ltr'>spes</span> <span class='ocrx_word' id='word_1_178' title='bbox 613 1496 731 1534; x_wconf 85' lang='lat' dir='ltr'>esse?</span> <span class='ocrx_word' id='word_1_179' title='bbox 762 1496 860 1534; x_wconf 72' lang='lat' dir='ltr'>73at</span> <span class='ocrx_word' id='word_1_180' title='bbox 891 1492 1090 1534; x_wconf 77' lang='lat' dir='ltr'>videntur</span> <span class='ocrx_word' id='word_1_181' title='bbox 1114 1507 1214 1548; x_wconf 68' lang='lat' dir='ltr'>jure</span> <span class='ocrx_word' id='word_1_182' title='bbox 1255 1506 1530 1534; x_wconf 85' lang='lat' dir='ltr'>succensere:</span> <span class='ocrx_word' id='word_1_183' title='bbox 1573 1507 1673 1534; x_wconf 85' lang='lat' dir='ltr'>cum</span> <span class='ocrx_word' id='word_1_184' title='bbox 1706 1501 1752 1534; x_wconf 88' lang='lat' dir='ltr'>et</span> 
     </span>
     <span class='ocr_line' id='line_1_24' title="bbox 303 1549 1750 1615; baseline -0.001 -22"><span class='ocrx_word' id='word_1_185' title='bbox 303 1561 508 1608; x_wconf 74' lang='lat' dir='ltr'>·expeites</span> <span class='ocrx_word' id='word_1_186' title='bbox 531 1551 700 1592; x_wconf 88' lang='lat' dir='ltr'>consilii</span> <span class='ocrx_word' id='word_1_187' title='bbox 735 1549 910 1600; x_wconf 82' lang='lat' dir='ltr'>fuerint,</span> <span class='ocrx_word' id='word_1_188' title='bbox 932 1551 1005 1606; x_wconf 89' lang='lat' dir='ltr'>qui</span> <span class='ocrx_word' id='word_1_189' title='bbox 1036 1564 1209 1591; x_wconf 80' lang='lat' dir='ltr'>causam</span> <span class='ocrx_word' id='word_1_190' title='bbox 1232 1560 1423 1591; x_wconf 78' lang='lat' dir='ltr'>nostram</span> <span class='ocrx_word' id='word_1_191' title='bbox 1432 1559 1750 1615; x_wconf 40' lang='lat' dir='ltr'>&#39;susceperant3</span> 
     </span>
    </p>

    <p class='ocr_par' dir='ltr' id='par_1_5' title="bbox 308 1606 1750 1663">
     <span class='ocr_line' id='line_1_25' title="bbox 308 1606 1750 1663; baseline -0.001 -13"><span class='ocrx_word' id='word_1_192' title='bbox 308 1619 353 1650; x_wconf 80' lang='lat' dir='ltr'>et</span> <span class='ocrx_word' id='word_1_193' title='bbox 383 1618 530 1649; x_wconf 81' lang='lat' dir='ltr'>nostra</span> <span class='ocrx_word' id='word_1_194' title='bbox 560 1607 840 1649; x_wconf 89' lang='lat' dir='ltr'>concessione</span> <span class='ocrx_word' id='word_1_195' title='bbox 870 1610 1098 1650; x_wconf 73' lang='lat' dir='ltr'>T9omnem</span> <span class='ocrx_word' id='word_1_196' title='bbox 1133 1607 1220 1649; x_wconf 88' lang='lat' dir='ltr'>vim</span> <span class='ocrx_word' id='word_1_197' title='bbox 1258 1609 1323 1649; x_wconf 90' lang='lat' dir='ltr'>sui</span> <span class='ocrx_word' id='word_1_198' title='bbox 1352 1606 1465 1663; x_wconf 88' lang='lat' dir='ltr'>juris</span> <span class='ocrx_word' id='word_1_199' title='bbox 1500 1608 1750 1649; x_wconf 84' lang='lat' dir='ltr'>amiserint:</span> 
     </span>
    </p>

    <p class='ocr_par' dir='ltr' id='par_1_6' title="bbox 303 1664 1751 2180">
     <span class='ocr_line' id='line_1_26' title="bbox 305 1664 1751 1723; baseline -0.001 -16"><span class='ocrx_word' id='word_1_200' title='bbox 305 1666 549 1723; x_wconf 66' lang='lat' dir='ltr'>praesertim</span> <span class='ocrx_word' id='word_1_201' title='bbox 570 1680 669 1707; x_wconf 88' lang='lat' dir='ltr'>cum</span> <span class='ocrx_word' id='word_1_202' title='bbox 692 1665 752 1706; x_wconf 82' lang='lat' dir='ltr'>ita</span> <span class='ocrx_word' id='word_1_203' title='bbox 769 1664 932 1717; x_wconf 84' lang='lat' dir='ltr'>dicant,</span> <span class='ocrx_word' id='word_1_204' title='bbox 952 1679 995 1706; x_wconf 89' lang='lat' dir='ltr'>se</span> <span class='ocrx_word' id='word_1_205' title='bbox 1016 1673 1165 1706; x_wconf 85' lang='lat' dir='ltr'>nostra</span> <span class='ocrx_word' id='word_1_206' title='bbox 1182 1679 1311 1705; x_wconf 82' lang='lat' dir='ltr'>causa</span> <span class='ocrx_word' id='word_1_207' title='bbox 1329 1664 1514 1706; x_wconf 84' lang='lat' dir='ltr'>voluisse</span> <span class='ocrx_word' id='word_1_208' title='bbox 1532 1679 1653 1706; x_wconf 82' lang='lat' dir='ltr'>suam</span> <span class='ocrx_word' id='word_1_209' title='bbox 1672 1679 1751 1721; x_wconf 92' lang='lat' dir='ltr'>po-</span> 
     </span>
     <span class='ocr_line' id='line_1_27' title="bbox 303 1721 1749 1778; baseline 0 -14"><span class='ocrx_word' id='word_1_210' title='bbox 303 1734 506 1764; x_wconf 81' lang='lat' dir='ltr'>-testatem</span> <span class='ocrx_word' id='word_1_211' title='bbox 528 1737 620 1764; x_wconf 87' lang='lat' dir='ltr'>esse</span> <span class='ocrx_word' id='word_1_212' title='bbox 641 1723 693 1763; x_wconf 88' lang='lat' dir='ltr'>de</span> <span class='ocrx_word' id='word_1_213' title='bbox 714 1721 961 1764; x_wconf 82' lang='lat' dir='ltr'>consulibus</span> <span class='ocrx_word' id='word_1_214' title='bbox 980 1721 1198 1773; x_wconf 67' lang='lat' dir='ltr'>ornandis,</span> <span class='ocrx_word' id='word_1_215' title='bbox 1222 1736 1305 1763; x_wconf 87' lang='lat' dir='ltr'>non</span> <span class='ocrx_word' id='word_1_216' title='bbox 1325 1731 1372 1763; x_wconf 91' lang='lat' dir='ltr'>ut</span> <span class='ocrx_word' id='word_1_217' title='bbox 1384 1736 1457 1763; x_wconf 85' lang='lat' dir='ltr'>eos</span> <span class='ocrx_word' id='word_1_218' title='bbox 1474 1722 1749 1778; x_wconf 85' lang='lat' dir='ltr'>impedirent,</span> 
     </span>
     <span class='ocr_line' id='line_1_28' title="bbox 306 1778 1749 1835; baseline -0.002 -11"><span class='ocrx_word' id='word_1_219' title='bbox 306 1781 380 1825; x_wconf 80' lang='lat' dir='ltr'>sed</span> <span class='ocrx_word' id='word_1_220' title='bbox 405 1791 451 1821; x_wconf 87' lang='lat' dir='ltr'>ut</span> <span class='ocrx_word' id='word_1_221' title='bbox 474 1781 525 1821; x_wconf 82' lang='lat' dir='ltr'>ad</span> <span class='ocrx_word' id='word_1_222' title='bbox 557 1790 747 1821; x_wconf 82' lang='lat' dir='ltr'>nostram</span> <span class='ocrx_word' id='word_1_223' title='bbox 779 1794 950 1822; x_wconf 86' lang='lat' dir='ltr'>causam</span> <span class='ocrx_word' id='word_1_224' title='bbox 974 1779 1275 1835; x_wconf 80' lang='lat' dir='ltr'>adjungerent.</span> <span class='ocrx_word' id='word_1_225' title='bbox 1298 1794 1429 1830; x_wconf 85' lang='lat' dir='ltr'>nunc,</span> <span class='ocrx_word' id='word_1_226' title='bbox 1448 1779 1482 1821; x_wconf 90' lang='lat' dir='ltr'>si</span> <span class='ocrx_word' id='word_1_227' title='bbox 1505 1778 1702 1822; x_wconf 85' lang='lat' dir='ltr'>consules</span> <span class='ocrx_word' id='word_1_228' title='bbox 1723 1794 1749 1821; x_wconf 74' lang='lat' dir='ltr'><strong>a</strong></span> 
     </span>
     <span class='ocr_line' id='line_1_29' title="bbox 306 1835 1749 1892; baseline -0.001 -13"><span class='ocrx_word' id='word_1_229' title='bbox 306 1838 434 1879; x_wconf 87' lang='lat' dir='ltr'>nobis</span> <span class='ocrx_word' id='word_1_230' title='bbox 456 1838 680 1879; x_wconf 80' lang='lat' dir='ltr'>aiieniores</span> <span class='ocrx_word' id='word_1_231' title='bbox 699 1851 790 1878; x_wconf 90' lang='lat' dir='ltr'>esse</span> <span class='ocrx_word' id='word_1_232' title='bbox 813 1837 960 1889; x_wconf 84' lang='lat' dir='ltr'>velint,</span> <span class='ocrx_word' id='word_1_233' title='bbox 982 1851 1106 1892; x_wconf 86' lang='lat' dir='ltr'>posse</span> <span class='ocrx_word' id='word_1_234' title='bbox 1130 1837 1171 1877; x_wconf 91' lang='lat' dir='ltr'>id</span> <span class='ocrx_word' id='word_1_235' title='bbox 1194 1837 1326 1878; x_wconf 80' lang='lat' dir='ltr'>iibere</span> <span class='ocrx_word' id='word_1_236' title='bbox 1342 1835 1508 1888; x_wconf 79' lang='lat' dir='ltr'>facere3</span> <span class='ocrx_word' id='word_1_237' title='bbox 1539 1839 1580 1868; x_wconf 76' lang='lat'>80</span> <span class='ocrx_word' id='word_1_238' title='bbox 1593 1837 1658 1878; x_wconf 87' lang='lat' dir='ltr'>sin</span> <span class='ocrx_word' id='word_1_239' title='bbox 1678 1851 1749 1877; x_wconf 88' lang='lat' dir='ltr'>ve-</span> 
     </span>
     <span class='ocr_line' id='line_1_30' title="bbox 305 1893 1748 1950; baseline -0.001 -14"><span class='ocrx_word' id='word_1_240' title='bbox 305 1896 387 1936; x_wconf 75' lang='lat' dir='ltr'>]int</span> <span class='ocrx_word' id='word_1_241' title='bbox 411 1906 555 1936; x_wconf 81' lang='lat' dir='ltr'>nostra</span> <span class='ocrx_word' id='word_1_242' title='bbox 575 1910 718 1946; x_wconf 84' lang='lat' dir='ltr'>causa,</span> <span class='ocrx_word' id='word_1_243' title='bbox 739 1894 849 1936; x_wconf 79' lang='lat' dir='ltr'>nihil</span> <span class='ocrx_word' id='word_1_244' title='bbox 871 1909 996 1950; x_wconf 90' lang='lat' dir='ltr'>posse</span> <span class='ocrx_word' id='word_1_245' title='bbox 1019 1909 1062 1935; x_wconf 86' lang='lat' dir='ltr'>se</span> <span class='ocrx_word' id='word_1_246' title='bbox 1086 1894 1247 1935; x_wconf 84' lang='lat' dir='ltr'>invitis.</span> <span class='ocrx_word' id='word_1_247' title='bbox 1300 1893 1413 1934; x_wconf 87' lang='lat' dir='ltr'>Nam</span> <span class='ocrx_word' id='word_1_248' title='bbox 1441 1894 1556 1949; x_wconf 88' lang='lat' dir='ltr'>quod</span> <span class='ocrx_word' id='word_1_249' title='bbox 1580 1893 1748 1945; x_wconf 85' lang='lat' dir='ltr'>scribis,</span> 
     </span>
     <span class='ocr_line' id='line_1_31' title="bbox 307 1950 1748 2017; baseline -0.001 -24"><span class='ocrx_word' id='word_1_250' title='bbox 307 1953 400 1994; x_wconf 88' lang='lat' dir='ltr'>31ni</span> <span class='ocrx_word' id='word_1_251' title='bbox 425 1953 471 1995; x_wconf 84' lang='lat' dir='ltr'>it</span> <span class='ocrx_word' id='word_1_252' title='bbox 473 1970 485 1993; x_wconf 89' lang='grc' dir='ltr'>ι</span> <span class='ocrx_word' id='word_1_253' title='bbox 504 1953 627 1994; x_wconf 84' lang='lat' dir='ltr'>vobis</span> <span class='ocrx_word' id='word_1_254' title='bbox 649 1951 893 2017; x_wconf 76' lang='lat' dir='ltr'>piacuisset‚</span> <span class='ocrx_word' id='word_1_255' title='bbox 917 1951 1009 1993; x_wconf 85' lang='lat' dir='ltr'>illos</span> <span class='ocrx_word' id='word_1_256' title='bbox 1043 1951 1127 1993; x_wconf 89' lang='lat' dir='ltr'>hoc</span> <span class='ocrx_word' id='word_1_257' title='bbox 1149 1951 1261 1992; x_wconf 85' lang='lat' dir='ltr'>idem</span> <span class='ocrx_word' id='word_1_258' title='bbox 1297 1965 1372 2007; x_wconf 78' lang='lat' dir='ltr'>pei</span> <span class='ocrx_word' id='word_1_259' title='bbox 1405 1950 1611 2007; x_wconf 85' lang='lat' dir='ltr'>populum</span> <span class='ocrx_word' id='word_1_260' title='bbox 1635 1965 1748 1992; x_wconf 83' lang='lat' dir='ltr'>asse-</span> 
     </span>
     <span class='ocr_line' id='line_1_32' title="bbox 306 2008 1748 2065; baseline -0.001 -14"><span class='ocrx_word' id='word_1_261' title='bbox 306 2020 481 2052; x_wconf 75' lang='lat' dir='ltr'>cutuios</span> <span class='ocrx_word' id='word_1_262' title='bbox 516 2009 672 2062; x_wconf 82' lang='lat' dir='ltr'>fuisse3</span> <span class='ocrx_word' id='word_1_263' title='bbox 705 2009 852 2050; x_wconf 87' lang='lat' dir='ltr'>invitis</span> <span class='ocrx_word' id='word_1_264' title='bbox 887 2009 1070 2050; x_wconf 76' lang='lat' dir='ltr'>tiibunis</span> <span class='ocrx_word' id='word_1_265' title='bbox 1105 2008 1240 2065; x_wconf 88' lang='lat' dir='ltr'>plebis</span> <span class='ocrx_word' id='word_1_266' title='bbox 1263 2008 1355 2049; x_wconf 86' lang='lat' dir='ltr'>fieri</span> <span class='ocrx_word' id='word_1_267' title='bbox 1375 2008 1494 2049; x_wconf 80' lang='lat' dir='ltr'>nullo</span> <span class='ocrx_word' id='word_1_268' title='bbox 1517 2009 1646 2049; x_wconf 89' lang='lat' dir='ltr'>modo</span> <span class='ocrx_word' id='word_1_269' title='bbox 1670 2023 1748 2065; x_wconf 91' lang='lat' dir='ltr'>po-</span> 
     </span>
     <span class='ocr_line' id='line_1_33' title="bbox 306 2064 1747 2118; baseline -0.001 -10"><span class='ocrx_word' id='word_1_270' title='bbox 306 2068 404 2108; x_wconf 86' lang='lat' dir='ltr'>tuit.</span> <span class='ocrx_word' id='word_1_271' title='bbox 440 2068 500 2108; x_wconf 80' lang='lat' dir='ltr'>ita</span> <span class='ocrx_word' id='word_1_272' title='bbox 523 2081 684 2118; x_wconf 85' lang='lat' dir='ltr'>vereor,</span> <span class='ocrx_word' id='word_1_273' title='bbox 707 2081 760 2108; x_wconf 88' lang='lat' dir='ltr'>ne</span> <span class='ocrx_word' id='word_1_274' title='bbox 782 2075 825 2107; x_wconf 84' lang='lat' dir='ltr'>et</span> <span class='ocrx_word' id='word_1_275' title='bbox 848 2066 990 2107; x_wconf 85' lang='lat' dir='ltr'>studia</span> <span class='ocrx_word' id='word_1_276' title='bbox 1021 2066 1293 2107; x_wconf 86' lang='lat' dir='ltr'>tribunorum</span> <span class='ocrx_word' id='word_1_277' title='bbox 1326 2064 1611 2116; x_wconf 74' lang='lat' dir='ltr'>amiseiimus,</span> <span class='ocrx_word' id='word_1_278' title='bbox 1631 2075 1689 2117; x_wconf 87' lang='lat' dir='ltr'>et,</span> <span class='ocrx_word' id='word_1_279' title='bbox 1712 2066 1747 2107; x_wconf 88' lang='lat' dir='ltr'>si</span> 
     </span>
     <span class='ocr_line' id='line_1_34' title="bbox 305 2122 1748 2180; baseline -0.001 -14"><span class='ocrx_word' id='word_1_280' title='bbox 305 2126 449 2167; x_wconf 84' lang='lat' dir='ltr'>studia</span> <span class='ocrx_word' id='word_1_281' title='bbox 487 2134 705 2176; x_wconf 84' lang='lat' dir='ltr'>maneant,</span> <span class='ocrx_word' id='word_1_282' title='bbox 742 2123 932 2166; x_wconf 87' lang='lat' dir='ltr'>vinclum</span> <span class='ocrx_word' id='word_1_283' title='bbox 969 2124 1073 2165; x_wconf 90' lang='lat' dir='ltr'>illud</span> <span class='ocrx_word' id='word_1_284' title='bbox 1111 2122 1485 2180; x_wconf 81' lang='lat' dir='ltr'>adjungendorum</span> <span class='ocrx_word' id='word_1_285' title='bbox 1522 2123 1748 2165; x_wconf 85' lang='lat' dir='ltr'>consulum</span> 
     </span>
    </p>
   </div>
   <div class='ocr_carea' id='block_1_5' title="bbox 295 2275 1750 2949">
    <p class='ocr_par' dir='ltr' id='par_1_7' title="bbox 295 2275 1750 2949">
     <span class='ocr_line' id='line_1_35' title="bbox 342 2275 1750 2319; baseline 0 -9"><span class='ocrx_word' id='word_1_286' title='bbox 342 2279 384 2312; x_wconf 74' lang='grc' dir='ltr'>ἳ6</span> <span class='ocrx_word' id='word_1_287' title='bbox 406 2284 444 2310; x_wconf 80' lang='lat' dir='ltr'>ut</span> <span class='ocrx_word' id='word_1_288' title='bbox 460 2289 524 2310; x_wconf 83' lang='lat' dir='ltr'>uno</span> <span class='ocrx_word' id='word_1_289' title='bbox 538 2279 661 2318; x_wconf 74' lang='lat' dir='ltr'>vnpetu</span> <span class='ocrx_word' id='word_1_290' title='bbox 672 2275 924 2318; x_wconf 72' lang='lat' dir='ltr'>perfringatur]</span> <span class='ocrx_word' id='word_1_291' title='bbox 950 2276 1000 2308; x_wconf 86' lang='lat' dir='ltr'>ed.</span> <span class='ocrx_word' id='word_1_292' title='bbox 1089 2280 1129 2308; x_wconf 72' lang='lat'>30</span> <span class='ocrx_word' id='word_1_293' title='bbox 1152 2279 1203 2308; x_wconf 77' lang='lat' dir='ltr'>sin</span> <span class='ocrx_word' id='word_1_294' title='bbox 1227 2278 1329 2308; x_wconf 75' lang='lat' dir='ltr'>velint</span> <span class='ocrx_word' id='word_1_295' title='bbox 1354 2282 1468 2309; x_wconf 81' lang='lat' dir='ltr'>nostra</span> <span class='ocrx_word' id='word_1_296' title='bbox 1490 2277 1606 2319; x_wconf 81' lang='lat' dir='ltr'>causa]</span> <span class='ocrx_word' id='word_1_297' title='bbox 1632 2278 1750 2319; x_wconf 81' lang='lat' dir='ltr'>Inepte</span> 
     </span>
     <span class='ocr_line' id='line_1_36' title="bbox 299 2319 1748 2362; baseline 0 -10"><span class='ocrx_word' id='word_1_298' title='bbox 299 2322 393 2353; x_wconf 66' lang='lat' dir='ltr'>dens.</span> <span class='ocrx_word' id='word_1_299' title='bbox 417 2320 692 2362; x_wconf 63' lang='lat' dir='ltr'>pergtiingantur,</span> <span class='ocrx_word' id='word_1_300' title='bbox 723 2319 810 2359; x_wconf 89' lang='lat' dir='ltr'>quod</span> <span class='ocrx_word' id='word_1_301' title='bbox 838 2324 872 2350; x_wconf 86' lang='lat' dir='ltr'>ct</span> <span class='ocrx_word' id='word_1_302' title='bbox 901 2319 1003 2350; x_wconf 81' lang='lat' dir='ltr'>ceteri</span> <span class='ocrx_word' id='word_1_303' title='bbox 1045 2319 1168 2360; x_wconf 76' lang='lat' dir='ltr'>Vulgg.</span> <span class='ocrx_word' id='word_1_304' title='bbox 1195 2321 1328 2357; x_wconf 75' lang='lat' dir='ltr'>vellent,</span> <span class='ocrx_word' id='word_1_305' title='bbox 1351 2330 1426 2350; x_wconf 87' lang='lat' dir='ltr'>cum</span> <span class='ocrx_word' id='word_1_306' title='bbox 1444 2320 1478 2350; x_wconf 89' lang='lat' dir='ltr'>in</span> <span class='ocrx_word' id='word_1_307' title='bbox 1493 2320 1606 2351; x_wconf 86' lang='lat' dir='ltr'>eadem</span> <span class='ocrx_word' id='word_1_308' title='bbox 1624 2323 1748 2353; x_wconf 79' lang='lat' dir='ltr'>oratio-</span> 
     </span>
     <span class='ocr_line' id='line_1_37' title="bbox 300 2361 1749 2404; baseline 0.001 -10"><span class='ocrx_word' id='word_1_309' title='bbox 300 2369 376 2404; x_wconf 81' lang='lat' dir='ltr'>post</span> <span class='ocrx_word' id='word_1_310' title='bbox 398 2374 475 2394; x_wconf 87' lang='lat' dir='ltr'>cum</span> <span class='ocrx_word' id='word_1_311' title='bbox 497 2363 643 2394; x_wconf 87' lang='lat' dir='ltr'>edidere:</span> <span class='ocrx_word' id='word_1_312' title='bbox 668 2362 763 2401; x_wconf 87' lang='lat' dir='ltr'>idque</span> <span class='ocrx_word' id='word_1_313' title='bbox 787 2361 935 2392; x_wconf 83' lang='lat' dir='ltr'>referunt</span> <span class='ocrx_word' id='word_1_314' title='bbox 963 2361 1004 2392; x_wconf 83' lang='lat' dir='ltr'>ad</span> <span class='ocrx_word' id='word_1_315' title='bbox 1047 2363 1096 2393; x_wconf 89' lang='lat' dir='ltr'>nis</span> <span class='ocrx_word' id='word_1_316' title='bbox 1112 2363 1194 2392; x_wconf 87' lang='lat' dir='ltr'>serie</span> <span class='ocrx_word' id='word_1_317' title='bbox 1217 2368 1295 2392; x_wconf 80' lang='lat' dir='ltr'>ante</span> <span class='ocrx_word' id='word_1_318' title='bbox 1316 2363 1371 2400; x_wconf 80' lang='lat' dir='ltr'>sit,</span> <span class='ocrx_word' id='word_1_319' title='bbox 1393 2363 1421 2392; x_wconf 70' lang='lat' dir='ltr'>si</span> <span class='ocrx_word' id='word_1_320' title='bbox 1440 2363 1553 2393; x_wconf 72' lang='lat' dir='ltr'>velint.</span> <span class='ocrx_word' id='word_1_321' title='bbox 1578 2367 1612 2393; x_wconf 84' lang='lat' dir='ltr'>et</span> <span class='ocrx_word' id='word_1_322' title='bbox 1634 2367 1749 2396; x_wconf 78' lang='lat' dir='ltr'>tamen</span> 
     </span>
     <span class='ocr_line' id='line_1_38' title="bbox 300 2403 1338 2445; baseline -0.003 -8"><span class='ocrx_word' id='word_1_323' title='bbox 300 2416 352 2443; x_wconf 79' lang='lat' dir='ltr'>ea,</span> <span class='ocrx_word' id='word_1_324' title='bbox 369 2416 440 2445; x_wconf 78' lang='lat' dir='ltr'>quae</span> <span class='ocrx_word' id='word_1_325' title='bbox 461 2416 531 2436; x_wconf 85' lang='lat' dir='ltr'>rem</span> <span class='ocrx_word' id='word_1_326' title='bbox 554 2405 747 2435; x_wconf 84' lang='lat' dir='ltr'>distineant.</span> <span class='ocrx_word' id='word_1_327' title='bbox 765 2403 1005 2444; x_wconf 68' lang='lat' dir='ltr'>perfungatur</span> <span class='ocrx_word' id='word_1_328' title='bbox 1047 2414 1144 2434; x_wconf 87' lang='lat' dir='ltr'>nemo</span> <span class='ocrx_word' id='word_1_329' title='bbox 1160 2404 1215 2434; x_wconf 87' lang='lat' dir='ltr'>hic</span> <span class='ocrx_word' id='word_1_330' title='bbox 1230 2404 1338 2434; x_wconf 68' lang='lat' dir='ltr'>haesit.</span> 
     </span>
     <span class='ocr_line' id='line_1_39' title="bbox 300 2446 1748 2487; baseline 0.001 -9"><span class='ocrx_word' id='word_1_331' title='bbox 300 2447 419 2478; x_wconf 78' lang='lat' dir='ltr'>melius</span> <span class='ocrx_word' id='word_1_332' title='bbox 441 2455 503 2484; x_wconf 86' lang='lat' dir='ltr'>est,</span> <span class='ocrx_word' id='word_1_333' title='bbox 519 2447 606 2486; x_wconf 85' lang='lat' dir='ltr'>quod</span> <span class='ocrx_word' id='word_1_334' title='bbox 628 2447 680 2478; x_wconf 86' lang='lat' dir='ltr'>ed.</span> <span class='ocrx_word' id='word_1_335' title='bbox 695 2447 792 2477; x_wconf 90' lang='lat' dir='ltr'>Rom.</span> <span class='ocrx_word' id='word_1_336' title='bbox 815 2447 927 2483; x_wconf 88' lang='lat' dir='ltr'>habet,</span> <span class='ocrx_word' id='word_1_337' title='bbox 951 2455 1000 2476; x_wconf 83' lang='lat' dir='ltr'>re·</span> <span class='ocrx_word' id='word_1_338' title='bbox 1084 2449 1121 2477; x_wconf 84' lang='lat'>81</span> <span class='ocrx_word' id='word_1_339' title='bbox 1147 2447 1184 2476; x_wconf 75' lang='lat' dir='ltr'>ni</span> <span class='ocrx_word' id='word_1_340' title='bbox 1207 2447 1256 2477; x_wconf 82' lang='lat' dir='ltr'>ita</span> <span class='ocrx_word' id='word_1_341' title='bbox 1270 2447 1358 2477; x_wconf 74' lang='lat' dir='ltr'>nobis</span> <span class='ocrx_word' id='word_1_342' title='bbox 1377 2446 1570 2487; x_wconf 79' lang='lat' dir='ltr'>placuisset]</span> <span class='ocrx_word' id='word_1_343' title='bbox 1597 2449 1684 2479; x_wconf 74' lang='lat' dir='ltr'>nobis</span> <span class='ocrx_word' id='word_1_344' title='bbox 1712 2449 1748 2481; x_wconf 88' lang='lat' dir='ltr'>in</span> 
     </span>
     <span class='ocr_line' id='line_1_40' title="bbox 299 2488 1745 2530; baseline 0.001 -9"><span class='ocrx_word' id='word_1_345' title='bbox 299 2491 411 2522; x_wconf 81' lang='lat' dir='ltr'>stituit</span> <span class='ocrx_word' id='word_1_346' title='bbox 425 2490 603 2521; x_wconf 85' lang='lat' dir='ltr'>Victorius.</span> <span class='ocrx_word' id='word_1_347' title='bbox 621 2490 653 2520; x_wconf 90' lang='lat' dir='ltr'>id</span> <span class='ocrx_word' id='word_1_348' title='bbox 675 2489 796 2519; x_wconf 75' lang='lat' dir='ltr'>dicitur</span> <span class='ocrx_word' id='word_1_349' title='bbox 817 2499 876 2529; x_wconf 87' lang='lat' dir='ltr'>pro</span> <span class='ocrx_word' id='word_1_350' title='bbox 897 2489 1000 2518; x_wconf 86' lang='lat' dir='ltr'>confi·</span> <span class='ocrx_word' id='word_1_351' title='bbox 1042 2488 1192 2529; x_wconf 81' lang='lat' dir='ltr'>exemplo</span> <span class='ocrx_word' id='word_1_352' title='bbox 1204 2499 1291 2526; x_wconf 88' lang='lat' dir='ltr'>me0,</span> <span class='ocrx_word' id='word_1_353' title='bbox 1304 2490 1446 2529; x_wconf 87' lang='lat' dir='ltr'>primum</span> <span class='ocrx_word' id='word_1_354' title='bbox 1456 2489 1580 2529; x_wconf 86' lang='lat' dir='ltr'>legens,</span> <span class='ocrx_word' id='word_1_355' title='bbox 1592 2500 1650 2530; x_wconf 87' lang='lat' dir='ltr'>pro</span> <span class='ocrx_word' id='word_1_356' title='bbox 1664 2491 1745 2522; x_wconf 86' lang='lat' dir='ltr'>vitio</span> 
     </span>
     <span class='ocr_line' id='line_1_41' title="bbox 298 2531 1746 2571; baseline 0.001 -8"><span class='ocrx_word' id='word_1_357' title='bbox 298 2533 419 2569; x_wconf 81' lang='lat' dir='ltr'>ciatur,</span> <span class='ocrx_word' id='word_1_358' title='bbox 442 2542 508 2571; x_wconf 90' lang='lat' dir='ltr'>quo</span> <span class='ocrx_word' id='word_1_359' title='bbox 530 2537 607 2562; x_wconf 80' lang='lat' dir='ltr'>ante</span> <span class='ocrx_word' id='word_1_360' title='bbox 630 2541 707 2562; x_wconf 86' lang='lat' dir='ltr'>usus</span> <span class='ocrx_word' id='word_1_361' title='bbox 729 2536 793 2568; x_wconf 86' lang='lat' dir='ltr'>est,</span> <span class='ocrx_word' id='word_1_362' title='bbox 815 2531 871 2562; x_wconf 84' lang='lat' dir='ltr'>scd</span> <span class='ocrx_word' id='word_1_363' title='bbox 892 2531 1000 2561; x_wconf 81' lang='lat' dir='ltr'>effiea-</span> <span class='ocrx_word' id='word_1_364' title='bbox 1043 2541 1215 2571; x_wconf 82' lang='lat' dir='ltr'>operarum</span> <span class='ocrx_word' id='word_1_365' title='bbox 1227 2531 1538 2570; x_wconf 84' lang='lat' dir='ltr'>habui,correxique</span> <span class='ocrx_word' id='word_1_366' title='bbox 1548 2532 1643 2563; x_wconf 81' lang='lat' dir='ltr'>vobis.</span> <span class='ocrx_word' id='word_1_367' title='bbox 1682 2534 1746 2564; x_wconf 88' lang='lat' dir='ltr'>Sed</span> 
     </span>
     <span class='ocr_line' id='line_1_42' title="bbox 299 2573 1750 2614; baseline -0.001 -8"><span class='ocrx_word' id='word_1_368' title='bbox 299 2576 369 2606; x_wconf 87' lang='lat' dir='ltr'>cius</span> <span class='ocrx_word' id='word_1_369' title='bbox 383 2574 446 2604; x_wconf 87' lang='lat' dir='ltr'>hoc</span> <span class='ocrx_word' id='word_1_370' title='bbox 461 2579 522 2604; x_wconf 68' lang='lat' dir='ltr'>est.</span> <span class='ocrx_word' id='word_1_371' title='bbox 1044 2583 1158 2603; x_wconf 86' lang='lat' dir='ltr'>omnes</span> <span class='ocrx_word' id='word_1_372' title='bbox 1181 2573 1254 2604; x_wconf 85' lang='lat' dir='ltr'>edd.</span> <span class='ocrx_word' id='word_1_373' title='bbox 1280 2574 1404 2604; x_wconf 86' lang='lat' dir='ltr'>habent</span> <span class='ocrx_word' id='word_1_374' title='bbox 1425 2579 1546 2614; x_wconf 79' lang='lat' dir='ltr'>praeter</span> <span class='ocrx_word' id='word_1_375' title='bbox 1568 2574 1750 2606; x_wconf 77' lang='lat' dir='ltr'>Jensonia-</span> 
     </span>
     <span class='ocr_line' id='line_1_43' title="bbox 342 2614 1743 2656; baseline 0.001 -10"><span class='ocrx_word' id='word_1_376' title='bbox 342 2621 382 2652; x_wconf 80' lang='grc'>77</span> <span class='ocrx_word' id='word_1_377' title='bbox 406 2617 537 2646; x_wconf 81' lang='lat' dir='ltr'>videtur</span> <span class='ocrx_word' id='word_1_378' title='bbox 565 2625 628 2646; x_wconf 75' lang='lat' dir='ltr'>esse</span> <span class='ocrx_word' id='word_1_379' title='bbox 655 2614 802 2655; x_wconf 76' lang='lat' dir='ltr'>sublata]</span> <span class='ocrx_word' id='word_1_380' title='bbox 848 2614 1000 2645; x_wconf 87' lang='lat' dir='ltr'>Scriben-</span> <span class='ocrx_word' id='word_1_381' title='bbox 1044 2624 1136 2652; x_wconf 81' lang='lat' dir='ltr'>nam,</span> <span class='ocrx_word' id='word_1_382' title='bbox 1158 2625 1254 2655; x_wconf 88' lang='lat' dir='ltr'>quam</span> <span class='ocrx_word' id='word_1_383' title='bbox 1279 2615 1358 2647; x_wconf 81' lang='lat' dir='ltr'>alias</span> <span class='ocrx_word' id='word_1_384' title='bbox 1381 2615 1521 2656; x_wconf 84' lang='lat' dir='ltr'>proximi</span> <span class='ocrx_word' id='word_1_385' title='bbox 1544 2621 1743 2656; x_wconf 82' lang='lat' dir='ltr'>sequuntur,</span> 
     </span>
     <span class='ocr_line' id='line_1_44' title="bbox 299 2658 1745 2708; baseline 0.001 -18"><span class='ocrx_word' id='word_1_386' title='bbox 299 2658 379 2690; x_wconf 88' lang='lat' dir='ltr'>dum</span> <span class='ocrx_word' id='word_1_387' title='bbox 394 2666 445 2690; x_wconf 85' lang='lat' dir='ltr'>est</span> <span class='ocrx_word' id='word_1_388' title='bbox 459 2659 642 2688; x_wconf 78' lang='lat' dir='ltr'>videbatur.</span> <span class='ocrx_word' id='word_1_389' title='bbox 1044 2662 1079 2688; x_wconf 88' lang='lat' dir='ltr'>et</span> <span class='ocrx_word' id='word_1_390' title='bbox 1093 2658 1224 2688; x_wconf 83' lang='lat' dir='ltr'>Aseens.</span> <span class='ocrx_word' id='word_1_391' title='bbox 1242 2659 1276 2688; x_wconf 93' lang='lat' dir='ltr'>in</span> <span class='ocrx_word' id='word_1_392' title='bbox 1289 2659 1410 2707; x_wconf 47' lang='lat' dir='ltr'>quibus·</span> <span class='ocrx_word' id='word_1_393' title='bbox 1420 2662 1470 2689; x_wconf 85' lang='lat' dir='ltr'>est</span> <span class='ocrx_word' id='word_1_394' title='bbox 1483 2658 1580 2694; x_wconf 78' lang='lat' dir='ltr'>vobis,</span> <span class='ocrx_word' id='word_1_395' title='bbox 1590 2659 1682 2708; x_wconf 33' lang='lat' dir='ltr'>‘quod</span> <span class='ocrx_word' id='word_1_396' title='bbox 1695 2670 1745 2691; x_wconf 87' lang='lat' dir='ltr'>re-</span> 
     </span>
     <span class='ocr_line' id='line_1_45' title="bbox 341 2699 1747 2741; baseline 0 -9"><span class='ocrx_word' id='word_1_397' title='bbox 341 2704 382 2735; x_wconf 81' lang='lat'>78</span> <span class='ocrx_word' id='word_1_398' title='bbox 405 2706 442 2732; x_wconf 82' lang='lat' dir='ltr'>at</span> <span class='ocrx_word' id='word_1_399' title='bbox 464 2701 631 2740; x_wconf 79' lang='lat' dir='ltr'>videntur]</span> <span class='ocrx_word' id='word_1_400' title='bbox 658 2699 711 2730; x_wconf 86' lang='lat' dir='ltr'>Sic</span> <span class='ocrx_word' id='word_1_401' title='bbox 736 2709 796 2740; x_wconf 90' lang='lat' dir='ltr'>pro</span> <span class='ocrx_word' id='word_1_402' title='bbox 823 2709 864 2731; x_wconf 81' lang='lat' dir='ltr'>ac</span> <span class='ocrx_word' id='word_1_403' title='bbox 890 2699 1003 2739; x_wconf 68' lang='lat' dir='ltr'>legem·</span> <span class='ocrx_word' id='word_1_404' title='bbox 1044 2700 1153 2731; x_wconf 81' lang='lat' dir='ltr'>stitui.</span> <span class='ocrx_word' id='word_1_405' title='bbox 1196 2700 1326 2731; x_wconf 78' lang='lat' dir='ltr'>Atticus</span> <span class='ocrx_word' id='word_1_406' title='bbox 1350 2701 1525 2741; x_wconf 82' lang='lat' dir='ltr'>scripserat</span> <span class='ocrx_word' id='word_1_407' title='bbox 1549 2702 1675 2740; x_wconf 78' lang='lat' dir='ltr'>utique,</span> <span class='ocrx_word' id='word_1_408' title='bbox 1709 2703 1747 2733; x_wconf 77' lang='lat' dir='ltr'>ni</span> 
     </span>
     <span class='ocr_line' id='line_1_46' title="bbox 299 2741 1744 2785; baseline 0.001 -10"><span class='ocrx_word' id='word_1_409' title='bbox 299 2743 378 2774; x_wconf 90' lang='lat' dir='ltr'>dum</span> <span class='ocrx_word' id='word_1_410' title='bbox 409 2753 477 2775; x_wconf 84' lang='lat' dir='ltr'>esse</span> <span class='ocrx_word' id='word_1_411' title='bbox 506 2742 710 2773; x_wconf 80' lang='lat' dir='ltr'>existimavi.</span> <span class='ocrx_word' id='word_1_412' title='bbox 749 2751 837 2772; x_wconf 86' lang='lat' dir='ltr'>nunc</span> <span class='ocrx_word' id='word_1_413' title='bbox 879 2742 914 2772; x_wconf 91' lang='lat' dir='ltr'>in</span> <span class='ocrx_word' id='word_1_414' title='bbox 951 2741 1002 2772; x_wconf 85' lang='lat' dir='ltr'>ed.</span> <span class='ocrx_word' id='word_1_415' title='bbox 1045 2743 1096 2772; x_wconf 83' lang='lat' dir='ltr'>ita</span> <span class='ocrx_word' id='word_1_416' title='bbox 1109 2743 1197 2773; x_wconf 81' lang='lat' dir='ltr'>nobis</span> <span class='ocrx_word' id='word_1_417' title='bbox 1221 2743 1418 2782; x_wconf 81' lang='lat' dir='ltr'>placuisset.-</span> <span class='ocrx_word' id='word_1_418' title='bbox 1454 2742 1511 2775; x_wconf 82' lang='lat' dir='ltr'>sed</span> <span class='ocrx_word' id='word_1_419' title='bbox 1541 2743 1643 2774; x_wconf 79' lang='lat' dir='ltr'>etiam</span> <span class='ocrx_word' id='word_1_420' title='bbox 1669 2750 1744 2785; x_wconf 84' lang='lat' dir='ltr'>post</span> 
     </span>
     <span class='ocr_line' id='line_1_47' title="bbox 296 2784 1744 2825; baseline 0 -8"><span class='ocrx_word' id='word_1_421' title='bbox 296 2784 395 2817; x_wconf 67' lang='lat' dir='ltr'>Rom.</span> <span class='ocrx_word' id='word_1_422' title='bbox 410 2786 443 2817; x_wconf 89' lang='lat' dir='ltr'>id</span> <span class='ocrx_word' id='word_1_423' title='bbox 459 2786 575 2825; x_wconf 82' lang='lat' dir='ltr'>reperi,</span> <span class='ocrx_word' id='word_1_424' title='bbox 592 2785 729 2823; x_wconf 84' lang='lat' dir='ltr'>ideoque</span> <span class='ocrx_word' id='word_1_425' title='bbox 744 2784 862 2824; x_wconf 85' lang='lat' dir='ltr'>recepi.</span> <span class='ocrx_word' id='word_1_426' title='bbox 1041 2786 1223 2816; x_wconf 79' lang='lat' dir='ltr'>assecuturi</span> <span class='ocrx_word' id='word_1_427' title='bbox 1233 2784 1403 2825; x_wconf 77' lang='lat' dir='ltr'>fuissent.-</span> <span class='ocrx_word' id='word_1_428' title='bbox 1436 2784 1492 2816; x_wconf 84' lang='lat' dir='ltr'>sed</span> <span class='ocrx_word' id='word_1_429' title='bbox 1523 2785 1639 2816; x_wconf 79' lang='lat' dir='ltr'>cicero</span> <span class='ocrx_word' id='word_1_430' title='bbox 1674 2795 1744 2818; x_wconf 72' lang='lat' dir='ltr'>noa</span> 
     </span>
     <span class='ocr_line' id='line_1_48' title="bbox 339 2819 1743 2871; baseline 0 -10"><span class='ocrx_word' id='word_1_431' title='bbox 339 2831 380 2862; x_wconf 78' lang='lat'>79</span> <span class='ocrx_word' id='word_1_432' title='bbox 402 2837 529 2860; x_wconf 81' lang='lat' dir='ltr'>omnem</span> <span class='ocrx_word' id='word_1_433' title='bbox 549 2828 618 2859; x_wconf 81' lang='lat' dir='ltr'>vim</span> <span class='ocrx_word' id='word_1_434' title='bbox 637 2825 808 2867; x_wconf 70' lang='lat' dir='ltr'>suijuris]</span> <span class='ocrx_word' id='word_1_435' title='bbox 834 2835 879 2857; x_wconf 86' lang='lat' dir='ltr'>sc.</span> <span class='ocrx_word' id='word_1_436' title='bbox 894 2827 928 2857; x_wconf 86' lang='lat' dir='ltr'>in</span> <span class='ocrx_word' id='word_1_437' title='bbox 944 2836 996 2857; x_wconf 83' lang='lat' dir='ltr'>or-</span> <span class='ocrx_word' id='word_1_438' title='bbox 1041 2827 1139 2858; x_wconf 80' lang='lat' dir='ltr'>verba</span> <span class='ocrx_word' id='word_1_439' title='bbox 1163 2828 1268 2860; x_wconf 80' lang='lat' dir='ltr'>Attici</span> <span class='ocrx_word' id='word_1_440' title='bbox 1292 2827 1427 2871; x_wconf 81' lang='lat' dir='ltr'>repetit,</span> <span class='ocrx_word' id='word_1_441' title='bbox 1447 2827 1503 2859; x_wconf 83' lang='lat' dir='ltr'>sed</span> <span class='ocrx_word' id='word_1_442' title='bbox 1526 2819 1743 2868; x_wconf 73' lang='lat' dir='ltr'>sententiam,</span> 
     </span>
     <span class='ocr_line' id='line_1_49' title="bbox 296 2869 1217 2911; baseline 0.001 -10"><span class='ocrx_word' id='word_1_443' title='bbox 296 2870 413 2901; x_wconf 81' lang='lat' dir='ltr'>nandis</span> <span class='ocrx_word' id='word_1_444' title='bbox 439 2870 614 2911; x_wconf 79' lang='lat' dir='ltr'>provinciis</span> <span class='ocrx_word' id='word_1_445' title='bbox 629 2869 821 2907; x_wconf 79' lang='lat' dir='ltr'>Consulem,</span> <span class='ocrx_word' id='word_1_446' title='bbox 838 2878 903 2909; x_wconf 90' lang='lat' dir='ltr'>quo</span> <span class='ocrx_word' id='word_1_447' title='bbox 917 2877 996 2900; x_wconf 80' lang='lat' dir='ltr'>usus</span> <span class='ocrx_word' id='word_1_448' title='bbox 1041 2870 1217 2902; x_wconf 82' lang='lat' dir='ltr'>narrando.</span> 
     </span>
     <span class='ocr_line' id='line_1_50' title="bbox 295 2912 624 2949; baseline -0.006 -4"><span class='ocrx_word' id='word_1_449' title='bbox 295 2917 368 2949; x_wconf 66' lang='lat' dir='ltr'>orat</span> <span class='ocrx_word' id='word_1_450' title='bbox 383 2920 461 2945; x_wconf 84' lang='lat' dir='ltr'>ante</span> <span class='ocrx_word' id='word_1_451' title='bbox 477 2912 624 2945; x_wconf 87' lang='lat' dir='ltr'>Clodius.</span> 
     </span>
    </p>
   </div>
  </div>
 </body>
</html>
