1940 3231
645 127 825 167 EPIST.
853 127 932 166 AD
959 124 1232 170 BRUTUM.
1585 134 1660 171 961

223 229 475 286 reipublicae
499 241 800 290 tempestatem
831 232 1032 283 dixerim,
1052 247 1139 273 non
1169 247 1214 272 es
1245 232 1419 274 oblitus.
1493 230 1662 291 Magna

222 290 356 343 pestis
379 300 470 331 erat
491 291 667 347 depulsa
701 305 775 346 per
797 304 887 340 vos,
911 305 1069 345 magna
1102 289 1248 345 populi
1283 289 1470 330 Romani
1494 293 1661 334 macula.

221 345 386 389 deleta:
430 349 553 389 vobis
577 363 676 389 vero
707 357 828 403 parta
866 347 1013 388 divina
1051 346 1213 402 gloria:
1245 347 1368 387 47sed
1400 347 1659 391 instrumen-

221 410 312 443 tum
338 405 458 460 regni
491 406 679 447 delatum
704 405 757 445 ad
790 404 1001 460 Lepidum
1025 416 1068 444 et
1091 403 1359 445 Antonium:
1392 403 1574 459 quorum
1599 408 1660 448 al·

222 468 288 500 ter
309 461 638 513 inconstantior,
677 461 782 502 alter
818 463 1042 516 impurior,
1066 472 1244 516 uterque
1278 475 1424 516 pacem
1448 474 1657 515 metuens,

219 515 422 559 inimicus
445 520 549 560 otio.
613 518 696 559 His
716 520 965 560 ardentibus
988 519 1290 575 perturbandae
1313 519 1560 573 reipublicae
1583 535 1658 561 cu-

218 574 416 633 piditate,
450 576 566 630 quod
604 577 766 632 opponi
799 587 943 632 posset
981 577 1242 632 praesidium,
1265 590 1351 616 non
1379 577 1656 619 habebamus.

219 630 430 673 Erexerat
452 634 566 674 enim
591 649 633 683 se
656 635 823 686 civitas,
841 635 882 674 in
902 634 1127 675 retinenda
1148 633 1346 674 libertate
1367 636 1655 677 consentiens.

219 687 313 729 Nos
347 698 438 730 tum
482 692 609 731 nimis
651 707 799 733 acres:
832 707 908 733 vos
941 692 1120 732 fortasse
1153 691 1387 746 sapientius
1411 693 1656 734 excessistis

217 746 324 786 urbe
345 761 408 798 ea,
432 762 562 802 quam
593 748 858 790 liberaratis:
889 752 931 780 48
956 748 1094 790 Italiae
1118 763 1194 789 sua
1217 749 1339 789 vobis
1362 749 1503 789 studia
1525 752 1655 805 proti-

219 803 326 844 tenti
351 806 589 847 remisistis.
650 806 803 862 Itaque
834 821 931 847 cum
967 807 1101 847 teneri
1126 807 1272 846 urbem
1299 821 1323 845 a
1346 807 1568 861 parricidis
1594 808 1654 848 vi-

216 860 377 913 derem,
400 877 479 904 nec
503 873 544 904 te
568 864 610 904 in
642 879 706 914 ea,
738 879 817 905 uec
850 863 1050 904 Cassium
1074 873 1168 904 tuto
1200 877 1292 903 esse
1317 878 1453 918 posse,
1473 878 1654 919 eamque

216 918 346 958 armis
363 934 611 976 oppressam
633 922 687 962 ab
707 921 925 962 Antonio:
960 921 1066 962 mihi
1089 935 1261 976 quoque
1293 921 1373 976 ipsi
1406 935 1496 962 esse
1527 936 1654 963 exce-

214 975 403 1018 dendum
442 979 604 1034 putavi.
667 978 860 1019 Taetrum
886 978 1001 1019 enim
1037 978 1345 1035 spectaculum,
1369 993 1572 1034 oppressa
1599 980 1653 1020 ab

217 1031 362 1089 impiis
393 1035 561 1088 civitas,
583 1036 822 1092 opitulandi
855 1045 1072 1092 potestate
1108 1036 1302 1092 praecisa.
1364 1036 1447 1077 Sed
1480 1037 1652 1078 animus

216 1089 346 1142 idem,
370 1094 443 1148 qui
467 1108 633 1149 semper
663 1094 824 1135 infixus
854 1104 919 1134 est
948 1094 992 1135 in
1024 1094 1175 1150 patriae
1198 1093 1392 1144 caritate,
1417 1093 1654 1135 discessum

216 1149 271 1188 ab
295 1149 387 1204 ejus
410 1151 610 1206 periculis
633 1151 741 1192 ferre
763 1166 847 1192 non
867 1151 1026 1208 potuit.
1057 1152 1203 1207 itaque
1227 1151 1269 1191 in
1292 1151 1436 1191 medio
1457 1150 1652 1193 Achaico

216 1220 358 1258 cursu,
381 1223 479 1249 cum
512 1207 754 1250 Etesiarum
786 1210 938 1250 diebus
970 1207 1131 1250 Auster
1159 1222 1228 1250 me
1251 1208 1295 1248 in
1317 1207 1502 1259 Italiam,
1528 1209 1651 1264 quasi

214 1263 431 1306 dissuasor
449 1267 533 1307 mei
556 1266 739 1318 consilii,
764 1266 992 1318 retulisset,
1017 1276 1058 1307 te
1082 1265 1337 1316 vidiVeliae‚
1359 1265 1563 1320 doluique
1583 1281 1653 1307 ve-

213 1319 452 1364 hementer.
485 1324 682 1365 Cedebas
706 1325 837 1376 enim,
862 1324 1013 1375 Brute,
1033 1323 1292 1374 49cedebas3
1325 1324 1527 1377 quoniam
1553 1324 1653 1365 Sto-

215 1377 271 1418 ici
295 1381 428 1421 nostri
453 1392 627 1438 negant,
650 1382 798 1437 sugere
822 1382 1043 1438 sapientis,
1096 1381 1281 1422 Romam
1305 1390 1353 1421 ut
1371 1381 1484 1432 veni,
1506 1382 1653 1423 statim

214 1437 256 1465 50
273 1450 342 1477 me
364 1439 502 1479 obtuli
541 1439 723 1480 Antonii
762 1439 908 1480 sceleri
941 1449 1071 1495 atque
1101 1438 1361 1479 dementiae:
1394 1453 1522 1494 quem
1553 1454 1651 1480 cum

213 1491 258 1532 in
282 1508 349 1535 me
371 1495 677 1549 incitavissem,
694 1497 875 1538 consilia
895 1497 1003 1538 inire
1021 1496 1139 1552 coepi
1160 1495 1343 1538 Brutina
1366 1496 1489 1551 plane
1503 1497 1652 1548 (vestri

213 1551 328 1592 enim
368 1552 463 1595 liaec
501 1564 601 1595 sunt
635 1556 808 1611 propria
840 1554 1082 1611 sanguinis)
1115 1553 1367 1609 reipublicae
1405 1554 1653 1595 liberandae.

215 1606 369 1665 Longa
389 1620 502 1663 sunt,
525 1627 622 1667 quae
656 1622 833 1662 restant,
855 1611 1181 1668 praetereunda:
1212 1618 1312 1652 sunt
1337 1611 1452 1652 enim
1483 1611 1535 1652 de
1555 1625 1650 1652 me:

213 1673 382 1707 tantum
421 1669 535 1720 dico,
561 1669 779 1711 Caesarem
814 1670 929 1710 hunc
965 1668 1298 1720 adolescentem,
1320 1682 1395 1724 per
1428 1683 1556 1723 quem
1579 1669 1792 1720 act-paea.

211 1721 299 1764 huc
323 1739 483 1777 sumus,
505 1729 538 1767 si
563 1742 708 1768 verum
734 1727 858 1768 fateri
881 1726 1094 1777 volumus,
1117 1726 1295 1767 fluxisse
1325 1740 1379 1766 ex
1405 1724 1527 1767 fonte
1548 1741 1653 1768 con·
1666 1732 1695 1753 θ’·

210 1780 403 1823 siliorum
422 1798 632 1825 meorum.
695 1784 813 1826 Huic
836 1783 974 1825 habiti
997 1800 1023 1824 a
1045 1798 1112 1824 me
1130 1783 1315 1825 honores
1341 1782 1445 1824 nulli
1461 1784 1652 1839 quidem,

211 1837 363 1890 Brute,
387 1841 467 1881 nisi
489 1842 623 1883 debiti
645 1859 654 1883 ι
689 1841 808 1892 nulli,
832 1842 913 1883 nisi
937 1842 1180 1884 necessarii.
1242 1841 1303 1883 Ut
1326 1841 1440 1881 enim
1464 1842 1654 1897 primum

212 1894 457 1939 libertatem
482 1913 684 1941 revocare
707 1899 939 1955 coepimus,
962 1914 1060 1940 cum
1093 1913 1137 1939 se
1167 1898 1367 1957 nondum⁴
1391 1913 1445 1939 ne
1478 1899 1651 1940 Decimi

208 1953 384 2008 quidem
403 1956 524 1997 Bruti
549 1957 695 1999 divina
716 1958 851 1998 virtus
871 1957 931 1998 ita
952 1956 1273 2007 commovisset,
1295 1965 1343 1996 ut
1358 1956 1452 2010 jam
1477 1956 1519 1998 id
1543 1959 1651 1998 scire

209 2024 457 2066 possemus:
491 2023 621 2071 atque
657 2029 785 2056 omne
820 2014 1070 2071 praesidium
1108 2024 1221 2054 esset
1258 2013 1301 2053 in
1337 2028 1484 2069 puero,
1518 2015 1592 2069 qui
1626 2030 1651 2055 a

207 2070 449 2112 cervicibus
487 2074 645 2114 nostris
676 2072 902 2114 avertisset
921 2071 1190 2113 Antonium:
1223 2072 1318 2126 quis
1343 2075 1479 2112 honos
1500 2073 1540 2112 ei
1563 2086 1651 2113 non

209 2125 294 2168 fuit
316 2128 632 2172 decernendus?
677 2145 940 2186 quamquam
975 2144 1058 2186 ego
1090 2129 1149 2170 illi
1182 2138 1275 2170 tum
1299 2130 1526 2170 verborum
1557 2129 1650 2170 lau-

209 2183 307 2226 dem
340 2186 487 2238 tribui,
510 2201 691 2244 eamque
712 2188 944 2229 modicam.
1012 2187 1200 2229 Decrevi
1231 2186 1361 2227 etiam
1395 2187 1650 2243 imperium:

206 2243 324 2297 quod
363 2258 626 2300 quamquam
651 2245 878 2287 videbatur
913 2244 973 2285 illi
1008 2245 1128 2286 aetati
1164 2243 1467 2296 honorificum,
1503 2256 1650 2285 tamen

205 2309 298 2341 erat
319 2302 557 2343 exercitum
581 2303 757 2344 habenti
780 2303 1083 2344 necessarium.
1105 2301 1210 2357 qnid
1232 2302 1347 2343 enim
1371 2312 1436 2343 est
1459 2302 1549 2342 sine
1571 2303 1654 2342 im-

205 2358 326 2413 perio
357 2360 606 2402 exercitus?
669 2360 867 2402 Statuam
908 2359 1136 2417 Philippus
1168 2359 1374 2409 decrevit,
1399 2362 1435 2390 51
1455 2359 1650 2400 celerita-

206 2427 291 2456 tem
318 2417 542 2472 petitionis
566 2418 705 2473 primo
730 2419 918 2470 Servius,
933 2427 1032 2473 post
1053 2417 1260 2472 majorem
1276 2417 1406 2457 etiam
1427 2417 1653 2458 Servilius..

206 2473 317 2515 nihil
341 2484 431 2515 tum
452 2475 635 2516 nimium
660 2475 900 2517 videbatur.
962 2475 1047 2516 Sed
1070 2477 1216 2516 nescio
1237 2474 1458 2529 quomodo
1478 2473 1648 2515 facilius

248 2590 289 2621 47
312 2588 370 2618 sed
401 2589 659 2620 instrumentum
688 2591 785 2629 regni
816 2591 906 2621 dela·
949 2598 1040 2626 usus,
1063 2589 1140 2628 quia
1164 2587 1312 2628 fugiendi
1339 2588 1476 2620 verbum
1498 2588 1560 2619 tibi
1583 2597 1653 2618 non

205 2633 279 2661 tum
293 2631 338 2660 ad
352 2631 515 2671 Lepidum
531 2635 561 2662 et
579 2631 770 2672 Antonium]
785 2634 908 2663 instra·
951 2633 1117 2663 convenit.

207 2678 356 2703 mentum
370 2675 464 2712 regni
480 2675 638 2714 intelligit
654 2677 724 2706 sine
740 2676 840 2705 dubio
855 2685 910 2704 co·
996 2677 1036 2705 50
1058 2684 1110 2704 me
1138 2672 1252 2712 obtule]
1290 2672 1449 2714 Opposui,
1466 2673 1654 2704 adversatus

204 2715 276 2755 pias
292 2716 438 2746 militum
453 2716 667 2748 Caesarianas.
956 2726 1028 2746 sum
1045 2721 1078 2747 et
1093 2715 1291 2756 oppugnavi.

247 2760 288 2788 48
313 2757 422 2788 Italioe
434 2768 495 2788 sua
511 2760 595 2790 vobis
617 2760 726 2790 studia
737 2769 791 2800 pr.
806 2760 905 2791 remi·
995 2762 1032 2790 51
1071 2759 1272 2790 celeritatem
1295 2757 1475 2798 petitionis]
1503 2756 1550 2787 L't
1576 2762 1655 2794 ante

203 2799 304 2838 sistis]
328 2801 507 2839 remisistis,
524 2811 592 2832 non
615 2803 693 2834 estis
717 2803 766 2832 usi
792 2802 909 2834 studiis
952 2807 1087 2833 aetatem
1101 2802 1284 2842 legitimam
1300 2806 1409 2841 posset
1421 2800 1655 2839 magistratum

205 2841 336 2872 oblatis.
953 2849 1075 2885 petere.

244 2887 286 2919 49
307 2885 451 2925 cedebas]
471 2885 484 2916 Ι
489 2895 610 2925 uquam
624 2898 630 2916 :
647 2887 710 2918 hoc
725 2887 821 2919 verbo
835 2896 910 2917 sum

263 2941 374 2970 vor..
400 2942 478 2970 111.
505 2942 545 2970 P.
571 2942 626 2970 11.
894 2934 920 2970 3
945 2942 973 2980 ρ
