1940 3231
328 131 407 164 480
734 122 917 161 EPIST.
944 121 1023 161 AD
1050 124 1332 168 ATTICUM,

328 229 503 285 quidem
533 243 616 286 ego
649 227 786 270 multo
815 227 955 284 magis
986 242 1149 280 vereor,
1181 243 1311 284 quam
1341 239 1489 270 eorum
1519 228 1763 282 hominum,-

328 287 404 342 qui
435 286 563 328 hodie
591 285 757 337 vivunt,
788 284 1070 327 rumusculos.
1102 287 1142 317 52⁷
1159 287 1245 337 sed,
1279 286 1448 341 opinor,
1475 286 1759 341 excipiamus,

327 354 374 385 et
400 352 716 401 exspectemus.
748 342 781 382 si
804 342 919 383 enim
940 341 1169 393 deferetur,
1192 343 1273 384 erit
1294 344 1493 398 quaedam
1515 353 1662 384 nostra
1681 358 1763 399 po-

330 410 480 452 testas,
512 410 556 442 ct
584 412 675 441 tum
703 398 1050 441 deliberabimus.
1083 399 1212 441 etiam
1243 410 1308 441 est
1332 400 1376 441 in
1399 415 1485 441 nou
1508 400 1761 455 accipiendo

327 457 536 500 nonnulla
557 457 706 514 gloria.
738 470 870 511 quare
899 456 932 496 si
955 455 1058 510 quid
1081 460 1245 506 Θεοφάνης
1269 466 1411 498 tecum
1433 457 1544 498 forte
1565 456 1760 498 contule-

328 515 400 567 rit,
423 530 476 557 ne
497 515 674 556 omnino
698 512 949 568 repudiaris.
972 513 1025 553 de
1043 512 1135 553 istis
1155 514 1280 555 rebus
1301 524 1507 570 exspecto
1533 524 1624 554 tuas
1647 514 1762 554 litte-

328 586 421 615 ras:
454 575 492 604 53
506 572 609 628 quid
637 570 785 611 Arrius
816 577 983 621 narret3
1014 584 1099 624 quo
1122 570 1264 611 animo
1284 585 1330 611 se
1349 571 1603 612 destitutum
1626 571 1735 611 ferat
1750 586 1763 612 ε

327 629 453 685 ecqui
476 627 670 670 consules
692 635 918 683 parentur3
942 636 1100 677 utrum,
1117 638 1164 667 ut
1184 627 1329 683 populi
1351 643 1503 679 serm0,
1529 628 1762 683 Pompeius

328 696 374 727 et
396 686 599 738 Crassus3
620 700 690 736 an,
712 694 759 726 ut
776 683 883 724 mihi
906 683 1120 734 scribitur,
1139 698 1237 724 cum
1259 684 1449 726 Gabinio
1470 686 1641 726 Servius
1666 684 1763 725 Sul-

329 743 493 799 picius:
525 752 582 794 et,
607 756 708 783 num
730 755 827 797 quae
850 755 974 781 novae
996 740 1134 796 leges:
1167 752 1224 792 et,
1246 756 1348 781 num
1371 742 1474 797 quid
1497 742 1597 782 novi
1620 741 1761 783 omni-

330 814 413 842 no:
445 810 503 852 et,
524 799 729 855 quoniam
753 798 900 853 Nepos
923 797 1224 852 proficiscitur,
1244 799 1414 839 cuinam
1434 808 1668 854 auguratus
1689 799 1765 839 de-

330 856 515 899 feratur:
546 872 632 912 quo
654 855 826 910 quidem
851 868 936 895 uno
960 867 1041 908 ego
1064 855 1119 894 ab
1152 855 1245 895 istis
1269 856 1365 910 capi
1388 871 1577 911 possum.
1611 858 1651 886 54
1666 855 1763 896 vide

329 913 549 955 levitatem
571 928 725 954 meam.
749 913 820 952 sed
839 910 942 966 quid
964 925 1046 967 ego
1067 911 1177 960 haec,
1197 926 1293 965 quae
1316 914 1445 969 cupio
1467 913 1697 968 deponere,
1717 920 1763 953 et

332 979 425 1012 toto
448 972 592 1012 animo
614 980 742 1025 atque
773 969 890 1010 omni
919 982 1021 1008 cura
1048 974 1257 1016 φιλοσοφεῖν.)
1292 969 1367 1019 sic,
1391 970 1581 1025 inquam,
1604 970 1648 1010 in
1669 969 1763 1010 ani-

329 1042 403 1069 mo
424 1038 504 1068 est.
536 1027 688 1068 vellem
720 1027 774 1068 ab
806 1025 943 1066 initio.
976 1038 1090 1065 nunc
1111 1038 1227 1075 ver0‚
1248 1026 1468 1080 quoniam,
1489 1042 1586 1082 quae
1612 1026 1760 1083 putavi

331 1098 423 1125 esse
458 1085 675 1141 praeclara,
708 1091 910 1140 expertus
943 1095 1050 1132 sum,
1082 1096 1209 1136 quam
1241 1092 1383 1124 essent
1412 1083 1570 1134 inania,
1605 1087 1645 1115 55
1661 1097 1763 1125 cum

331 1143 532 1183 omnibus
567 1141 708 1183 Musis
743 1141 952 1182 rationem
982 1138 1140 1179 habere
1166 1140 1328 1195 cogito.
1389 1139 1455 1181 Tu
1486 1149 1629 1181 tamen
1655 1140 1764 1181 56de

332 1198 487 1240 Curtio
509 1199 562 1240 ad
592 1213 660 1239 me
683 1197 867 1238 rescribe
896 1196 1079 1247 certius;
1110 1206 1166 1246 et,
1191 1211 1292 1237 num
1314 1197 1409 1251 quis
1433 1198 1477 1238 in
1499 1197 1592 1252 ejus
1615 1198 1760 1238 locum

330 1266 528 1312 paretur-3
560 1265 617 1307 et,
639 1255 741 1310 quid
763 1255 816 1295 de
841 1253 891 1294 P.
912 1252 1066 1293 Clodio
1091 1252 1189 1294 fiat:
1221 1263 1278 1304 et,
1301 1254 1461 1305 omnia,
1483 1254 1766 1309 quemadmo-‘

329 1313 434 1354 dum
456 1312 684 1369 polliceris,
706 1315 757 1352 ἐπὶ
776 1317 901 1362 ο-χολῖῐς
924 1310 1082 1361 scribe3
1115 1321 1157 1349 et
1187 1325 1271 1364 quo
1302 1311 1370 1351 die
1393 1311 1536 1352 Roma
1559 1321 1599 1352 te
1620 1311 1764 1353 exitu-

328 1385 425 1411 rum
456 1379 595 1426 putes,
626 1369 753 1410 velim
784 1367 836 1407 ad
871 1380 938 1407 me
969 1367 1148 1407 scribas:
1182 1378 1230 1408 ut
1259 1369 1485 1409 certiorem
1519 1379 1560 1409 te
1590 1368 1762 1418 faciam,

330 1428 487 1482 quibus
510 1428 553 1467 in
576 1426 680 1467 locis
703 1425 870 1464 futurus
893 1425 998 1474 sim3
1029 1423 1340 1480 epistolamque
1370 1426 1517 1466 statim
1539 1426 1612 1466 des
1634 1426 1687 1466 de
1709 1425 1767 1466 iis·

220 1500 254 1532 p.
270 1491 319 1522 26.
334 1485 475 1535 rebus,
507 1484 560 1525 de
591 1483 746 1539 quibus
780 1481 832 1522 ad
867 1491 908 1522 te
938 1480 1103 1536 scripsi.
1137 1480 1257 1523 valde
1288 1482 1405 1523 enim
1436 1493 1643 1539 exspecto
1668 1491 1761 1524 tuas

284 1544 317 1565 ἃ·
333 1541 510 1582 litteras.

290 1594 318 1635 6
763 1594 997 1636 CICERO
1029 1594 1257 1637 ATTICO
1290 1596 1334 1637 S.

334 1654 524 1716 QUOD
549 1664 629 1705 tibi
651 1663 940 1719 superioribus
963 1663 1115 1703 litteris
1140 1664 1432 1718 promiseram,
1455 1664 1561 1715 fore,
1584 1672 1632 1705 ut
1653 1677 1776 1720 opus·-

329 1732 498 1764 extaret
518 1722 647 1776 hujus
671 1720 1054 1777 peregrinationis3
1087 1720 1191 1760 nihil
1208 1721 1302 1775 jam
1322 1736 1583 1777 magnopere
1605 1721 1763 1762 confir-

328 1795 416 1821 mo.
449 1781 510 1821 sic
539 1779 655 1820 enim
691 1792 784 1818 sum
814 1777 1066 1833 complexus
1099 1778 1251 1828 otium,
1284 1787 1330 1818 ut
1358 1779 1412 1818 ab
1435 1793 1486 1818 eo
1508 1778 1651 1819 divelli
1674 1793 1766 1819 non*

328 1852 496 1892 queam.
529 1836 673 1890 itaque
705 1844 779 1874 aut
806 1834 925 1874 libris
955 1849 1023 1874 mc
1045 1833 1225 1885 delecto,
1256 1849 1439 1889 quorum
1468 1835 1608 1876 habeo
1629 1835 1761 1875 Antii

326 1895 526 1935 festivam
556 1892 754 1948 copiam:
787 1902 862 1931 aut
895 1891 1050 1931 fluctus
1086 1906 1275 1932 numero.
1309 1906 1406 1932 nam
1439 1893 1492 1933 ad
1523 1895 1561 1925 57
1579 1892 1759 1933 lacertos

323 1951 561 2007 captandos
583 1958 858 2005 tempestates
883 1962 966 1988 non
990 1957 1088 1989 sunt
1111 1949 1291 1990 idoneae.
1328 1964 1353 1989 a
1383 1949 1609 1990 scribendo
1638 1964 1759 2004 pror-

369 2084 408 2112 52
420 2081 486 2118 sed,
498 2091 525 2111 o.
539 2081 738 2120 excipiamus
748 2083 777 2109 et
788 2077 1019 2118 exspectemus]
1070 2080 1113 2111 19.
1138 2087 1169 2108 se
1193 2078 1272 2108 dicit
1288 2078 1486 2118 τυφλάττεινε
1512 2088 1625 2109 verum
1648 2079 1682 2109 in
1698 2076 1768 2109 alia'

326 2124 415 2163 Quid
437 2125 481 2153 sit
499 2124 700 2162 excipiamus
720 2121 839 2156 nescio,
858 2130 917 2150 nec
935 2121 1022 2159 quis·
1065 2130 1109 2150 re.
1133 2119 1216 2150 Mihi
1232 2121 1329 2151 lectio
1345 2122 1469 2152 Mureti
1483 2122 1610 2160 optima
1620 2120 1762 2157 videtur,

326 2176 425 2205 quarn
439 2165 626 2204 explicavit.
1065 2173 1199 2201 eamque
1222 2171 1352 2193 secutus
1374 2174 1458 2195 sum.
1503 2163 1634 2193 Levitas
1656 2168 1706 2192 est
1728 2163 1771 2197 in,

370 2211 409 2239 53
432 2208 513 2246 quid
531 2208 652 2238 Arrius
673 2209 808 2236 narret.-
831 2215 891 2244 quo
913 2206 1022 2234 animo
1065 2214 1114 2240 eo,
1143 2204 1228 2243 quod
1252 2213 1404 2236 movetur
1430 2210 1609 2245 auguratus·
1639 2204 1768 2243 cupidi?

329 2250 404 2289 δῖα]
428 2249 622 2280 Tunstallus
643 2259 675 2288 p.
696 2251 748 2281 47.
771 2247 922 2286 corrigit:
947 2247 1026 2286 quid
1066 2252 1149 2284 tate,
1179 2253 1214 2276 et
1234 2258 1272 2277 co
1295 2258 1328 2278 se
1351 2248 1422 2287 capi
1446 2257 1538 2287 posse
1560 2247 1656 2276 dicit:
1681 2247 1767 2276 item

327 2293 461 2329 Arrius,
477 2295 628 2328 narrent,
655 2292 713 2331 (sc.
736 2288 855 2328 literae)
874 2299 933 2328 quo
949 2290 1021 2318 ani·
1066 2296 1143 2319 aute
1160 2289 1263 2327 gloria
1277 2299 1295 2319 e
1310 2289 1474 2328 legatione
1490 2289 1612 2319 oblata.

327 2343 380 2364 mo
409 2335 469 2364 διο.
499 2343 616 2373 nempe
645 2339 831 2372 speraverat
856 2340 888 2361 sc
916 2332 1023 2361 Crassi

328 2376 523 2415 patrocinio·
549 2375 717 2405 consulem
752 2373 916 2403 futurum.
961 2372 1024 2403 Sed

329 2427 397 2448 non
412 2418 533 2458 placet,
549 2418 728 2457 quid—quo
743 2416 853 2445 animo
864 2427 873 2444 :
897 2421 930 2444 et
945 2425 1024 2444 nar-

329 2463 380 2489 ret
401 2471 450 2499 ep.
474 2461 503 2490 6.
528 2460 649 2490 iterum
670 2459 716 2488 sic
738 2457 870 2495 dicitur,
892 2462 931 2487 ut
950 2456 982 2487 h.
999 2457 1023 2487 l.

329 2502 431 2542 accipi
448 2502 553 2532 debet.

372 2546 413 2574 54
435 2545 507 2574 vide
531 2545 694 2573 levitatem
719 2541 840 2581 meam]
866 2541 948 2572 Edd.
974 2552 1022 2581 pr.

327 2585 507 2621 civitatem,
528 2586 598 2615 sine
626 2586 724 2615 dubio
746 2585 871 2614 vitiose.
916 2584 963 2613 Ex
986 2594 1024 2613 eo

329 2628 456 2658 Mureti
482 2629 670 2665 conjectura
695 2628 821 2657 factum
849 2627 1023 2656 let-itatem.

327 2670 446 2701 Bosius
472 2679 491 2699 e
520 2669 583 2699 Ms.
621 2670 767 2708 reposuit
801 2669 1022 2704 securitatem,

327 2711 417 2750 quod
431 2717 466 2741 et
487 2712 647 2741 Gruterus
669 2718 798 2740 secutus
821 2716 882 2746 est,
907 2709 1023 2749 probat

326 2752 522 2784 Tunstallus
538 2752 561 2783 l.
579 2764 606 2782 c.
631 2752 692 2782 Sed
707 2752 783 2790 quid
800 2751 852 2782 hic
867 2752 1023 2782 securitas

327 2795 420 2833 velit,
443 2805 509 2826 non
529 2799 636 2835 potest
659 2794 810 2834 intelligi,
831 2799 888 2823 aut
904 2793 1024 2824 doceri.

325 2837 399 2868 Jac.
423 2837 606 2867 Gronovius
629 2837 769 2875 conjecit
785 2837 975 2872 caecitatem,
991 2842 1025 2866 et

327 2878 362 2910 id
377 2879 411 2910 in
425 2883 554 2910 textum
576 2879 711 2920 recepit,
733 2879 809 2918 quia
823 2883 857 2909 et
871 2878 957 2909 infra
972 2887 1022 2918 ep.

1099 2335 1138 2361 55
1155 2341 1228 2361 cum
1240 2332 1385 2361 omnibus
1396 2331 1503 2362 ,Masis
1514 2341 1542 2360 r.
1554 2333 1585 2360 h.
1599 2330 1640 2370 a]
1659 2331 1763 2367 Bene,

1066 2383 1138 2412 pro,
1162 2382 1259 2402 omne
1283 2382 1384 2412 genus
1409 2373 1579 2403 literarum
1598 2373 1769 2403 tractabo.·

1067 2415 1130 2446 Sed
1145 2414 1205 2444 hoc
1220 2424 1286 2444 non
1303 2416 1381 2444 satis
1395 2421 1510 2454 aptum
1527 2415 1593 2444 rei:
1617 2424 1691 2453 quae
1706 2419 1771 2454 po-‘

1066 2456 1190 2487 stulare
1205 2456 1333 2486 videtur
1346 2467 1420 2486 cum
1434 2458 1508 2487 solis
1522 2456 1640 2493 illusis,
1649 2461 1706 2487 aut
1721 2456 1766 2487 si-

1068 2499 1145 2529 mile
1160 2498 1238 2537 quid
1252 2498 1350 2537 hujus
1365 2500 1550 2529 sententia:-

1111 2541 1150 2571 56
1177 2541 1215 2570 (Ie
1246 2540 1369 2579 Curtio]
1398 2541 1578 2571 Historiam
1606 2541 1763 2581 ignorant

1068 2592 1195 2612 omnes:
1219 2582 1244 2611 si
1262 2588 1374 2612 tamen
1389 2582 1487 2612 lectio
1504 2593 1579 2613 vera
1592 2588 1652 2613 est.
1676 2583 1765 2614 Con-

1061 2625 1184 2663 jiciunt
1196 2624 1306 2660 Arrio,
1320 2624 1376 2654 sed
1386 2624 1424 2654 de
1436 2634 1474 2654 eo
1487 2630 1565 2655 ante
1578 2625 1764 2666 scripserat,

1066 2672 1099 2697 et
1115 2667 1144 2696 ei
1162 2676 1227 2696 non
1243 2666 1321 2696 satis
1335 2672 1413 2706 apta
1429 2675 1477 2696 res
1491 2671 1552 2697 est.

1109 2711 1146 2742 57
1170 2711 1310 2738 lacertas
1323 2708 1517 2747 captandas]
1541 2707 1574 2738 J.
1589 2707 1642 2738 Fr.
1658 2708 1761 2739 Gron.

1066 2751 1148 2781 bene
1165 2751 1300 2789 corrigit
1316 2751 1450 2780 lacertos
1464 2751 1658 2789 captandos.-
1683 2759 1760 2781 nam

1068 2792 1102 2822 hi
1117 2799 1196 2823 sunt
1212 2792 1342 2828 marini,
1359 2794 1487 2822 lacertoe
1501 2797 1580 2822 sunt
1592 2793 1761 2825 terrestria

1069 2835 1236 2866 animalia.
1280 2834 1357 2866 Non
1372 2834 1518 2865 dubitavi
1532 2834 1577 2865 sic
1593 2834 1697 2866 edere⁴
