1940 3231
738 185 946 223 LIBER
977 185 1071 223 XII.
1539 194 1616 233 ‘773

174 303 268 330 sare
292 290 434 333 vicino
465 290 719 346 scripseram
750 289 802 330 ad
836 297 891 339 te,
915 288 1016 343 quia
1046 303 1284 344 cognoram
1315 305 1370 332 ex
1395 293 1479 333 tuis
1501 293 1615 336 litte-

171 347 244 387 ris.
268 362 363 389 eum
389 352 514 389 σύννοιαν
538 348 722 395 Quirino
746 345 873 396 maIO,
896 360 1023 401 quarn
1048 345 1202 388 Saluti.
1253 346 1318 388 Tu
1345 362 1445 389 vero
1469 353 1507 380 58
1521 366 1615 406 per-

173 404 304 461 vulga
328 405 538 447 Hirtium.
561 405 602 446 id
631 403 745 444 enim
778 402 918 458 ipsum
952 413 1164 460 putaram,
1187 405 1302 460 quod
1335 406 1518 459 scribis3
1552 419 1613 458 ut,

170 476 268 503 cum
294 463 515 520 ingenium
543 462 669 502 amici
703 461 838 501 nostri
873 463 1140 516 probaretur,
1164 467 1314 508 ὑπόθες-ις
1338 464 1612 520 vituperandi

169 519 350 562 Catonis
374 520 631 561 irrideretur.

601 585 836 627 CICERO
869 584 1098 627 ATTICO
1131 586 1175 628 S.
1623 591 1680 631 46

174 639 449 705 VINCAM,
472 653 641 710 opinor,
670 654 876 705 animum,
909 663 952 695 et
985 654 1180 695 Lanuvio
1215 669 1389 712 pergam
1424 657 1469 698 in
1500 656 1610 699 Tus-

165 711 382 752 culanum.
414 721 488 752 aut
529 713 644 752 enim
686 712 792 753 mihi
829 713 870 752 in
906 724 1159 768 perpetuum
1192 711 1327 754 fundo
1360 714 1432 755 illo
1462 730 1611 756 caren-

163 768 265 809 dum
289 779 377 810 est:
411 773 527 821 (nam
553 769 675 810 dolor
695 770 807 811 idem
833 770 1039 818 manebit,
1063 773 1102 803 59
1115 779 1282 810 tantum
1306 772 1610 823 mediocrius:)

162 836 236 866 aut
269 827 412 867 nescio
445 827 548 882 quid
581 827 763 878 intersit,
797 837 939 868 utrum
973 827 1073 868 illuc
1105 842 1219 868 nunc
1252 829 1437 881 veniam,
1471 845 1521 870 an
1555 831 1608 872 ad

161 882 309 924 decem
335 899 484 925 annos.
510 899 648 940 neque
670 885 784 926 enim
809 885 890 926 ista
913 884 1049 940 major
1081 883 1337 938 admonitio,
1360 902 1489 942 qnam
1512 889 1607 944 qui-

159 939 238 980 bus
261 942 429 983 assidue
453 942 675 993 conficior,
699 952 742 983 et
765 943 853 983 dies
875 952 919 982 et
942 952 1105 984 noctes,
1129 942 1233 998 quid
1256 947 1386 1000 ergo?
1418 945 1607 1001 inquies:

157 997 266 1039 nihil
299 999 483 1042 litterae?
520 1000 562 1041 in
601 1000 681 1041 hac
713 1000 885 1055 quidem
921 1014 978 1051 re,
1012 1014 1160 1041 vereor
1193 1015 1246 1041 ne
1277 1003 1407 1043 etiam
1440 1013 1607 1045 contra.

156 1069 255 1096 nam
279 1071 413 1098 essem
440 1057 619 1099 fortasse
641 1057 801 1099 durior.
825 1057 963 1098 60isto
986 1057 1102 1098 enirn
1126 1058 1272 1100 animo
1294 1059 1403 1101 nihil
1423 1071 1607 1118 agreste,

157 1113 265 1154 nihil
289 1115 571 1156 inhumanum
597 1123 676 1155 est.

592 1180 828 1224 CICERO
859 1180 1089 1223 ATTICO
1123 1181 1167 1224 S.
1615 1191 1669 1232 47

152 1238 244 1291 TU
285 1249 431 1305 igitur,
469 1259 517 1291 ut
555 1252 790 1308 scripsisti3
825 1265 903 1293 nec
943 1251 986 1292 id
1027 1251 1306 1292 incommodo
1348 1261 1438 1294 tuo.
1482 1255 1647 1296 61velb-

155 1309 269 1349 binae
303 1308 417 1349 enim
456 1318 659 1364 poterunt
700 1309 872 1350 litterae.
908 1323 1131 1350 occurram
1173 1309 1320 1360 etiam,
1358 1311 1391 1351 si
1433 1325 1605 1353 necesse

154 1365 249 1406 erit.
271 1379 375 1421 ergo
408 1365 450 1406 id
473 1366 663 1422 quidem,
689 1376 736 1408 ut
769 1367 945 1423 poteris.
1011 1365 1079 1407 De
1114 1365 1321 1417 Mustela,
1347 1379 1392 1408 ut
1425 1369 1603 1412 scribis:

154 1423 235 1464 etsi
280 1437 486 1478 magnum
530 1439 638 1480 opus
681 1433 758 1466 est.
798 1439 850 1465 eo
891 1423 1029 1479 magis
1071 1423 1248 1465 delabor
1290 1425 1342 1466 ad
1389 1425 1604 1469 Clodiam.

155 1494 417 1536 quamquam
455 1481 497 1521 in
544 1492 725 1537 utroque
769 1481 1054 1523 Faberianum
1092 1496 1248 1522 nomen
1289 1483 1604 1539 explorandum

154 1550 244 1579 est:
278 1538 330 1578 de
362 1553 463 1593 quo,
488 1539 593 1580 nihil
627 1540 837 1590 nocuerit,
867 1539 899 1580 si
932 1539 1092 1594 aliquid
1126 1554 1225 1580 cum
1257 1539 1396 1581 Balbo
1430 1542 1511 1582 eris
1543 1542 1607 1583 lo-

153 1608 308 1646 cutus;
339 1606 381 1636 et
411 1596 601 1651 quidem,
627 1607 673 1637 ut
710 1611 774 1638 res
807 1606 887 1648 est,
921 1610 1062 1637 emere
1096 1611 1173 1637 nos
1209 1597 1331 1648 velle,
1367 1613 1446 1639 nec
1480 1614 1606 1655 posse

152 1654 244 1695 sine
280 1653 361 1693 isto
396 1654 584 1704 nomine,
615 1669 693 1695 nec
727 1655 935 1695 6‘laudere
969 1654 1147 1694 incerta.
1183 1654 1254 1695 sed
1290 1656 1463 1710 quando
1502 1656 1605 1699 Clo-

151 1711 223 1753 dia
257 1709 409 1752 Romae
445 1711 589 1752 futura
620 1721 699 1762 est,
721 1721 763 1752 et
787 1712 889 1767 quia
921 1712 1027 1752 tanti
1062 1726 1150 1752 rem
1180 1712 1384 1765 aestimas,
1407 1727 1458 1755 eo
1482 1729 1603 1771 pror-

148 1783 219 1809 sus
243 1779 416 1824 specto:
451 1784 536 1809 non
561 1770 663 1825 quin
690 1769 792 1810 illud
819 1769 991 1821 malim3
1027 1770 1098 1810 sed
1123 1778 1165 1809 et
1189 1785 1348 1826 magna
1369 1786 1434 1812 res
1457 1781 1535 1824 est,
1559 1781 1604 1815 et

146 1827 324 1868 difficile
348 1826 388 1856 63
401 1836 618 1867 certamen
644 1842 742 1868 eum
766 1827 940 1883 cupido,
965 1842 1062 1868 cum
1096 1826 1326 1883 locuplete,
1349 1844 1448 1870 cnm
1482 1830 1603 1872 here-

151 1883 232 1925 de:
265 1884 345 1925 etsi
370 1884 423 1925 de
445 1885 685 1940 cupiditate
707 1885 869 1926 nemini
893 1885 1126 1926 concedam
1149 1901 1157 1926 :
1191 1886 1345 1927 ceteris
1377 1888 1504 1928 rebus
1538 1888 1603 1929 in-

144 1940 320 1982 feriores
367 1957 528 1983 sumus.
559 1943 631 1983 sed
665 1943 759 1984 haec
791 1957 951 1983 coram.
1015 1941 1151 1983 Hirtii
1185 1942 1359 1994 librum,
1396 1954 1444 1985 ut
1477 1944 1600 1998 facis,

145 1999 337 2055 divulga.
399 1999 520 2040 64De
554 2000 808 2050 Philotimo,
844 2000 955 2041 idem
990 2010 1033 2040 et
1066 2015 1148 2056 ego
1186 2001 1442 2043 arbitrabar.
1504 2002 1598 2044 Do-

143 2071 263 2097 mum
297 2067 413 2097 tuam
449 2057 579 2112 pluris
605 2058 728 2099 video
762 2058 950 2099 futuram
977 2058 1120 2099 vicino
1149 2056 1336 2099 Caesare.
1398 2058 1596 2101 Tabella-

143 2115 254 2155 rium
281 2129 422 2155 meum
447 2115 576 2156 hodie
597 2126 916 2172 exspectamus.
940 2131 1017 2156 nos
1050 2116 1103 2156 de
1132 2114 1242 2157 Pilia
1264 2126 1307 2157 et
1328 2116 1479 2159 Attica
1502 2132 1593 2159 cer-

148 2172 277 2213 tiores
301 2172 447 2213 faciet.

582 2240 817 2284 CICERO
850 2239 1080 2282 ATTICO
1114 2240 1157 2281 S.
1599 2257 1657 2296 48

144 2296 330 2351 DOMI
362 2318 405 2349 te
436 2308 619 2349 libenter
650 2323 740 2350 esse
773 2308 898 2350 facile
926 2309 1069 2350 credo.
1087 2309 1165 2350 *sed
1192 2309 1316 2350 velim
1341 2309 1463 2362 scire,
1484 2311 1588 2366 quid

139 2368 220 2410 tibi
264 2377 408 2418 restet,
446 2378 521 2407 aut
557 2367 709 2421 jamne
751 2366 1004 2408 confeceris.
1049 2381 1131 2422 ego
1171 2377 1211 2408 te
1253 2369 1297 2408 in
1341 2366 1587 2411 Tusculano

180 2485 220 2513 58
238 2484 406 2522 pervulga
431 2481 587 2513 Hirtium
618 2481 694 2521 &c.]
715 2492 754 2517 ,v.
785 2492 836 2522 ep.
881 2487 1022 2521 agreste,
1048 2480 1104 2511 sed
1131 2483 1237 2522 major
1258 2491 1372 2513 sensus
1397 2482 1590 2516 humanita-

135 2527 187 2557 40.
213 2534 254 2555 π.
881 2525 935 2555 tis.

180 2535 220 2602 55¹)
243 2572 375 2597 tantam
398 2565 604 2605 mediocrius]
623 2565 695 2598 edd.
712 2577 760 2606 pr.
777 2567 838 2598 oci-
925 2568 962 2597 61
988 2567 1040 2596 vel
1054 2567 1330 2606 bime-poterunt
1347 2567 1463 2608 literoe]
1488 2569 1604 2601 Com-.

135 2620 184 2640 us.
207 2619 247 2640 ex
272 2619 311 2639 eo
335 2611 526 2641 mediocrius
552 2609 630 2639 fecit
655 2609 840 2640 Manutius.
883 2619 1005 2645 meare,
1022 2609 1149 2639 interea
1165 2609 1274 2639 scribi.

135 2652 284 2683 Graevius
313 2651 457 2683 malebat
489 2652 673 2688 modestius,
705 2652 790 2691 quod
821 2662 839 2682 e
926 2652 967 2682 62
990 2652 1112 2682 audere
1131 2651 1274 2691 incerta]
1301 2651 1480 2690 Delevire,
1500 2654 1587 2693 quod

137 2695 219 2727 Cod.
236 2698 300 2724 vet.
318 2699 473 2726 notatum
495 2699 546 2726 est
569 2695 604 2724 in
626 2696 775 2735 margine
789 2695 851 2726 ed.-
884 2695 975 2725 abest
991 2693 1064 2725 edd.
1082 2705 1131 2734 pr.
1147 2694 1193 2724 sic
1209 2695 1354 2724 malebat
1369 2695 1530 2726 Graevius.

134 2737 254 2769 Lamb.
923 2738 962 2769 63
979 2741 1145 2768 certamen
1157 2746 1233 2768 oum
1247 2737 1377 2777 cupido]
1396 2738 1458 2769 int.
1476 2738 1583 2769 otho·

179 2780 221 2811 60
243 2780 303 2809 isto
317 2779 403 2809 enim
419 2779 544 2819 auimo]
570 2781 700 2811 Servavi
723 2780 838 2811 lectio-
882 2789 935 2811 ne.
956 2790 1007 2820 ep.
1024 2781 1077 2810 43.

135 2832 212 2853 nem
228 2821 301 2851 edd.
319 2831 367 2861 pr.
386 2831 441 2861 per
464 2825 689 2863 conjecturam
711 2823 837 2854 editum
924 2823 963 2853 64
990 2821 1045 2854 De
1067 2820 1260 2861 Philotimo]
1283 2821 1370 2855 Eum
1398 2823 1585 2860 mentitum

135 2871 186 2895 est
218 2866 345 2895 exculto
379 2875 399 2895 a
432 2864 519 2895 vict.
553 2865 685 2895 Manut.
722 2865 838 2897 Lamb.
883 2874 951 2896 esse
978 2865 1016 2895 de
1033 2866 1096 2896 Cn.
1112 2864 1270 2905 Pompeio
1283 2874 1336 2906 ep.
1353 2866 1405 2895 44.
1422 2864 1460 2894 de
1478 2865 1585 2898 vicino

133 2908 240 2938 Graev.
256 2907 328 2946 ξιςῶ
350 2917 368 2937 a
395 2907 503 2940 Bosio.
519 2907 616 2938 Grut.
631 2910 692 2939 isto
715 2910 838 2945 animo,
884 2908 1013 2939 Caesare
1029 2917 1060 2939 v.
1074 2917 1126 2948 ep.
1141 2909 1196 2938 45.

135 2955 197 2988 est,
212 2951 248 2982 in
271 2960 322 2989 e0,
340 2949 394 2990 qui
418 2949 530 2981 literas
553 2950 665 2990 callet,
682 2951 766 2982 nihil
789 2957 840 2982 est

825 2997 953 3035 31³3
