1940 3231
701 104 918 146 LIBER
957 107 1010 144 ΙΙ.
1509 109 1584 145 915

141 213 494 272 oppugnabatur,
525 212 732 255 arbitratu
766 222 915 253 nostro
946 210 1231 262 concidimus,
1267 209 1364 261 diis,
1396 210 1586 252 homini-

140 271 308 328 busque
339 271 657 327 plaudentibus.
689 300 691 303 s
720 270 838 316 Quin
864 270 995 310 etiam
1021 268 1194 309 Paullus
1225 280 1370 308 noster
1399 284 1497 309 cum
1524 280 1586 309 te-

142 329 220 370 stis
235 327 478 386 productus
501 337 612 369 esset
633 329 677 369 in
702 328 916 378 Sextium,
939 326 1228 377 confirmavit,
1254 340 1296 365 se
1319 340 1476 366 nomen
1498 327 1585 367 Va-

138 387 238 428 tinii
272 387 528 436 delaturum,
561 386 596 427 si
627 385 780 426 Macer
816 385 1008 426 Licinius
1031 393 1333 425 cunctaretur:
1366 394 1410 423 et
1434 383 1586 424 Macer

138 459 165 484 a
187 445 328 486 Sextii
351 443 562 485 subselliis
586 444 787 493 surrexit,
807 458 857 484 ac
879 446 917 477 ’27
935 457 979 484 se
1002 442 1060 483 illi
1085 457 1171 482 non
1195 441 1446 482 defuturum
1471 441 1585 481 affir-

138 503 290 544 mavit.
352 501 470 548 Quid
507 502 692 556 quaeris?
727 501 857 542 homo
891 500 1102 556 petulans,
1125 509 1169 540 et
1196 499 1353 548 audax,
1383 498 1584 539 Vatinius

135 560 262 601 valde
293 560 568 616 perturbatus
603 559 941 614 debilitatusque
972 558 1183 599 discessit.
1245 558 1438 603 Quintus
1470 566 1585 607 tuus,

137 631 245 673 puer
275 617 482 674 optimuS‚
513 617 707 658 eruditur
736 617 925 673 egregie.
960 617 1042 657 hoc
1073 630 1188 656 nunc
1219 615 1358 671 magis
1391 614 1586 655 animad-

136 686 275 725 verto,
305 675 420 730 quod
454 673 674 730 Tyrannio
706 675 834 715 docet
864 674 979 730 apud
1011 688 1094 714 me.
1157 672 1326 714 Domus
1361 673 1585 727 utriusque

136 732 336 774 nostrum
359 732 601 774 aedificatur
623 743 808 774 strenue.
871 731 1123 780 Redemtori
1158 742 1232 772 tuo
1255 730 1484 772 dimidium
1512 745 1584 786 pc-

135 791 279 832 cuniae
302 790 466 832 curavi.
527 792 663 847 Spero
686 805 764 831 nos
781 800 880 830 ante
907 790 1093 830 hiemem
1118 788 1450 830 contubernales
1474 788 1582 828 fore.

140 847 210 889 De
248 858 397 889 nostra
430 847 584 900 Tullia,
618 849 680 889 tui
715 847 956 889 mehercule
987 847 1298 897 amantissima,
1331 860 1455 901 spero
1483 861 1584 887 cum

138 905 397 962 Crassipede
426 921 507 947 nos
530 906 783 948 confecisse.
835 908 874 936 28
891 905 996 947 Dies
1019 915 1140 945 erant
1162 904 1263 954 duo,
1282 905 1354 959 qui
1382 913 1478 959 post
1503 904 1584 944 La-

138 964 251 1005 tinas
275 964 489 1005 habentur
520 964 734 1021 religiosi3
767 965 807 998 29
820 973 1013 1006 ceterum
1034 961 1284 1004 confectum
1307 972 1399 1003 erat
1422 961 1584 1010 Latiar,

135 1036 254 1064 eram
275 1022 487 1064 exiturus.

655 1077 1063 1118 ARGUMENTUM
1598 1078 1624 1116 5

135 1144 198 1181 De
211 1147 369 1193 pecunia
388 1146 564 1194 Pompeio
582 1146 620 1182 in
628 1144 884 1194 frumentaria
903 1156 1013 1181 causa
1031 1144 1199 1183 decreta;
1227 1143 1271 1178 cle
1289 1153 1379 1189 agro
1400 1141 1587 1188 Campano

171 1199 262 1247 quid
279 1200 318 1235 in
336 1198 476 1236 Senatu
494 1203 616 1235 actum
633 1200 695 1241 sic,
716 1203 751 1234 et
771 1199 814 1234 de
834 1198 888 1234 M.
911 1198 1020 1234 Furio
1039 1197 1171 1233 Flacco
1190 1196 1234 1231 de
1252 1195 1414 1242 collegiis
1433 1192 1557 1240 ejecto.

509 1265 770 1308 MARCUS
805 1266 862 1314 Q.
895 1263 1128 1307 FRATRI
1162 1263 1209 1304 S.

138 1324 471 1378 ‚DEDERAM
504 1336 557 1377 ad
588 1346 629 1376 te
660 1335 823 1376 litteras
846 1343 989 1384 antea,
1012 1336 1053 1365 30
1066 1332 1224 1389 quibus
1247 1339 1338 1373 erat
1361 1330 1587 1387 scriptum,

134 1388 321 1435 Tulliam
347 1402 542 1435 nostram
566 1393 813 1450 Crassipedi
839 1393 950 1450 prid.
974 1391 1092 1433 Non.
1116 1389 1255 1447 April.
1287 1403 1379 1430 esse
1401 1388 1588 1445 despon-

136 1461 299 1493 satam:
333 1461 562 1507 ceteraque
593 1452 646 1492 de
678 1466 722 1493 re
757 1451 935 1507 publica
957 1449 1213 1507 privataque
1239 1446 1586 1504 perscripseram.

139 1509 300 1552 Postea
329 1520 429 1551 sunt
453 1510 548 1551 haec
571 1519 684 1551 acta.
746 1509 863 1550 Non.
898 1508 1006 1565 Apr.
1031 1517 1203 1548 senatus
1226 1505 1425 1547 consulto
1456 1504 1587 1545 Pom-

134 1568 234 1624 peio
269 1568 454 1624 pecunia
483 1568 656 1609 decreta
687 1569 728 1608 in
762 1581 848 1608 rem
884 1565 1210 1607 frumentariam
1240 1564 1293 1605 ad
1324 1562 1421 1603 iffi—S
1449 1576 1586 1603 cccc.

136 1626 222 1667 Sed
255 1626 408 1667 eodem
441 1625 510 1666 die
545 1625 822 1666 vehementer
854 1633 1000 1666 actum
1032 1624 1084 1665 de
1119 1637 1222 1679 agro
1248 1621 1475 1676 Campano
1500 1620 1586 1661 cla-

135 1698 257 1725 more
280 1693 452 1725 senatus
475 1698 610 1741 prope
632 1682 891 1724 concionali.
914 1682 1124 1723 acriorem
1147 1694 1320 1722 causam
1341 1679 1491 1735 inopia
1513 1692 1587 1734 pe-

135 1742 277 1783 cuniae
302 1741 505 1792 faciebat,
527 1752 571 1783 et
593 1756 776 1783 annonae
801 1741 971 1782 caritas.
1034 1739 1136 1781 Non
1162 1738 1509 1794 praetermittam,
1533 1751 1585 1776 ne
1642 1771 1650 1779 .

136 1798 240 1840 illud
259 1799 451 1855 quidem,
474 1799 542 1841 M.
566 1799 744 1840 Furium
768 1799 986 1850 Flaccum,
1009 1797 1197 1853 equitem
1223 1795 1486 1846 Romanum,
1508 1794 1627 1836 lio-1⁷⁴
1644 1798 1718 1826 3¹0·

132 1857 295 1898 minem
326 1857 525 1913 nequam,
553 1857 792 1914 Capitolini
830 1867 873 1898 et
897 1856 1180 1898 Mercuriales
1209 1854 1262 1895 de
1289 1852 1474 1908 collegio
1497 1851 1627 1908 eje-³·

134 1924 303 1968 cerunt,
326 1927 601 1973 praesentem‚
623 1916 676 1957 ad
701 1916 829 1973 pedes
856 1914 1194 1970 uniuscujusque
1210 1912 1449 1968 jacentem.

654 2004 1060 2044 ARGUMENTUM.
1598 1998 1628 2040 G

138 2070 201 2107 De
222 2072 326 2108 rebus
353 2072 523 2120 privati&
543 2072 711 2120 inprimis
737 2071 964 2119 sponsalibus
983 2075 1017 2106 et
1037 2069 1290 2119 ceclfficcztionc,
1311 2066 1462 2102 scribit:
1494 2066 1585 2102 Con-

183 2125 276 2160 sulis
293 2124 445 2160 Lentuli
464 2124 678 2161 Marcellini
696 2126 733 2161 z'n
754 2124 994 2173 impediendis
1013 2123 1150 2171 legibus
1171 2122 1383 2170 perniciosis
1402 2121 1586 2167 egregium

186 2178 361 2218 studium,
382 2181 417 2213 el
437 2178 516 2213 alia
533 2178 577 2213 cle
595 2190 634 2214 re
650 2178 809 2226 publica.

510 2245 771 2288 MARCUS
807 2246 863 2293 Q.
898 2242 1130 2286 FRATRI
1165 2243 1209 2283 Si

133 2305 201 2359 A.
227 2314 285 2357 D.
321 2329 416 2357 VIII
454 2314 521 2356 Id.
546 2315 655 2381 Apr.
689 2315 906 2372 sponsalia
935 2313 1183 2369 Crassipedi
1219 2310 1401 2368 praebui.
1464 2310 1584 2351 Huic

132 2373 339 2415 convivio
370 2388 476 2430 puer
499 2383 705 2430 optimus,
730 2374 922 2421 Quintus
947 2382 1045 2413 tuus
1067 2385 1288 2425 meusque,
1308 2369 1424 2424 quod
1451 2368 1585 2425 perle-

134 2431 244 2473 viter
266 2441 511 2473 commotus
535 2431 689 2482 fuerat,
712 2431 875 2473 defuit:
910 2447 947 2472 a.
982 2430 1024 2471 d.
1061 2444 1109 2470 vi
1151 2428 1216 2469 Id.
1246 2427 1385 2483 April.
1411 2427 1507 2467 veni
1532 2426 1584 2467 ad

133 2489 366 2542 Quintum,
390 2504 575 2546 eumque
599 2490 687 2531 vidi
722 2490 848 2546 plane
877 2490 1110 2545 integrum,
1133 2486 1405 2540 multumque
1437 2485 1470 2524 is
1498 2499 1584 2525 me-

173 2641 213 2672 2?
235 2648 268 2668 se
288 2639 339 2668 illi
362 2648 426 2669 non
449 2637 658 2678 defuturum]
684 2639 706 2668 i.
731 2648 760 2668 e.
783 2647 837 2668 ac·
879 2636 1053 2667 Manutius
1063 2635 1212 2675 corrigit,
1225 2632 1586 2673 coeteroquiconfiectnm

131 2686 336 2712 eusatururn.
880 2683 954 2709 erat
978 2679 1137 2709 Latiare.-
1161 2688 1254 2708 eram
1281 2678 1452 2707 exiturus:
1484 2677 1587 2716 possis

174 2726 214 2756 ,⁶28
241 2723 322 2754 Dies
333 2729 430 2754 erant
444 2724 508 2754 duo
523 2723 598 2763 ἃς]
617 2723 744 2764 Quibus
757 2723 838 2753 adeo
880 2722 983 2752 etiam
996 2725 1154 2757 ceterum,
1169 2721 1249 2759 quia
1264 2718 1347 2759 6073st
1363 2719 1418 2759 qui
1431 2719 1522 2749 abest
1535 2719 1587 2749 ed.

132 2776 182 2796 res
210 2767 264 2806 agi
290 2775 356 2796 non
380 2771 526 2806 poterat,
549 2767 588 2798 de
609 2765 835 2807 sponsalibus:
880 2765 973 2795 «lens.
990 2764 1089 2795 Rom.
1106 2763 1248 2803 optime.v
1309 2792 1311 2794 ,

131 2810 171 2839 de
187 2810 306 2849 quibus
321 2819 349 2839 v.
367 2820 418 2848 ep.
434 2818 502 2849 seq.
925 2809 967 2838 30
988 2807 1104 2847 quibus
1125 2810 1199 2837 erat
1220 2803 1394 2844 scriptum]
1423 2803 1505 2834 Hauc
1521 2802 1589 2844 epis

175 2856 215 2887 29
237 2856 393 2887 ceterum,
407 2853 463 2892 qui
484 2850 667 2891 confeci-um
682 2855 755 2882 erae
770 2850 841 2881 La·
883 2850 970 2880 stola
984 2849 1092 2891 periit.

131 2896 212 2933 liar,
227 2899 301 2928 erat
317 2893 483 2934 exiturus]
512 2895 594 2926 Haec
609 2895 729 2926 vitiosa
748 2899 839 2925 sunt.

800 2941 932 2979 SNQ
