1940 3231
219 143 294 181 636
637 140 822 179 EPIST.
851 141 931 179 AD
957 140 1242 185 ATTICUM‚

500 315 583 370 M.
619 316 903 372 TULLII
945 315 1373 373 CICERONIS

403 436 1454 505 EPISTOLARUM

910 572 964 600 At>

682 661 727 708 A
762 661 805 709 T
834 661 927 708 TVI
957 661 998 709 C
1028 661 1076 709 U
1108 661 1184 719 M,

774 785 962 827 LIBER
986 784 1120 827 VIII.

803 897 1095 920 ...ηψ-

736 983 1020 1021 ARGUMEN'
1016 982 1141 1020 FUM.

223 1051 331 1100 Scrip
334 1055 379 1087 tae
394 1053 479 1087 sunt
498 1048 582 1085 libri
600 1045 705 1095 hujus
723 1048 884 1096 epistolae
905 1047 1116 1084 Consulibus
1135 1048 1222 1082 item
1249 1045 1294 1083 L.
1316 1047 1480 1084 Cornelio
1508 1047 1664 1087 Lentulo

274 1110 310 1141 et
305 1063 369 1140 ΡΟ
391 1103 544 1139 Claudio
572 1101 776 1141 Marcello,·
807 1103 1061 1148 continentque
1080 1099 1270 1135 historiam
1285 1099 1424 1135 dierum
1444 1102 1666 1141 xv1‚Pom-

274 1158 350 1206 peii
379 1155 545 1192 videlicet
577 1154 951 1202 Pompeianorumque
978 1153 1281 1213 trepidationem:
1310 1164 1351 1188 οι·
1355 1164 1434 1188 roim
1461 1154 1499 1189 in
1526 1154 1665 1191 delectu

272 1209 376 1245 habe,
371 1209 468 1244 zdo:
495 1211 599 1255 gesta
626 1219 649 1241 a
679 1206 817 1242 Caesare
844 1207 883 1241 in
901 1206 1050 1247 Piceno,
1071 1209 1106 1241 et
1124 1206 1163 1240 in
1192 1205 1244 1240 Pe
1237 1205 1358 1251 lignis
1373 1206 1421 1241 ad
1441 1205 1661 1253 Corfinium,-

270 1261 456 1302 Domitii,
488 1260 860 1306 Domitianorumque
886 1258 1130 1298 deditionem;
1158 1257 1442 1293 sollicitudinem
1471 1258 1665 1301 Ciceronis,

278 1318 343 1351 aut
360 1314 480 1360 potius
499 1317 636 1352 aestum,
656 1312 823 1348 Atticum
842 1311 1071 1351 consnlentis,
1090 1311 1121 1346 si
1142 1309 1335 1357 Pompeius
1363 1310 1478 1346 Italia
1503 1311 1666 1353 excedat,

276 1367 368 1414 quid
393 1365 461 1400 sibi
478 1363 564 1413 fic·
557 1365 695 1400 endam
722 1365 794 1399 sit:
823 1364 934 1411 navig
915 1363 1115 1399 nondumne
1143 1374 1222 1397 cum
1251 1362 1328 1404 illo,
1349 1374 1397 1397 an
1424 1364 1462 1398 in
1481 1364 1553 1399 suis
1568 1374 1665 1411 prem

278 1419 351 1454 diis
367 1418 610 1453 manendum:
639 1421 674 1452 et
694 1416 839 1452 multa
829 1427 866 1451 in
884 1420 1075 1463 utramque
1089 1419 1233 1463 partem
1253 1415 1485 1464 disputantis.

192 1530 214 1569 1
667 1520 902 1563 CICERO
933 1519 1162 1563 ATTICO
1196 1521 1240 1562 S.

234 1581 391 1646 CUM
426 1598 478 1642 ad
513 1607 555 1641 te
586 1599 749 1640 litteras
783 1598 1010 1650 dedissem,
1038 1599 1218 1641 redditae
1248 1599 1355 1641 mihi
1382 1599 1538 1642 litterae
1567 1601 1668 1643 sunt'

226 1671 253 1698 a
291 1658 517 1713 Pompeio.
551 1667 693 1698 cetera
727 1658 778 1698 de
813 1657 939 1697 rebus
977 1657 1020 1697 in
1054 1656 1215 1698 Piceno
1249 1657 1396 1713 gestis,
1417 1672 1514 1713 quae
1546 1659 1667 1701 adse

227 1714 445 1757 Vibullius
478 1715 745 1771 εοιίρείεερῑς
777 1714 829 1755 de
859 1714 1027 1755 delectu
1052 1713 1268 1755 Domitii·
1259 1730 1397 1770 ,quae
1421 1725 1519 1757 sunt
1546 1716 1666 1757 vobis

226 1783 357 1825 nota3
395 1776 503 1813 lnec
535 1782 677 1814 tamen
711 1781 796 1813 tam
830 1771 929 1812 laeta
959 1781 1080 1812 erant
1109 1772 1153 1812 in
1183 1771 1248 1812 his
1273 1771 1438 1823 litteris,
1462 1787 1590 1828 quam
1614 1772 1667 1814 ud

226 1842 297 1871 me
333 1829 619 1872 Philotimus:
642 1831 800 1886 (ipsam
837 1829 915 1869 tibi
943 1829 1170 1885 epistolam
1201 1829 1437 1881 misissem3
1469 1831 1539 1872 sed
1571 1831 1671 1871 sub-

226 1886 291 1928 ito
323 1886 464 1929 fimatiis
510 1902 613 1943 puel
647 1887 1027 1943 proficiscebatulz
1059 1901 1104 1927 cr
1107 1902 1151 1927 as
1183 1886 1316 1943 igitui
1346 1888 1515 1929 mittam
1533 1889 1563 1938 z)
1595 1887 1668 1928 sed

225 1944 272 1986 in
306 1958 357 1986 ea
389 1944 588 2001 Pompeii
619 1944 801 2008 epistola
831 1953 987 1985 eratin
1009 1952 1219 1995 extremo,
1242 1944 1375 1999 ipsius
1402 1960 1555 1986 manu.
1592 1944 1669 2009 Tit,

226 2016 377 2053 censeo,
413 2001 633 2044 Luceriam
669 2017 837 2043 zenzas:
869 2016 1065 2057 nusquam
1106 2001 1182 2042 en‘s
1225 2001 1363 2043 tutius.
1426 2002 1476 2043 Id
1510 2017 1592 2058 ego
1625 2002 1671 2044 in

227 2073 323 2101 eam
359 2070 525 2116 partem
561 2060 735 2115 accepi3
765 2059 860 2101 haec
891 2058 1052 2114 oppida
1084 2068 1213 2113 atque
1252 2074 1369 2100 oram
1408 2060 1670 2139 maritimam

228 2115 349 2159 illum
384 2131 461 2181 pro
493 2117 698 2159 derelicto
733 2117 913 2158 habere:
946 2130 1025 2157 nec
1062 2130 1155 2157 sum
1189 2116 1382 2169 miratus,
1414 2131 1526 2168 eum,
1561 2116 1669 2172 2qui

228 2183 362 2230 caput
385 2189 524 2230 ipsum
549 2174 804 2230 reliquisset,
827 2172 999 2229 ieliquis
1023 2174 1226 2215 membris
1249 2189 1336 2215 non
1368 2189 1554 2231 parcere
1616 2172 1670 2214 Ei

231 2231 377 2272 statim
417 2232 629 2288 rescripffl,
663 2231 970 2286 hominemque
1005 2239 1172 2272 certum
1210 2231 1306 2272 misi
1345 2232 1398 2273 de
1435 2231 1668 2273 comitibus

230 2288 354 2342 meis,
375 2304 462 2331 non
494 2304 562 2330 me
584 2303 790 2345 quaerere,
811 2292 830 2320 3
846 2289 921 2330 ubi
954 2288 1167 2330 tutissime
1198 2303 1362 2330 essem.
1396 2288 1430 2330 si
1452 2303 1521 2330 me
1545 2287 1671 2330 vellet

278 2454 292 2481 1
318 2460 376 2482 nec
399 2454 510 2481 tamen
532 2454 602 2481 tam
625 2451 701 2481 loeta
722 2455 819 2482 emm
834 2453 868 2482 in
883 2452 933 2483 his
974 2451 1129 2483 ed.Jens.
1154 2452 1248 2491 idque
1270 2451 1383 2482 delevi.
1408 2452 1549 2492 intelligi
1562 2456 1671 2492 potest

235 2494 352 2529 literis,
381 2502 481 2533 quam
509 2503 544 2524 a.
572 2502 617 2524 m.
648 2493 715 2524 Ph..
741 2494 929 2534 scripserat]
976 2505 993 2525 e
1010 2494 1168 2534 superiori
1190 2495 1380 2534 scripsisset,
1395 2503 1428 2526 et
1450 2495 1527 2526 alibi
1544 2505 1670 2535 quoque

232 2533 340 2566 Valde
352 2534 406 2565 hic
421 2535 550 2566 variant
564 2534 640 2566 libri
654 2545 718 2567 scr.
736 2541 769 2567 et
786 2536 857 2567 edd.
873 2546 934 2567 nec
977 2537 1147 2567 omittitur
1161 2547 1180 2567 a
1195 2537 1364 2568 Cicerone.

235 2577 329 2609 locus
344 2580 395 2608 est
409 2586 498 2607 nune
511 2587 640 2617 quoque
655 2579 724 2609 sine
741 2579 834 2609 vitio.
865 2579 935 2610 Pri
1021 2581 1040 2610 2
1062 2580 1117 2618 qni
1139 2583 1237 2618 caput
1255 2579 1538 2618 reliquisset—non
1555 2588 1674 2619 parce-

237 2629 294 2651 mo
308 2620 344 2650 in
358 2619 407 2650 his
423 2619 527 2650 literis
542 2624 622 2659 puto
638 2629 706 2651 esse
728 2621 876 2660 spurium
900 2625 935 2651 et
976 2621 1027 2661 re]
1051 2621 1156 2660 Caput
1171 2621 1291 2658 Italiae,
1306 2621 1458 2651 Romam.
1473 2631 1536 2651 non
1556 2631 1674 2660 parce-

238 2670 259 2692 a
272 2661 452 2702 glossatore
467 2672 474 2691 :
498 2662 577 2692 satis
593 2665 642 2691 est
658 2663 692 2692 in
708 2663 868 2703 principio
885 2673 934 2693 es·
978 2673 1014 2693 re
1025 2675 1038 2701 ,-
1073 2672 1189 2703 nempe
1225 2672 1291 2694 nou
1321 2669 1509 2702 pepercerat
1544 2664 1672 2701 Romae,

238 2713 273 2734 se
287 2705 390 2735 literoe
403 2709 437 2734 et
450 2708 524 2744 post
541 2704 753 2743 parenthesin
768 2706 824 2735 sed
840 2706 876 2736 in
898 2714 938 2735 ea
979 2715 1053 2735 cum
1071 2714 1142 2735 eam
1159 2704 1372 2744 relinquendo
1389 2705 1536 2736 hostibus
1553 2707 1672 2746 permi-

237 2747 382 2786 ιμ’-ποία.
406 2756 445 2776 ea
467 2755 564 2786 porro
587 2746 694 2785 glossa
716 2747 842 2787 peperit
861 2757 938 2787 quos
979 2751 1065 2777 serat
1081 2746 1317 2786 occupandam.
1333 2757 1362 2777 v.
1378 2757 1428 2788 ep.
1445 2757 1511 2787 seq.
1528 2748 1614 2779 med.

237 2798 299 2829 pro
314 2799 414 2829 quam
429 2788 464 2819 in
481 2788 553 2819 edd.
570 2799 620 2829 pr.
658 2789 786 2820 Deinde
801 2791 935 2829 scripse·
1020 2792 1038 2820 3
1062 2789 1116 2818 ubi
1131 2790 1290 2819 tutissime
1305 2790 1417 2829 essem]
1444 2791 1496 2820 Sic
1520 2791 1592 2821 libri
1608 2801 1670 2822 scr.

238 2835 307 2869 rat,
320 2841 379 2872 pro
395 2841 460 2871 quo
478 2831 611 2862 dederat
627 2830 751 2862 habent
765 2831 840 2862 libri
863 2831 935 2871 qui·
977 2835 1013 2862 et
1028 2830 1099 2862 edd.
1113 2840 1238 2862 omnes.
1261 2833 1427 2862 Victorius
1443 2837 1477 2863 et
1493 2832 1674 2864 Lambinus

239 2872 329 2913 «lam,
349 2874 473 2916 pariter
493 2877 545 2907 est
565 2873 695 2915 glossa3
718 2874 874 2914 abestque
896 2874 937 2906 ab
979 2884 997 2907 e
1021 2873 1172 2906 Charisio
1194 2873 1234 2907 L.
1251 2874 1296 2906 ΙΙ.
1319 2885 1352 2920 p.
1373 2877 1446 2909 173.
1468 2874 1519 2907 ed.
1544 2875 1676 2909 Putsch.
