1940 3231
337 138 415 175 908
441 147 458 169 τ
710 133 893 172 EI'IST.
921 134 999 171 AD
1025 135 1072 175 Q.
1092 133 1401 180 FRATREM,

337 247 404 279 ter
453 237 581 279 fidem
632 237 883 289 amicorum,
929 242 964 269 15
983 247 1157 280 cautum
1206 254 1348 281 meum
1398 241 1624 283 consilium
1674 241 1770 286 fuit.

339 295 510 342 Quodsi
551 306 592 336 te
624 296 726 336 satis
760 296 1008 337 innocentia
1043 307 1116 337 tua
1147 306 1190 338 et
1225 297 1514 339 misericordia
1551 299 1774 343 hominum

337 353 531 393 vindicat
564 353 647 393 hoc
682 362 873 408 tempore
905 368 930 393 a
966 354 1184 395 molestia:
1219 355 1423 410 perspicis
1462 356 1670 411 profecto,
1704 372 1774 399 ec-

338 424 538 465 quaenam
565 409 687 449 nobis
712 424 807 464 spes
831 409 977 450 salutis
1001 410 1277 466 relinquatur.
1342 412 1451 452 Nam
1484 427 1551 454 me
1584 413 1773 469 Pompo-

336 468 451 515 nius,
474 477 516 507 et
550 466 739 516 Sextius,
762 477 804 506 ct
841 467 942 507 Piso
980 476 1122 507 noster
1157 468 1296 509 adhuc
1326 468 1643 511 Thessalonicae
1671 471 1773 512 reti-

335 533 539 573 nuerunt,
563 537 661 563 cum
695 523 866 579 longius
901 524 1131 574 discedere,
1158 535 1332 580 propter
1362 527 1506 568 nescio
1538 542 1645 582 quos
1680 543 1773 568 mo-

338 591 423 632 tuS,
457 588 665 622 vetarent.
703 595 847 621 verum
888 595 969 636 ego
1006 583 1141 636 magis
1181 583 1362 634 exitum,
1399 584 1565 625 illorum
1605 584 1773 636 litteris,

283 643 323 680 b.
338 652 465 693 quam
489 651 563 692 spe
586 646 702 677 certa
722 640 1044 693 exspectabam.
1098 639 1210 678 Nam
1233 640 1336 694 quid
1358 655 1538 695 sperem,
1562 642 1773 697 potentis-

336 695 445 735 simo
473 694 664 745 inimico,
687 694 982 735 dominatione
1013 696 1366 747 obtrectatorum,
1390 699 1633 739 infidelibus
1665 700 1772 740 ami-

335 752 413 802 cis,
438 751 630 807 pluribus
663 752 849 793 invidis?
883 751 949 792 De
986 753 1107 792 novis
1141 763 1284 794 autem
1319 755 1502 795 tribunis
1536 756 1671 812 plebis
1705 766 1771 798 est

333 808 405 849 ille
427 809 599 864 quidem
624 809 666 849 in
691 824 757 850 me
786 810 1126 849 officiosissimus
1159 810 1348 861 Sextius,
1370 822 1426 861 et,
1450 827 1588 867 spero,
1615 813 1773 856 ¹6Cur-

332 866 435 918 tius,
462 865 586 917 Milo,
613 865 785 917 Fadius,
809 866 1057 916 Gratidius3
1082 867 1153 907 scd
1177 867 1298 908 valde
1320 868 1569 910 adversante
1592 870 1770 913 Clodio:

333 924 407 979 qui
438 923 569 964 etiam
602 924 792 979 privatus
824 924 971 965 eadem
1005 938 1132 965 manu
1168 925 1327 979 poterit
1356 926 1586 967 conciones
1622 929 1770 969 conci·

333 989 445 1022 tare:
478 980 632 1021 deinde
653 980 783 1021 etiam
807 981 1061 1022 intercessor
1085 983 1319 1037 parabitur.
1373 983 1484 1024 Haec
1507 983 1613 1024 mihi
1637 986 1768 1040 profi-

332 1037 510 1079 ciscenti
536 1052 621 1078 non
645 1040 1020 1094 proponebantur:
1055 1040 1124 1079 sed
1150 1054 1265 1094 saepe
1297 1040 1439 1081 triduo
1471 1056 1638 1082 summa
1667 1058 1766 1084 cum

331 1094 470 1149 gloria
487 1095 661 1136 dicebar
679 1109 769 1136 esse
789 1097 1015 1136 rediturus.
1044 1096 1158 1142 Quid
1186 1107 1228 1137 tu
1251 1097 1407 1152 igitur?
1433 1098 1612 1153 inquieS.
1635 1100 1767 1155 quid?

332 1153 468 1193 multa
486 1163 796 1204 convenerunt,
812 1167 836 1207 q
846 1169 909 1194 uae
928 1156 963 1187 17
974 1165 1163 1194 mentem
1179 1155 1460 1196 exturbarent
1481 1170 1643 1198 meam:
1667 1157 1768 1197 sub-

332 1210 392 1250 ita
413 1209 601 1251 defectio
629 1210 841 1266 Pompeii,
865 1210 1066 1251 alienatio
1090 1211 1329 1263 consulum,
1352 1213 1481 1254 etiam
1515 1223 1765 1269 praetorum,

332 1267 460 1308 timor
495 1267 887 1322 18pubiicanorum,
924 1282 1055 1308 arma.
1094 1267 1281 1310 lacrimae
1322 1284 1515 1313 meorum
1558 1285 1626 1311 me
1665 1272 1765 1313 19ad

327 1335 509 1365 mortem
533 1325 594 1365 ire
616 1324 953 1380 prohibuerunt:
986 1325 1099 1380 quod
1127 1335 1241 1366 ccrtc
1263 1338 1306 1366 et
1337 1327 1389 1368 ad
1420 1327 1688 1369 honestatem
1722 1338 1766 1370 et

327 1381 380 1422 ad
403 1381 673 1437 effugiendos
708 1382 997 1423 intolerabiles
1028 1382 1195 1424 dolores
1227 1383 1311 1424 fuit
1341 1385 1627 1439 aptissimum.
1680 1386 1765 1428 Sed

325 1439 379 1479 de
401 1440 484 1481 hoc
507 1440 655 1496 scripsi
679 1440 732 1480 ad
757 1449 798 1480 te
821 1439 861 1480 in
891 1454 940 1479 ea
970 1440 1167 1495 epistola,
1189 1455 1318 1496 quam
1351 1442 1618 1483 Phaethonti
1649 1443 1764 1484 dedi.

326 1496 457 1537 Nunc
482 1506 542 1547 tu,
565 1497 770 1552 quoniam
802 1497 846 1537 in
879 1506 1045 1538 tantum
1078 1498 1240 1538 luctum
1272 1509 1316 1539 et
1346 1499 1536 1540 laborem
1567 1500 1763 1542 detrusus

325 1568 384 1604 ες,
406 1563 614 1609 quantum
639 1569 765 1595 nemo
788 1569 1016 1609 umquam:
1050 1555 1082 1595 si
1115 1554 1301 1596 relevare
1333 1566 1454 1612 potes
1486 1571 1762 1599 communem

323 1626 470 1652 casum
494 1612 785 1653 misericordia
808 1612 1056 1663 hominum3
1090 1612 1253 1653 scilicet
1284 1613 1534 1655 incredibile
1556 1615 1762 1669 quiddam

323 1670 582 1724 assequeris:
617 1670 680 1710 sin
707 1669 831 1725 plane
853 1668 1114 1721 occidimusg
1137 1673 1225 1722 (me
1247 1670 1448 1713 miserum
1465 1673 1495 1722 !)
1517 1686 1599 1728 ego
1622 1672 1764 1713 omni-

323 1725 402 1766 bus
426 1726 530 1767 meis
553 1726 688 1769 exitio
713 1726 847 1777 fuero,
869 1726 1026 1781 quibus
1049 1737 1148 1767 ante
1169 1727 1368 1768 dedecori
1392 1743 1476 1770 non
1500 1743 1632 1770 eram.
1676 1729 1762 1772 Sed

323 1793 385 1835 tu,
409 1793 456 1824 ut
479 1792 578 1824 ante
600 1785 652 1825 ad
687 1794 728 1824 te
763 1784 929 1839 scripsi,
954 1785 1148 1839 perspice
1181 1799 1271 1826 rem
1301 1797 1345 1826 et
1378 1795 1601 1842 pertenta:
1632 1796 1676 1827 et
1707 1787 1762 1829 ad

320 1854 405 1890 me,
428 1849 476 1882 ut
509 1850 704 1897 tempora
736 1851 896 1892 nostra,
926 1856 1012 1882 non
1051 1851 1099 1881 ut
1130 1857 1251 1883 amor
1283 1851 1382 1883 tuus
1416 1843 1512 1894 fert,
1536 1858 1633 1885 vere
1665 1858 1762 1900 per-

323 1898 475 1939 scribe.
509 1898 604 1954 Ego
622 1899 769 1950 vitam,
785 1898 929 1954 quoad
951 1899 1114 1955 putabo
1140 1908 1213 1940 tua
1235 1900 1452 1952 interesse,
1469 1910 1544 1942 aut
1565 1902 1617 1942 ad
1639 1916 1760 1957 spem

320 1956 570 1996 servandam
594 1971 698 2003 esse,
722 1957 931 1997 retinebo.
990 1955 1052 1996 Tu
1078 1957 1203 1997 nobis
1226 1957 1535 1999 amicissimum
1560 1958 1760 2001 Sextium

319 2027 576 2069 cognosces:
607 2014 786 2055 weredo
810 2023 883 2053 tua
905 2028 1033 2054 eausa
1056 2013 1160 2054 velle
1186 2014 1432 2066 Lentulum,
1455 2015 1526 2072 qui
1550 2015 1632 2056 erit
1653 2031 1757 2058 con-

314 2071 395 2111 sul.
419 2086 680 2126 quamquam
713 2080 813 2112 sunt
846 2070 960 2112 facta
987 2071 1128 2112 verbis
1165 2071 1422 2114 difficiliora.
1482 2072 1547 2113 Tu
1578 2083 1621 2114 et
1651 2074 1757 2129 quid

315 2142 424 2183 opus
448 2128 517 2179 sit,
540 2139 583 2169 et
605 2129 709 2184 quid
733 2129 802 2179 sit,
826 2128 991 2169 videbis
1015 2128 1207 2169 omnino.
1269 2129 1314 2169 Si
1340 2139 1456 2170 tuam
1480 2130 1754 2172 solitudinem

315 2199 676 2241 communemque
706 2186 992 2227 calamitatem
1027 2200 1154 2226 nemo
1186 2186 1462 2242 despexerit:
1496 2197 1570 2229 aut
1607 2202 1684 2244 per
1713 2197 1758 2230 te

181 2272 214 2303 1²·
229 2264 302 2294 306.
315 2243 470 2284 confici
504 2243 680 2298 aliquid,
706 2253 781 2284 aut
812 2243 927 2284 nullo
959 2243 1088 2284 modo
1121 2244 1294 2300 poterit.
1328 2245 1391 2286 sin
1417 2254 1458 2285 te
1479 2259 1651 2300 quoque
1673 2245 1756 2287 ini-

270 2317 300 2337 a.
313 2300 414 2341 mici
438 2315 592 2341 vexare
615 2301 845 2356 coeperint,
866 2315 917 2341 ne
936 2301 1128 2341 cessaris,
1154 2316 1239 2342 non
1255 2301 1370 2342 enim
1394 2302 1548 2358 gladiis
1572 2317 1757 2352 mecum,

312 2358 384 2399 sed
407 2357 555 2399 litibus
579 2368 745 2414 agetur.
778 2358 938 2399 Verum
964 2358 1059 2399 liaec
1081 2359 1225 2399 absint
1250 2358 1391 2400 velim.
1432 2359 1494 2400 Te
1516 2374 1607 2411 oro,
1631 2369 1679 2401 ut
1699 2356 1754 2405 ad

354 2485 391 2514 15
413 2488 550 2514 cautum
570 2495 613 2515 m.
631 2484 799 2514 consilium
812 2482 903 2522 fuit]
922 2483 1008 2514 Vera
1051 2484 1225 2514 Manutius
1241 2484 1286 2514 sic
1302 2484 1576 2524 interpungebaez
1597 2485 1754 2516 alienatio

307 2529 359 2556 est
373 2527 531 2556 correctio
549 2527 742 2566 Malaspinae
756 2525 871 2565 delicit.
1051 2528 1231 2563 consulum,
1248 2528 1348 2556 etiam
1358 2531 1554 2566 puetarum,
1571 2527 1671 2557 timor
1687 2537 1754 2567 pu-

355 2568 392 2598 16
419 2568 565 2608 Curtius]
593 2568 645 2599 Sic
661 2568 733 2598 edd.
750 2579 874 2598 onmes.
891 2572 925 2597 at
946 2567 1008 2598 Cu·
1052 2570 1267 2605 blla-anorum,
1284 2579 1393 2599 arma.
1410 2569 1504 2605 bene,
1520 2569 1649 2609 opinor.
1673 2576 1751 2604 nam

306 2610 380 2640 rius
400 2620 469 2640 esse
492 2611 679 2649 legendum,
705 2612 786 2641 bene
809 2610 903 2641 docet
932 2611 1007 2648 Pig-
1051 2616 1199 2650 equitum
1217 2612 1332 2641 studiis
1350 2613 1464 2642 cicero
1480 2611 1677 2642 confidebat.
1693 2622 1751 2642 αν.

307 2650 381 2682 hius
397 2653 437 2683 ad
451 2663 480 2683 a.
498 2654 570 2687 696.
1049 2664 1105 2683 ma
1120 2653 1288 2692 pertinent
1305 2654 1346 2684 ad
1362 2653 1501 2693 plebem.

352 2698 388 2729 17
414 2699 553 2725 mentem
569 2695 783 2725 exturbarent
805 2694 926 2733 meam]
955 2694 1004 2724 Αῐι
1096 2700 1131 2729 19
1146 2696 1192 2725 ad
1204 2700 1340 2726 mortem
1354 2695 1416 2734 ire]
1435 2695 1496 2725 Per
1511 2695 1576 2726 vim
1594 2695 1748 2726 resistcn,

303 2738 567 2768 conturbarent?
589 2738 666 2777 quia
688 2738 720 2766 in
744 2736 879 2775 vulgato
908 2736 1004 2766 nimi-
1048 2738 1088 2768 do
1105 2737 1282 2769 Clodianis,

302 2787 360 2808 um
387 2787 449 2818 est,
477 2785 512 2810 et
538 2780 670 2810 deberet
698 2789 766 2809 esse
788 2781 1004 2810 exturbarent
1085 2784 1129 2816 20
1152 2781 1244 2810 credo
1265 2783 1326 2809 tua
1348 2789 1450 2809 eausa
1471 2781 1524 2810 vel
1545 2777 1744 2821 Lentulum]

303 2822 396 2852 milei.
1045 2822 1109 2853 Ms.
1138 2822 1238 2853 Paris,
1268 2822 1413 2861 optimus
1439 2823 1521 2852 velle
1550 2822 1745 2860 Lenmlum,

348 2866 384 2895 18
402 2864 656 2903 publicanorum
683 2864 795 2903 arma]
826 2863 1001 2903 Quomodo
1044 2865 1130 2904 quod
1145 2874 1220 2896 cum
1237 2863 1419 2895 Alemanno
1435 2864 1554 2905 recepi.

300 2914 399 2936 arma
406 2908 662 2947 publicanorum
684 2912 840 2948 poterant
861 2905 997 2938 timeri?
