1940 3231
311 134 390 171 470
725 129 907 168 EPIST.
934 130 1012 168 AD
1039 128 1322 174 ATTICUM,

308 233 490 284 deserar,
511 241 651 275 tamen
685 233 727 274 in
759 248 854 275 mea
885 233 1065 290 pristina
1095 235 1307 276 sententia
1332 235 1608 291 permanebo.
1641 221 1745 274 illud

311 299 470 341 tamen,
497 290 638 342 velim,
671 291 906 342 existimes,
936 306 1004 332 me
1040 292 1150 334 hanc
1182 293 1295 334 viam
1327 293 1619 348 optimatium,
1652 298 1752 346 post

313 347 457 389 Catuli
497 359 692 398 mortem,
732 363 811 390 nec
848 349 1047 404 praesidio
1090 349 1188 402 ullo,
1228 364 1306 391 nec
1338 350 1547 391 comitatu
1587 358 1746 390 tenere.

314 419 426 457 nam,
449 415 496 446 ut
518 407 578 446 ait
601 405 814 456 Rhinton,
836 415 883 446 ut
906 407 1074 461 opinor,

663 473 707 508 Οἱ
722 472 779 521 μὲν
797 471 878 524 πῶς’
895 472 977 510 οὐδέν
995 476 1080 516 εἰσιν,
1101 473 1143 516 οἷς
1162 472 1190 510 δ’
1204 472 1285 510 οὐδὲν
1303 471 1406 523 με’λει.

316 534 422 576 mihi
445 549 545 575 vero
579 546 621 576 ut
654 535 876 576 invideant
898 536 1115 591 piscinarii
1142 537 1290 588 nostri,
1320 546 1394 578 aut
1427 536 1612 577 scribam
1637 533 1690 575 ad
1713 540 1755 575 te

317 592 435 643 alias,
457 604 529 633 aut
553 593 595 633 in
615 607 891 648 congressum
913 603 1103 635 nostrum
1129 594 1368 635 reservabo.
1412 593 1451 634 A
1471 593 1590 634 curia
1611 601 1756 633 autem

319 649 435 690 nulla
462 664 529 690 me
564 664 627 690 res
658 649 859 692 divellet:
896 650 959 691 vel
988 652 1103 707 quod
1137 652 1197 692 ita
1233 661 1396 692 rectum
1427 660 1517 692 est:
1551 649 1617 691 vel
1638 648 1754 704 quod

319 707 446 747 rebus
480 706 585 747 meis
627 708 816 748 maxime
856 718 1215 750 consentaneum:
1266 709 1331 750 vel
1373 708 1504 764 quod,
1546 723 1571 748 a
1606 714 1757 747 senatu

321 764 469 819 quanti
493 764 608 814 fiam,
633 764 810 805 minime
837 779 905 805 me
938 766 1138 820 poenitet.
1193 765 1260 806 De
1282 765 1512 821 Sicyoniis,
1545 773 1591 804 ut
1629 763 1681 805 ad
1715 772 1758 803 te

322 820 470 877 scripsi
494 830 633 872 antea,
656 836 741 862 non
764 821 944 861 multum
965 822 1055 876 spei
1077 831 1142 863 est
1163 822 1206 863 in
1229 832 1392 864 senatu.
1415 836 1541 862 nemo
1563 831 1627 861 est
1643 820 1760 861 enim

317 877 427 933 jam,
449 879 521 932 qui
553 888 767 932 queratur.
799 892 944 932 quare,
972 879 1005 918 si
1040 878 1083 919 id
1113 889 1353 935 exspectas,
1374 880 1550 934 longum
1581 886 1661 919 est.
1683 876 1768 918 alia

325 935 410 986 via,
443 936 477 975 si
510 949 595 990 qua
628 945 764 990 poteS‚
791 949 949 990 pugna.
981 949 1079 976 cum
1112 944 1177 976 est
1208 945 1368 986 actum,
1397 950 1535 991 neque
1567 934 1761 976 animad-

283 1001 494 1032 b.versum
527 1000 605 1042 est,
632 991 686 1032 ad
714 1006 821 1047 quos
856 991 1101 1047 pertineret,
1123 1001 1167 1034 et
1197 992 1355 1049 raptim
1389 993 1432 1034 in
1465 1007 1556 1034 eam
1591 1001 1763 1033 senten-

327 1049 429 1090 tiam
452 1049 492 1080 56
507 1049 666 1104 pedarii
697 1058 990 1092 cucurrerunt.
1011 1050 1239 1091 inducendi
1274 1058 1445 1091 senatus
1467 1049 1651 1090 consulti
1674 1063 1766 1090 ma-

326 1106 478 1147 turitas
512 1106 702 1146 nondum
745 1115 836 1148 est:
869 1107 985 1161 quod
1019 1122 1158 1163 neque
1190 1115 1304 1158 sunt,
1333 1107 1407 1162 qui
1442 1115 1688 1162 querantur,
1721 1113 1766 1146 et

327 1163 449 1205 multi
482 1164 637 1219 partim
667 1163 972 1215 malivolentia,
1006 1165 1161 1220 partim
1186 1164 1391 1221 opinione
1414 1164 1631 1219 aequitatis
1652 1163 1767 1204 dele-

326 1230 512 1263 ctantur.
575 1220 778 1261 Metellus
812 1231 909 1262 tuus
937 1232 1000 1262 est
1030 1222 1228 1277 egregius
1261 1220 1428 1263 consul.
1457 1235 1591 1262 unum
1623 1234 1766 1276 repre·

326 1277 484 1329 hendo,
508 1278 622 1333 quod
645 1278 781 1318 otium
813 1292 836 1318 e
868 1278 1011 1319 Gallia
1040 1279 1227 1320 nuntiari
1259 1293 1346 1320 non
1378 1292 1640 1335 magnopere
1662 1291 1770 1333 gau-

327 1335 414 1376 det.
453 1335 589 1391 cupit,
630 1335 773 1385 credo,
807 1335 1084 1391 triumphare.
1160 1335 1261 1378 Hoc
1299 1335 1449 1377 vellem
1484 1335 1768 1378 mediocrius:

328 1403 470 1434 cetera
502 1392 690 1448 egregia.
748 1391 850 1433 Auli
881 1392 992 1434 filius
1023 1408 1122 1434 vero
1154 1394 1215 1434 ita
1245 1407 1289 1433 se
1311 1393 1437 1449 gerit,
1462 1403 1511 1433 ut
1541 1394 1633 1450 ejus
1664 1406 1770 1433 con-

329 1450 490 1490 sulatus
522 1464 608 1490 non
639 1447 885 1491 consulatus
907 1450 978 1501 sit,
998 1453 1036 1484 57
1052 1451 1124 1492 sed
1148 1450 1303 1507 Magni
1325 1450 1460 1491 nostri
1483 1451 1639 1490 ὑπώπιον.
1699 1448 1771 1490 De

329 1507 435 1547 meis
472 1506 657 1562 scriptis,
694 1507 787 1548 misi
825 1507 879 1549 ad
916 1516 957 1547 te
986 1509 1025 1538 58
1043 1508 1198 1550 Graece
1229 1506 1468 1564 perfectum
1499 1506 1772 1547 consulatum

330 1579 490 1605 meum.
521 1578 617 1604 eum
650 1563 807 1606 librum
840 1564 889 1605 L.
914 1564 1115 1606 Cossinio
1136 1565 1249 1606 dedi.
1281 1574 1386 1620 puto
1414 1573 1456 1605 te
1480 1563 1645 1604 Latinis
1665 1563 1773 1604 meis

332 1621 560 1673 delectari;
593 1621 692 1662 huic
715 1631 858 1663 autem
882 1621 1040 1663 Graeco
1063 1623 1269 1664 Graecum
1290 1621 1496 1663 invidere.
1518 1619 1589 1661 alii
1613 1620 1645 1661 si
1670 1620 1775 1662 scri-

334 1678 511 1734 pserint,
535 1678 754 1720 mittemus
784 1679 836 1720 ad
868 1688 931 1731 te;
956 1681 1044 1731 sed,
1066 1679 1172 1721 mihi
1206 1679 1345 1730 crede,
1376 1678 1503 1720 simul
1528 1686 1657 1732 atque
1688 1677 1774 1719 hoc

334 1745 527 1776 nostrum
552 1735 762 1791 legerunt,
785 1737 929 1778 nescio
951 1752 1037 1792 quo
1060 1745 1188 1793 pacto
1211 1737 1493 1778 retardantur.
1555 1735 1685 1777 Nunc
1707 1738 1777 1788 (ut

335 1793 389 1834 ad
411 1807 498 1833 rem
517 1807 652 1834 meam
671 1794 860 1845 redeam)
881 1794 930 1835 L.
946 1794 1142 1850 Papirius
1162 1794 1324 1845 Paetus,
1340 1794 1403 1835 vir
1422 1794 1575 1843 bonus,
1590 1801 1778 1834 amator-

337 1865 419 1905 que
442 1860 599 1900 noster,
622 1851 728 1893 mihi
751 1851 881 1893 libros
904 1866 991 1903 eos,
1014 1867 1120 1907 quos
1149 1852 1239 1893 Ser.
1263 1851 1468 1893 Claudius
1490 1849 1677 1905 reliquit,
1699 1850 1778 1890 do-

337 1908 471 1948 navit.
502 1922 600 1948 cum
623 1908 745 1959 mihi,
768 1923 842 1964 per
872 1909 1010 1965 legem
1034 1909 1229 1951 Cinciam
1257 1909 1385 1950 licere
1406 1921 1573 1964 capere,
1597 1906 1778 1948 Cincius

340 1965 502 2006 amicus
526 1974 623 2005 tuus
646 1965 806 2007 diceret
824 1984 832 2009 :
866 1966 1061 2018 libenter,
1080 1966 1187 2017 dixi,
1207 1980 1275 2007 me
1296 1975 1590 2022 accepturum,
1607 1964 1639 2004 si
1664 1972 1779 2005 attu-

340 2021 472 2063 lisset.
503 2037 632 2072 nunc,
661 2022 694 2063 si
725 2038 791 2064 me
818 2038 948 2074 amas,
980 2024 1012 2064 si
1042 2033 1084 2065 te
1106 2039 1130 2064 a
1151 2038 1218 2064 me
1239 2023 1371 2064 amari
1394 2023 1492 2073 scis,
1524 2022 1686 2062 enitere
1704 2034 1780 2077 per

343 2080 519 2129 amicos,
542 2079 733 2131 clientes,
757 2080 963 2136 hospites,
985 2081 1160 2122 libertos
1187 2081 1386 2135 denique,
1416 2095 1465 2121 ac
1493 2093 1636 2120 servos
1668 2087 1781 2129 tuos,

344 2145 392 2177 ut
426 2137 542 2178 scida
572 2151 624 2177 ne
653 2153 737 2192 qua
766 2138 981 2194 depereat.
1013 2153 1109 2179 nam
1144 2148 1187 2178 et
1221 2138 1388 2179 Graeeis
1420 2137 1485 2178 his
1514 2135 1649 2187 libris,
1671 2149 1780 2190 quos

346 2195 553 2249 suspicor,
575 2203 618 2234 et
642 2194 822 2245 Latinis,
854 2210 961 2251 quos
995 2197 1084 2237 scio
1110 2195 1227 2236 illum
1259 2195 1493 2250 reliquisse,
1523 2192 1630 2234 mihi
1655 2192 1783 2233 vehe-

346 2260 510 2292 menter
531 2266 640 2306 opus
669 2261 748 2293 est.
779 2266 860 2308 ego
893 2261 1034 2294 autem
1067 2253 1260 2308 quotidie
1290 2252 1442 2308 magis,
1464 2251 1578 2306 quod
1602 2249 1707 2290 mihi
1729 2249 1783 2290 de

348 2307 505 2349 forensi
528 2308 673 2349 labore
696 2309 900 2365 temporis
922 2310 1061 2361 datur,
1084 2311 1126 2350 in
1152 2310 1204 2350 iis
1226 2309 1377 2350 studiis
1408 2308 1684 2364 conquiesco.
1708 2319 1783 2362 per

349 2365 471 2416 mihi,
493 2380 579 2421 per,
594 2365 783 2420 inquam,
802 2377 972 2422 gratum
992 2366 1157 2418 feceris,
1178 2367 1210 2407 si
1234 2366 1276 2407 in
1299 2366 1382 2408 hoc
1406 2375 1492 2406 tarn
1514 2365 1696 2421 diligens
1716 2363 1785 2404 fu-

347 2422 584 2478 eris‚quam
609 2423 717 2464 soles
740 2424 783 2465 in
805 2424 869 2464 his
891 2425 1032 2476 rebus,
1051 2439 1155 2480 quas
1177 2438 1246 2464 me
1265 2422 1386 2465 valde
1409 2423 1515 2464 velle
1536 2421 1783 2464 arbitraris:

353 2605 429 2626 nam
447 2605 522 2625 cum
536 2599 652 2634 sparta
672 2598 828 2637 conjungi
845 2607 912 2628 non
926 2601 1048 2638 potest,
1092 2598 1169 2628 burn
1184 2597 1353 2638 proprium
1369 2597 1403 2627 in
1415 2597 1478 2627 hae
1489 2606 1534 2626 re.
1552 2606 1582 2626 v.
1596 2595 1688 2627 Clav.

354 2639 416 2668 nisi
431 2639 597 2677 republica
613 2638 797 2678 intelligere
813 2640 962 2676 velimus,
977 2650 1051 2680 quae
1137 2643 1174 2673 57
1197 2641 1252 2670 sed
1275 2640 1325 2670 M.
1351 2640 1452 2670 nostri
1475 2638 1615 2677 ὑπώπιον]
1645 2638 1787 2678 Nempe,

355 2680 389 2710 in
402 2684 517 2719 sparta
531 2679 625 2710 latet.
657 2680 779 2711 Lenius
792 2682 891 2712 suerit
907 2683 985 2720 illis,
1001 2691 1047 2714 sc.
1091 2683 1168 2722 quia
1190 2682 1376 2722 Pompeius,
1396 2681 1548 2712 omnibus
1575 2679 1686 2711 invitis
1711 2690 1787 2711 eum

354 2722 448 2752 bonis
464 2722 540 2752 viris
552 2722 629 2758 illis,
645 2733 724 2761 quos
739 2733 865 2762 sequor.
1092 2725 1182 2755 omni
1197 2735 1259 2765 ope
1280 2724 1447 2764 adjuverat
1470 2725 1505 2754 in
1520 2723 1694 2754 consulatu
1709 2732 1789 2753 con.

399 2765 439 2795 56
456 2765 586 2804 pedarii
607 2767 839 2806 cucurrerunt]
866 2766 988 2807 Lepide
1010 2767 1051 2798 ad
1093 2766 1267 2806 sequendo.
1289 2767 1352 2797 vid.
1368 2777 1420 2806 ep.
1441 2767 1489 2797 16.

356 2806 604 2846 exprimendam
635 2806 802 2838 levitatem
839 2813 873 2838 et
903 2810 1051 2849 praecipi-
1137 2812 1176 2840 58
1205 2810 1315 2839 Groece
1329 2807 1514 2849 perfectum
1528 2818 1611 2838 cons.
1630 2807 1690 2847 m.]
1715 2808 1788 2839 Du-

357 2850 513 2885 tantiam,
531 2858 588 2889 pro
603 2849 730 2879 solenni
748 2861 754 2878 z
774 2850 905 2889 pedarii
930 2852 1051 2882 ierunt.
1096 2851 1162 2882 rius
1175 2857 1224 2881 est
1233 2850 1428 2891 peffectum,
1451 2851 1624 2892 placetque
1637 2849 1792 2882 Lambini

359 2896 433 2931 post
447 2891 600 2922 inducere
613 2890 640 2922 S
645 2891 739 2922 Ceam
753 2902 811 2933 pro
823 2892 966 2929 abolere,
981 2903 1053 2925 ver·
1095 2894 1254 2925 correctio
1260 2894 1494 2935 perscriptum.
