1940 3231
715 141 932 187 ,LIBER
970 141 1059 178 vn.
1546 145 1622 192 sio

187 255 360 291 senatus
383 249 502 306 sequi
525 248 686 292 noluit:
711 263 765 289 ex
788 262 875 302 quo
895 245 1056 287 factum
1081 251 1160 294 est,
1174 249 1219 283 ut
1240 242 1401 285 Caesari
1424 260 1507 286 non
1529 260 1626 287 suc-

185 307 424 348 cederetur.
461 323 514 348 an
554 306 834 364 publicanos?
866 304 940 359 qui
974 316 1209 356 numquam
1245 300 1383 341 firmi:
1417 303 1488 342 sed
1512 317 1626 344 nuuc

190 364 473 406 Caesa1·i·sunt
491 362 736 406 amicissimi
754 379 763 404 :
797 377 850 402 an
864 362 1175 403 foeneratorcs?
1201 374 1251 398 au
1272 358 1509 412 agricolas?
1532 361 1625 414 qui·
1638 380 1670 410 p.
1689 369 1758 401 106.

190 421 270 462 bus
294 423 611 478 optatissimum
644 431 709 461 est
739 420 894 462 otium.
918 418 999 460 nisi
1024 432 1096 458 eos
1130 417 1280 457 timere
1309 426 1446 470 putas,
1471 430 1524 456 ne
1549 418 1669 457 sub-³·

189 493 324 534 regno
344 481 442 528 sint,
464 478 536 533 qui
561 478 603 518 id
626 492 877 532 numquam,
899 477 1000 517 dum
1026 475 1155 516 modo
1177 475 1312 516 otiosi.
1328 482 1485 523 essent,
1510 488 1630 514 recu-

190 546 351 577 sarunt.
413 535 529 581 Quid
563 538 696 591 ergo?
727 536 965 576 exercitum
998 532 1238 582 retinentis,
1271 546 1368 572 cum
1405 530 1509 587 legis
1542 530 1632 571 dies

190 593 418 644 transierit,
441 593 653 634 rationem
684 593 833 634 haberi
868 592 1036 648 placet?
1071 590 1175 631 mihi
1212 603 1312 630 vero
1346 591 1454 629 94ne
1482 589 1635 628 absen-

191 650 246 691 tis
269 650 456 704 quidem.
481 651 568 701 sed,
592 665 690 692 cum
715 651 756 691 id
780 651 927 691 datum
950 659 1028 700 est,
1052 647 1157 688 illud
1181 647 1435 687 una‘datum
1459 655 1538 687 est.
1561 660 1637 686 an-

190 721 342 748 norum
366 708 482 749 enim
511 709 661 749 decem
691 708 944 764 imperium:
978 717 1022 747 et
1052 705 1113 746 ita
1134 705 1267 745 latum
1296 704 1463 759 placet?
1498 703 1637 759 placet

192 764 328 820 igitur
359 766 491 807 etiam
524 781 593 807 me
626 766 871 822 expulsum,
902 775 946 806 et
974 778 1125 820 agrum
1151 761 1424 817 Campanum
1445 762 1638 817 periisse,

189 831 236 862 et
266 823 523 879 adoptatum
556 823 787 880 patricium
811 839 835 864 a
858 822 1042 879 plebeio,
1064 823 1104 854 95
1121 819 1388 861 Gaditanum
1411 834 1436 860 a
1458 818 1640 874 Mityle-

191 893 316 920 naeo:
348 891 391 921 et
432 881 610 922 Labieni
649 881 832 931 divitiae,
861 890 904 922 et
938 879 1176 920 Mamurrae
1214 877 1400 933 placent,
1434 886 1478 917 et
1511 875 1640 917 Balbi

191 936 322 988 horti,
347 948 390 979 et
417 938 724 980 Tusculanum.
754 940 825 979 sed
864 938 1019 979 horum
1055 936 1252 977 omnium
1284 934 1381 975 fons
1416 948 1525 975 unus
1559 944 1638 974 est.

193 993 411 1037 imbecillo
435 997 716 1038 resistendum
740 996 822 1037 fuit
842 1013 851 1037 :
883 1005 926 1036 et
959 995 1001 1036 id
1029 1002 1121 1034 erat
1144 992 1283 1033 facile.
1312 1007 1426 1033 nunc
1449 991 1641 1048 legiones

193 1065 263 1102 XI,
288 1055 505 1108 equitatus
542 1064 699 1105 tantus,
734 1064 944 1109 quantum
976 1051 1116 1102 volet,
1148 1049 1460 1105 Transpadani,
1496 1049 1641 1106 plebes

194 1111 374 1161 urbana,
408 1121 473 1154 tot
495 1112 656 1153 tribuni
680 1111 832 1169 plebis,
862 1121 948 1151 tam
978 1109 1146 1165 perdita
1168 1108 1393 1162 juventus,
1417 1116 1538 1147 tanta
1567 1121 1642 1147 au-

193 1168 398 1210 ctoritate
432 1170 536 1220 dux,
571 1179 691 1211 tanta
726 1169 920 1210 audacia.
955 1182 1053 1208 cum
1088 1166 1171 1206 hoc
1206 1174 1280 1206 aut
1301 1162 1643 1220 depugnandum

194 1236 275 1276 est,
299 1237 374 1268 aut
397 1227 594 1269 habenda
615 1242 638 1268 e
655 1227 750 1282 lege
773 1227 896 1267 ratio.
917 1226 1133 1281 depugna,
1153 1224 1309 1277 inquis,
1335 1225 1493 1278 potius,
1513 1236 1645 1277 quam

197 1284 382 1336 servias;
415 1294 462 1326 ut
495 1285 627 1340 quid?
660 1285 692 1325 si
724 1285 862 1325 victus
885 1284 981 1334 eris,
1007 1281 1298 1337 proscribare?
1331 1281 1364 1320 si
1392 1280 1557 1329 viceris,
1581 1291 1644 1320 ta-

198 1354 298 1381 men
321 1343 510 1385 servias?
541 1342 644 1398 quid
667 1357 785 1398 ergo,
810 1342 965 1396 inquis,
988 1350 1160 1381 aeturus
1182 1341 1254 1379 es?
1287 1337 1401 1379 idem
1431 1337 1546 1392 quod
1572 1351 1645 1391 pe-

199 1399 346 1450 cudes,
370 1415 466 1455 quae
497 1400 700 1456 dispulsae
725 1400 789 1440 sui
813 1399 980 1455 generis
1005 1407 1242 1451 sequuntur
1265 1409 1432 1452 greges.
1481 1394 1543 1435 Ut
1567 1395 1644 1435 bos

200 1467 409 1509 armenta,
440 1459 500 1499 sic
530 1473 613 1514 ego
649 1459 784 1498 bonos
809 1458 936 1507 viros,
958 1465 1032 1496 aut
1050 1469 1138 1505 eOS,
1162 1454 1424 1508 quicumque
1448 1452 1647 1494 dicentur

201 1513 321 1564 boni,
346 1530 512 1570 sequar,
535 1516 703 1556 etiamsi
730 1525 868 1555 ruent.
899 1513 1002 1569 quid
1029 1513 1085 1553 sit
1107 1512 1320 1567 optimum
1346 1510 1454 1550 male
1475 1519 1649 1551 eontra-

199 1571 282 1611 ctis
304 1573 447 1624 rebus,
471 1574 596 1629 plane
629 1573 770 1614 video.
805 1571 966 1613 nemini
1001 1581 1066 1610 est
1092 1571 1208 1609 enim
1236 1568 1526 1624 exploratum,
1549 1582 1647 1609 cum

201 1628 256 1668 ad
275 1644 394 1671 arma
420 1642 594 1671 ventum
620 1641 698 1682 est,
722 1630 825 1686 quid
849 1630 1042 1671 futurum
1067 1627 1145 1668 sit:
1180 1637 1223 1667 at
1247 1626 1347 1667 illud
1374 1626 1592 1676 omnibus,
1615 1625 1650 1666 si

203 1686 307 1727 boni
332 1688 433 1728 victi
459 1698 572 1740 suut,
606 1703 686 1730 nec
709 1689 750 1729 in
776 1688 894 1729 caede
919 1686 1165 1743 principum
1188 1684 1510 1725 clementiorem
1535 1683 1650 1723 hunc

203 1742 310 1794 fore,
333 1761 460 1801 quam
487 1746 629 1787 ‘Cinna
652 1746 798 1797 fuerit,
823 1761 900 1787 uec
923 1743 1272 1791 moderatiorem,
1295 1756 1426 1797 quam
1453 1739 1584 1791 Sulla,
1608 1740 1653 1782 in

204 1804 399 1856 pecuniis
422 1803 719 1860 locupletium.
743 1806 1069 1857 ἐμπολιτεὺομκίσοι
1085 1800 1371 1856 jamdudum:
1405 1808 1448 1840 et
1466 1798 1654 1840 facerem

203 1859 383 1912 diutius,
415 1862 499 1902 nisi
533 1877 602 1903 me
632 1862 807 1903 lucerna
840 1861 1067 1902 desereret.
1127 1857 1196 1898 Ad
1220 1872 1449 1908 summam,
1475 1870 1556 1898 Dic
1585 1855 1653 1898 M.

204 1917 377 1961 TULLI.
401 1919 610 1961 assentior
625 1920 708 1961 Cn.
728 1919 956 1975 Pompeio,
975 1917 1015 1958 id
1031 1926 1095 1957 est
1109 1915 1160 1957 T.
1178 1915 1439 1971 Pomponio.
1462 1914 1653 1964 Alexim,

203 1974 565 2018 humanissimum
600 1992 796 2034 puerum,
819 1977 900 2017 nisi
924 1976 1050 2026 forte,
1081 1975 1183 2015 dum
1214 1987 1296 2029 ego
1319 1974 1487 2023 absum,
1510 1971 1654 2012 adole-

204 2048 329 2132 scens
354 2034 493 2076 factus
515 2044 593 2087 est,
626 2037 690 2089 (id
725 2037 840 2076 enim
874 2048 1002 2090 agere
1036 2032 1298 2082 videbatur)
1321 2028 1654 2085 salverejubeas

206 2106 258 2133 -ve
278 2107 350 2134 im.

648 2160 884 2202 CICERO
915 2158 1146 2201 ATTICO
1179 2158 1223 2199 S.
1670 2160 1695 2197 S

205 2218 382 2280 QUID
415 2230 577 2285 Sssopus
614 2238 678 2270 est
703 2229 755 2270 de
790 2228 1005 2284 Dionysio
1041 2237 1129 2268 tam
1168 2225 1288 2267 valde
1327 2224 1569 2266 affirmare?
1600 2230 1699 2266 anb·

209 2288 317 2337 mihi
343 2296 471 2328 nutus
507 2297 604 2328 tuus
639 2302 723 2328 non
751 2286 912 2328 faceret
936 2286 1092 2327 fidem?
1125 2284 1413 2340 suspicionem
1439 2292 1583 2324 autem
1605 2296 1657 2323 eo

208 2346 316 2386 mihi
354 2347 564 2401 majorem
600 2354 674 2386 tua
704 2345 976 2386 taciturnitas
1010 2341 1226 2392 attule'rat,
1250 2341 1365 2396 quod
1401 2349 1443 2381 et
1478 2349 1524 2380 tu
1549 2339 1659 2381 sole's

208 2403 512 2459 conglutinare
535 2403 748 2444 amicitias
773 2401 1033 2444 testimoniis
1062 2400 1172 2451 tuis;
1203 2408 1247 2439 et
1272 2397 1391 2439 illum
1415 2397 1538 2438 aliter
1559 2412 1659 2439 cum

210 2461 306 2502 aliis
339 2462 392 2502 de
422 2461 548 2502 nobis
577 2460 772 2501 locutum
808 2460 1052 2501 audiebam.
1084 2458 1155 2498 sed
1189 2471 1360 2513 prorsus
1394 2456 1455 2496 ita
1483 2470 1589 2506 esse,
1612 2465 1661 2496 ut

211 2519 380 2570 scribis,
402 2519 510 2560 mihi
535 2519 777 2575 persuades
801 2518 946 2574 itaque
968 2532 1049 2573 ego
1070 2516 1105 2556 is
1130 2516 1170 2556 in
1195 2514 1315 2555 illum
1336 2527 1446 2564 sum,
1465 2527 1593 2568 quem
1614 2523 1663 2554 tu

210 2591 282 2617 me
304 2592 395 2618 esse
419 2577 501 2618 vis.
564 2576 694 2617 Diem
729 2585 851 2617 tuum
884 2589 966 2631 ego
1001 2588 1173 2629 quoque
1195 2587 1249 2613 ex
1272 2571 1454 2627 epistola
1476 2570 1663 2626 quadam

214 2643 302 2685 tua,
325 2649 455 2691 quam
489 2633 966 2690 incipiente‚feb1·icula
988 2633 1232 2687 scripseram,
1255 2629 1362 2670 mihi
1388 2638 1633 2669 notaveram
1652 2645 1662 2679 ;

213 2701 258 2740 et
279 2693 682 2744 animadverteram,
704 2706 846 2749 posse,
878 2705 956 2747 pro
991 2704 1035 2731 re
1068 2698 1184 2740 nata,
1207 2699 1249 2729 te
1279 2701 1365 2728 non
1389 2684 1666 2728 incommode

262 2825 304 2857 94
325 2833 365 2853 ne
384 2824 525 2854 absentis
538 2822 683 2863 quidem]
708 2822 849 2853 Etiamsi
866 2832 921 2852 ex·
966 2821 1044 2851 bum
1062 2818 1308 2859 aTheophane.

217 2865 361 2903 ,ercitum
378 2867 551 2903 amisisset.
1007 2864 1051 2898 96
1073 2872 1150 2903 opus
1174 2861 1234 2900 est]
1260 2857 1476 2891 Sex-{bendum
1491 2866 1561 2888 esse
1579 2862 1665 2901 erac,

261 2910 303 2944 95
332 2908 539 2941 Gaditanum
563 2919 584 2940 a
613 2907 814 2948 Mitylenoeo]
845 2907 923 2940 Bal·
967 2902 1289 2949 se‹1uen'tia,faceret
1306 2904 1365 2934 &c.
1381 2900 1576 2939 ostendunt.
