<?xml version="1.0" encoding="UTF-8"?>
<!DOCTYPE html PUBLIC "-//W3C//DTD XHTML 1.0 Transitional//EN"
    "http://www.w3.org/TR/xhtml1/DTD/xhtml1-transitional.dtd">
<html xmlns="http://www.w3.org/1999/xhtml" xml:lang="en" lang="en">
 <head>
  <title>
</title>
<meta http-equiv="Content-Type" content="text/html;charset=utf-8" />
  <meta name='ocr-system' content='tesseract 3.04.00' />
  <meta name='ocr-capabilities' content='ocr_page ocr_carea ocr_par ocr_line ocrx_word'/>
</head>
<body>
  <div class='ocr_page' id='page_1' title='image "./p2operaomnia03ciceuoft_0174.png"; bbox 0 0 1940 3231; ppageno 0'>
   <div class='ocr_carea' id='block_1_1' title="bbox 305 151 1315 196">
    <p class='ocr_par' dir='ltr' id='par_1_1' title="bbox 305 151 1315 196">
     <span class='ocr_line' id='line_1_1' title="bbox 305 151 1315 196; baseline 0.001 -7"><span class='ocrx_word' id='word_1_1' title='bbox 305 154 380 191; x_wconf 71' lang='lat'>593</span> <span class='ocrx_word' id='word_1_2' title='bbox 715 151 896 190; x_wconf 82' lang='lat' dir='ltr'>EPIST.</span> <span class='ocrx_word' id='word_1_3' title='bbox 924 151 1003 190; x_wconf 93' lang='lat' dir='ltr'>AD</span> <span class='ocrx_word' id='word_1_4' title='bbox 1028 152 1315 196; x_wconf 72' lang='lat' dir='ltr'>ATTICUM,</span> 
     </span>
    </p>
   </div>
   <div class='ocr_carea' id='block_1_2' title="bbox 304 254 1738 538">
    <p class='ocr_par' dir='ltr' id='par_1_2' title="bbox 304 254 1738 538">
     <span class='ocr_line' id='line_1_2' title="bbox 304 254 1736 300; baseline 0.003 -5"><span class='ocrx_word' id='word_1_5' title='bbox 304 269 395 296; x_wconf 86' lang='lat' dir='ltr'>esse</span> <span class='ocrx_word' id='word_1_6' title='bbox 428 254 570 296; x_wconf 80' lang='lat' dir='ltr'>debet.</span> <span class='ocrx_word' id='word_1_7' title='bbox 609 255 689 296; x_wconf 85' lang='lat' dir='ltr'>tibi</span> <span class='ocrx_word' id='word_1_8' title='bbox 728 265 871 298; x_wconf 85' lang='lat' dir='ltr'>tamen</span> <span class='ocrx_word' id='word_1_9' title='bbox 901 272 1072 298; x_wconf 84' lang='lat' dir='ltr'>causam</span> <span class='ocrx_word' id='word_1_10' title='bbox 1107 266 1251 298; x_wconf 85' lang='lat' dir='ltr'>notam</span> <span class='ocrx_word' id='word_1_11' title='bbox 1286 270 1377 297; x_wconf 85' lang='lat' dir='ltr'>esse</span> <span class='ocrx_word' id='word_1_12' title='bbox 1415 255 1560 298; x_wconf 89' lang='lat' dir='ltr'>volui:</span> <span class='ocrx_word' id='word_1_13' title='bbox 1603 264 1647 297; x_wconf 81' lang='lat' dir='ltr'>et</span> <span class='ocrx_word' id='word_1_14' title='bbox 1682 257 1736 300; x_wconf 81' lang='lat' dir='ltr'>ad</span> 
     </span>
     <span class='ocr_line' id='line_1_3' title="bbox 305 311 1736 370; baseline 0.003 -18"><span class='ocrx_word' id='word_1_15' title='bbox 305 312 446 368; x_wconf 84' lang='lat' dir='ltr'>ipsum</span> <span class='ocrx_word' id='word_1_16' title='bbox 487 311 582 353; x_wconf 80' lang='lat' dir='ltr'>haec</span> <span class='ocrx_word' id='word_1_17' title='bbox 616 314 842 369; x_wconf 80' lang='lat' dir='ltr'>perscripsi</span> <span class='ocrx_word' id='word_1_18' title='bbox 877 314 1217 370; x_wconf 77' lang='lat' dir='ltr'>diligentissime.</span> <span class='ocrx_word' id='word_1_19' title='bbox 1253 314 1428 356; x_wconf 86' lang='lat' dir='ltr'>omnino</span> <span class='ocrx_word' id='word_1_20' title='bbox 1463 312 1588 366; x_wconf 81' lang='lat' dir='ltr'>5(soli</span> <span class='ocrx_word' id='word_1_21' title='bbox 1621 314 1736 356; x_wconf 90' lang='lat' dir='ltr'>enim</span> 
     </span>
     <span class='ocr_line' id='line_1_4' title="bbox 306 369 1735 426; baseline 0.001 -16"><span class='ocrx_word' id='word_1_22' title='bbox 306 371 471 420; x_wconf 89' lang='lat' dir='ltr'>sumus)</span> <span class='ocrx_word' id='word_1_23' title='bbox 493 369 626 410; x_wconf 84' lang='lat' dir='ltr'>nullas</span> <span class='ocrx_word' id='word_1_24' title='bbox 650 384 849 425; x_wconf 80' lang='lat' dir='ltr'>umquam</span> <span class='ocrx_word' id='word_1_25' title='bbox 874 371 925 411; x_wconf 83' lang='lat' dir='ltr'>ad</span> <span class='ocrx_word' id='word_1_26' title='bbox 950 385 1017 411; x_wconf 78' lang='lat' dir='ltr'>ine</span> <span class='ocrx_word' id='word_1_27' title='bbox 1039 371 1198 412; x_wconf 81' lang='lat' dir='ltr'>litteras</span> <span class='ocrx_word' id='word_1_28' title='bbox 1220 371 1338 412; x_wconf 80' lang='lat' dir='ltr'>misit</span> <span class='ocrx_word' id='word_1_29' title='bbox 1360 371 1534 422; x_wconf 77' lang='lat' dir='ltr'>Brutus,</span> <span class='ocrx_word' id='word_1_30' title='bbox 1555 385 1609 412; x_wconf 91' lang='lat' dir='ltr'>ne</span> <span class='ocrx_word' id='word_1_31' title='bbox 1636 385 1735 426; x_wconf 89' lang='lat' dir='ltr'>pro-</span> 
     </span>
     <span class='ocr_line' id='line_1_5' title="bbox 305 426 1738 484; baseline 0.001 -17"><span class='ocrx_word' id='word_1_32' title='bbox 305 426 424 469; x_wconf 81' lang='lat' dir='ltr'>xime</span> <span class='ocrx_word' id='word_1_33' title='bbox 455 427 628 484; x_wconf 86' lang='lat' dir='ltr'>quidem</span> <span class='ocrx_word' id='word_1_34' title='bbox 660 427 712 467; x_wconf 86' lang='lat' dir='ltr'>de</span> <span class='ocrx_word' id='word_1_35' title='bbox 744 426 905 482; x_wconf 85' lang='lat' dir='ltr'>Appio,</span> <span class='ocrx_word' id='word_1_36' title='bbox 943 428 986 467; x_wconf 90' lang='lat' dir='ltr'>in</span> <span class='ocrx_word' id='word_1_37' title='bbox 1020 429 1174 482; x_wconf 87' lang='lat' dir='ltr'>quibus</span> <span class='ocrx_word' id='word_1_38' title='bbox 1209 443 1294 470; x_wconf 83' lang='lat' dir='ltr'>non</span> <span class='ocrx_word' id='word_1_39' title='bbox 1328 429 1483 469; x_wconf 83' lang='lat' dir='ltr'>inesset</span> <span class='ocrx_word' id='word_1_40' title='bbox 1519 442 1738 484; x_wconf 72' lang='lat' dir='ltr'>arrogans,</span> 
     </span>
     <span class='ocr_line' id='line_1_6' title="bbox 304 482 1530 538; baseline 0.005 -18"><span class='ocrx_word' id='word_1_41' title='bbox 304 482 505 527; x_wconf 63' lang='grc' dir='ltr'>ἀκοινώνητον</span> <span class='ocrx_word' id='word_1_42' title='bbox 527 483 703 538; x_wconf 85' lang='lat' dir='ltr'>aliquid.</span> <span class='ocrx_word' id='word_1_43' title='bbox 726 484 806 524; x_wconf 87' lang='lat' dir='ltr'>tibi</span> <span class='ocrx_word' id='word_1_44' title='bbox 829 493 971 524; x_wconf 83' lang='lat' dir='ltr'>autem</span> <span class='ocrx_word' id='word_1_45' title='bbox 996 484 1115 525; x_wconf 78' lang='lat' dir='ltr'>valde</span> <span class='ocrx_word' id='word_1_46' title='bbox 1137 485 1244 526; x_wconf 81' lang='lat' dir='ltr'>solet</span> <span class='ocrx_word' id='word_1_47' title='bbox 1265 486 1310 526; x_wconf 90' lang='lat' dir='ltr'>in</span> <span class='ocrx_word' id='word_1_48' title='bbox 1332 500 1404 527; x_wconf 87' lang='lat' dir='ltr'>ore</span> <span class='ocrx_word' id='word_1_49' title='bbox 1424 500 1530 537; x_wconf 84' lang='lat' dir='ltr'>esse,</span> 
     </span>
    </p>
   </div>
   <div class='ocr_carea' id='block_1_3' title="bbox 515 558 1415 659">
    <p class='ocr_par' dir='ltr' id='par_1_3' title="bbox 515 558 1415 659">
     <span class='ocr_line' id='line_1_7' title="bbox 828 558 1124 594; baseline 0.003 -2"><span class='ocrx_word' id='word_1_50' title='bbox 828 558 985 594; x_wconf 78' lang='lat' dir='ltr'>Granius</span> <span class='ocrx_word' id='word_1_51' title='bbox 1004 563 1124 594; x_wconf 78' lang='lat' dir='ltr'>autem</span> 
     </span>
     <span class='ocr_line' id='line_1_8' title="bbox 515 608 1415 659; baseline 0.004 -16"><span class='ocrx_word' id='word_1_52' title='bbox 515 608 598 643; x_wconf 82' lang='lat' dir='ltr'>Non</span> <span class='ocrx_word' id='word_1_53' title='bbox 617 613 840 645; x_wconf 79' lang='lat' dir='ltr'><em>contemnere</em></span> <span class='ocrx_word' id='word_1_54' title='bbox 855 622 904 652; x_wconf 83' lang='lat' dir='ltr'>se,</span> <span class='ocrx_word' id='word_1_55' title='bbox 925 615 958 645; x_wconf 79' lang='lat' dir='ltr'>et</span> <span class='ocrx_word' id='word_1_56' title='bbox 976 622 1075 658; x_wconf 79' lang='lat' dir='ltr'>reges</span> <span class='ocrx_word' id='word_1_57' title='bbox 1094 612 1208 646; x_wconf 72' lang='lat' dir='ltr'>odisse</span> <span class='ocrx_word' id='word_1_58' title='bbox 1224 612 1415 659; x_wconf 80' lang='lat' dir='ltr'>superbos:</span> 
     </span>
    </p>
   </div>
   <div class='ocr_carea' id='block_1_4' title="bbox 306 672 1747 1303">
    <p class='ocr_par' dir='ltr' id='par_1_4' title="bbox 306 672 1747 1303">
     <span class='ocr_line' id='line_1_9' title="bbox 306 672 1742 733; baseline 0.003 -20"><span class='ocrx_word' id='word_1_59' title='bbox 306 672 350 713; x_wconf 91' lang='lat' dir='ltr'>in</span> <span class='ocrx_word' id='word_1_60' title='bbox 373 687 457 728; x_wconf 92' lang='lat' dir='ltr'>quo</span> <span class='ocrx_word' id='word_1_61' title='bbox 481 683 623 715; x_wconf 81' lang='lat' dir='ltr'>tamen</span> <span class='ocrx_word' id='word_1_62' title='bbox 645 675 715 716; x_wconf 87' lang='lat' dir='ltr'>ille</span> <span class='ocrx_word' id='word_1_63' title='bbox 737 676 842 717; x_wconf 88' lang='lat' dir='ltr'>mihi</span> <span class='ocrx_word' id='word_1_64' title='bbox 867 677 996 718; x_wconf 88' lang='lat' dir='ltr'>risum</span> <span class='ocrx_word' id='word_1_65' title='bbox 1020 678 1171 733; x_wconf 83' lang='lat' dir='ltr'>magis,</span> <span class='ocrx_word' id='word_1_66' title='bbox 1192 693 1319 733; x_wconf 81' lang='lat' dir='ltr'>quam</span> <span class='ocrx_word' id='word_1_67' title='bbox 1343 677 1628 729; x_wconf 81' lang='lat' dir='ltr'>stomachum,</span> <span class='ocrx_word' id='word_1_68' title='bbox 1647 691 1742 718; x_wconf 83' lang='lat' dir='ltr'>mo-</span> 
     </span>
     <span class='ocr_line' id='line_1_10' title="bbox 306 731 1739 790; baseline 0.005 -21"><span class='ocrx_word' id='word_1_69' title='bbox 306 743 405 770; x_wconf 84' lang='lat' dir='ltr'>vere</span> <span class='ocrx_word' id='word_1_70' title='bbox 438 731 569 772; x_wconf 84' lang='lat' dir='ltr'>solet:</span> <span class='ocrx_word' id='word_1_71' title='bbox 603 733 673 773; x_wconf 91' lang='lat' dir='ltr'>sed</span> <span class='ocrx_word' id='word_1_72' title='bbox 708 733 830 787; x_wconf 84' lang='lat' dir='ltr'>plane.</span> <span class='ocrx_word' id='word_1_73' title='bbox 863 749 1012 790; x_wconf 82' lang='lat' dir='ltr'>parum</span> <span class='ocrx_word' id='word_1_74' title='bbox 1035 735 1214 790; x_wconf 77' lang='lat' dir='ltr'>cogitat,</span> <span class='ocrx_word' id='word_1_75' title='bbox 1237 736 1340 790; x_wconf 89' lang='lat' dir='ltr'>quid</span> <span class='ocrx_word' id='word_1_76' title='bbox 1376 737 1549 786; x_wconf 82' lang='lat' dir='ltr'>scribat,</span> <span class='ocrx_word' id='word_1_77' title='bbox 1582 743 1656 775; x_wconf 84' lang='lat' dir='ltr'>aut</span> <span class='ocrx_word' id='word_1_78' title='bbox 1685 734 1739 775; x_wconf 85' lang='lat' dir='ltr'>ad</span> 
     </span>
     <span class='ocr_line' id='line_1_11' title="bbox 306 788 1741 847; baseline 0.003 -20"><span class='ocrx_word' id='word_1_79' title='bbox 306 801 449 841; x_wconf 87' lang='lat' dir='ltr'>quem.</span> <span class='ocrx_word' id='word_1_80' title='bbox 515 789 572 835; x_wconf 85' lang='lat' dir='ltr'>Q.</span> <span class='ocrx_word' id='word_1_81' title='bbox 596 788 749 830; x_wconf 89' lang='lat' dir='ltr'>Cicero</span> <span class='ocrx_word' id='word_1_82' title='bbox 772 805 877 846; x_wconf 90' lang='lat' dir='ltr'>puer</span> <span class='ocrx_word' id='word_1_83' title='bbox 899 791 1017 846; x_wconf 83' lang='lat' dir='ltr'>legit,</span> <span class='ocrx_word' id='word_1_84' title='bbox 1041 801 1087 831; x_wconf 90' lang='lat' dir='ltr'>ut</span> <span class='ocrx_word' id='word_1_85' title='bbox 1109 793 1276 847; x_wconf 85' lang='lat' dir='ltr'>opinor,</span> <span class='ocrx_word' id='word_1_86' title='bbox 1299 801 1342 833; x_wconf 88' lang='lat' dir='ltr'>et</span> <span class='ocrx_word' id='word_1_87' title='bbox 1364 801 1492 843; x_wconf 89' lang='lat' dir='ltr'>certe,</span> <span class='ocrx_word' id='word_1_88' title='bbox 1513 791 1741 847; x_wconf 85' lang='lat' dir='ltr'>epistolam</span> 
     </span>
     <span class='ocr_line' id='line_1_12' title="bbox 306 842 1742 903; baseline 0.005 -20"><span class='ocrx_word' id='word_1_89' title='bbox 306 842 558 903; x_wconf 79' lang='lat' dir='ltr'>inscriptam</span> <span class='ocrx_word' id='word_1_90' title='bbox 583 847 693 901; x_wconf 83' lang='lat' dir='ltr'>patri</span> <span class='ocrx_word' id='word_1_91' title='bbox 717 862 807 888; x_wconf 93' lang='lat' dir='ltr'>suo.</span> <span class='ocrx_word' id='word_1_92' title='bbox 831 847 937 889; x_wconf 85' lang='lat' dir='ltr'>solet</span> <span class='ocrx_word' id='word_1_93' title='bbox 955 849 1068 888; x_wconf 84' lang='lat' dir='ltr'>enim</span> <span class='ocrx_word' id='word_1_94' title='bbox 1092 850 1268 903; x_wconf 81' lang='lat' dir='ltr'>aperire,</span> <span class='ocrx_word' id='word_1_95' title='bbox 1291 849 1419 903; x_wconf 88' lang='lat' dir='ltr'>idque</span> <span class='ocrx_word' id='word_1_96' title='bbox 1446 850 1499 890; x_wconf 91' lang='lat' dir='ltr'>de</span> <span class='ocrx_word' id='word_1_97' title='bbox 1519 863 1616 890; x_wconf 90' lang='lat' dir='ltr'>meo</span> <span class='ocrx_word' id='word_1_98' title='bbox 1637 864 1742 890; x_wconf 91' lang='lat' dir='ltr'>con-</span> 
     </span>
     <span class='ocr_line' id='line_1_13' title="bbox 307 901 1741 961; baseline 0.004 -20"><span class='ocrx_word' id='word_1_99' title='bbox 307 901 428 953; x_wconf 87' lang='lat' dir='ltr'>sili0;</span> <span class='ocrx_word' id='word_1_100' title='bbox 460 902 493 943; x_wconf 91' lang='lat' dir='ltr'>si</span> <span class='ocrx_word' id='word_1_101' title='bbox 516 903 618 958; x_wconf 89' lang='lat' dir='ltr'>quid</span> <span class='ocrx_word' id='word_1_102' title='bbox 642 903 753 945; x_wconf 88' lang='lat' dir='ltr'>forte</span> <span class='ocrx_word' id='word_1_103' title='bbox 776 905 843 955; x_wconf 84' lang='lat' dir='ltr'>sit,</span> <span class='ocrx_word' id='word_1_104' title='bbox 869 905 982 960; x_wconf 89' lang='lat' dir='ltr'>quod</span> <span class='ocrx_word' id='word_1_105' title='bbox 1005 920 1113 960; x_wconf 88' lang='lat' dir='ltr'>opus</span> <span class='ocrx_word' id='word_1_106' title='bbox 1135 906 1189 945; x_wconf 85' lang='lat' dir='ltr'>sit</span> <span class='ocrx_word' id='word_1_107' title='bbox 1213 907 1325 946; x_wconf 85' lang='lat' dir='ltr'>sciri.</span> <span class='ocrx_word' id='word_1_108' title='bbox 1348 907 1392 946; x_wconf 89' lang='lat' dir='ltr'>in</span> <span class='ocrx_word' id='word_1_109' title='bbox 1414 921 1464 946; x_wconf 81' lang='lat' dir='ltr'>ea</span> <span class='ocrx_word' id='word_1_110' title='bbox 1484 917 1626 947; x_wconf 84' lang='lat' dir='ltr'>autem</span> <span class='ocrx_word' id='word_1_111' title='bbox 1648 905 1741 961; x_wconf 88' lang='lat' dir='ltr'>epi-</span> 
     </span>
     <span class='ocr_line' id='line_1_14' title="bbox 307 957 1743 1017; baseline 0.003 -19"><span class='ocrx_word' id='word_1_112' title='bbox 307 957 416 999; x_wconf 84' lang='lat' dir='ltr'>stola</span> <span class='ocrx_word' id='word_1_113' title='bbox 437 968 528 1000; x_wconf 84' lang='lat' dir='ltr'>erat</span> <span class='ocrx_word' id='word_1_114' title='bbox 550 959 653 1001; x_wconf 88' lang='lat' dir='ltr'>illud</span> <span class='ocrx_word' id='word_1_115' title='bbox 675 961 788 1002; x_wconf 90' lang='lat' dir='ltr'>idem</span> <span class='ocrx_word' id='word_1_116' title='bbox 812 962 893 1003; x_wconf 82' lang='lat' dir='ltr'>6de</span> <span class='ocrx_word' id='word_1_117' title='bbox 916 976 1072 1013; x_wconf 88' lang='lat' dir='ltr'>sorore,</span> <span class='ocrx_word' id='word_1_118' title='bbox 1095 963 1209 1017; x_wconf 88' lang='lat' dir='ltr'>quod</span> <span class='ocrx_word' id='word_1_119' title='bbox 1240 963 1292 1002; x_wconf 78' lang='lat' dir='ltr'>ad</span> <span class='ocrx_word' id='word_1_120' title='bbox 1315 977 1398 1003; x_wconf 89' lang='lat' dir='ltr'>me.</span> <span class='ocrx_word' id='word_1_121' title='bbox 1431 962 1608 1003; x_wconf 87' lang='lat' dir='ltr'>mirifice</span> <span class='ocrx_word' id='word_1_122' title='bbox 1638 977 1743 1004; x_wconf 89' lang='lat' dir='ltr'>con-</span> 
     </span>
     <span class='ocr_line' id='line_1_15' title="bbox 306 1016 1743 1075; baseline 0.003 -20"><span class='ocrx_word' id='word_1_123' title='bbox 306 1016 528 1057; x_wconf 85' lang='lat' dir='ltr'>turbatum</span> <span class='ocrx_word' id='word_1_124' title='bbox 552 1018 638 1058; x_wconf 90' lang='lat' dir='ltr'>vidi</span> <span class='ocrx_word' id='word_1_125' title='bbox 664 1033 856 1074; x_wconf 85' lang='lat' dir='ltr'>puerum.</span> <span class='ocrx_word' id='word_1_126' title='bbox 880 1019 1118 1075; x_wconf 77' lang='lat' dir='ltr'>lacrymans</span> <span class='ocrx_word' id='word_1_127' title='bbox 1141 1034 1306 1059; x_wconf 85' lang='lat' dir='ltr'>mecum</span> <span class='ocrx_word' id='word_1_128' title='bbox 1332 1031 1395 1060; x_wconf 83' lang='lat' dir='ltr'>est</span> <span class='ocrx_word' id='word_1_129' title='bbox 1418 1029 1607 1074; x_wconf 88' lang='lat' dir='ltr'>questus.</span> <span class='ocrx_word' id='word_1_130' title='bbox 1638 1020 1743 1075; x_wconf 92' lang='lat' dir='ltr'>quid</span> 
     </span>
     <span class='ocr_line' id='line_1_16' title="bbox 307 1073 1747 1132; baseline 0.003 -19"><span class='ocrx_word' id='word_1_131' title='bbox 307 1073 493 1127; x_wconf 83' lang='lat' dir='ltr'>quaeris?</span> <span class='ocrx_word' id='word_1_132' title='bbox 524 1075 675 1116; x_wconf 88' lang='lat' dir='ltr'>miram</span> <span class='ocrx_word' id='word_1_133' title='bbox 710 1077 754 1117; x_wconf 90' lang='lat' dir='ltr'>in</span> <span class='ocrx_word' id='word_1_134' title='bbox 785 1091 835 1117; x_wconf 88' lang='lat' dir='ltr'>eo</span> <span class='ocrx_word' id='word_1_135' title='bbox 859 1077 1079 1132; x_wconf 84' lang='lat' dir='ltr'>pietatem,</span> <span class='ocrx_word' id='word_1_136' title='bbox 1113 1077 1383 1127; x_wconf 83' lang='lat' dir='ltr'>suavitatem,</span> <span class='ocrx_word' id='word_1_137' title='bbox 1413 1076 1747 1118; x_wconf 82' lang='lat' dir='ltr'>humanitatem-</span> 
     </span>
     <span class='ocr_line' id='line_1_17' title="bbox 306 1133 1744 1190; baseline 0.003 -20"><span class='ocrx_word' id='word_1_138' title='bbox 306 1144 390 1184; x_wconf 87' lang='lat' dir='ltr'>que</span> <span class='ocrx_word' id='word_1_139' title='bbox 415 1133 637 1188; x_wconf 81' lang='lat' dir='ltr'>perspexi:</span> <span class='ocrx_word' id='word_1_140' title='bbox 669 1148 755 1188; x_wconf 91' lang='lat' dir='ltr'>quo</span> <span class='ocrx_word' id='word_1_141' title='bbox 777 1134 985 1189; x_wconf 85' lang='lat' dir='ltr'>majorem</span> <span class='ocrx_word' id='word_1_142' title='bbox 1016 1149 1133 1190; x_wconf 86' lang='lat' dir='ltr'>spem</span> <span class='ocrx_word' id='word_1_143' title='bbox 1167 1134 1320 1184; x_wconf 80' lang='lat' dir='ltr'>habeo,</span> <span class='ocrx_word' id='word_1_144' title='bbox 1348 1133 1454 1174; x_wconf 87' lang='lat' dir='ltr'>nihil</span> <span class='ocrx_word' id='word_1_145' title='bbox 1486 1133 1577 1174; x_wconf 91' lang='lat' dir='ltr'>fore</span> <span class='ocrx_word' id='word_1_146' title='bbox 1607 1133 1744 1185; x_wconf 85' lang='lat' dir='ltr'>aliter,</span> 
     </span>
     <span class='ocr_line' id='line_1_18' title="bbox 310 1187 1745 1247; baseline 0.003 -20"><span class='ocrx_word' id='word_1_147' title='bbox 310 1201 361 1228; x_wconf 84' lang='lat' dir='ltr'>ac</span> <span class='ocrx_word' id='word_1_148' title='bbox 383 1187 545 1230; x_wconf 81' lang='lat' dir='ltr'>deceat.</span> <span class='ocrx_word' id='word_1_149' title='bbox 569 1189 611 1230; x_wconf 90' lang='lat' dir='ltr'>id</span> <span class='ocrx_word' id='word_1_150' title='bbox 635 1197 677 1231; x_wconf 90' lang='lat' dir='ltr'>te</span> <span class='ocrx_word' id='word_1_151' title='bbox 700 1191 832 1247; x_wconf 81' lang='lat' dir='ltr'>igitur</span> <span class='ocrx_word' id='word_1_152' title='bbox 855 1193 961 1232; x_wconf 89' lang='lat' dir='ltr'>scire</span> <span class='ocrx_word' id='word_1_153' title='bbox 981 1191 1110 1232; x_wconf 87' lang='lat' dir='ltr'>volui.</span> <span class='ocrx_word' id='word_1_154' title='bbox 1158 1191 1225 1231; x_wconf 73' lang='lat' dir='ltr'>Ne</span> <span class='ocrx_word' id='word_1_155' title='bbox 1249 1191 1349 1231; x_wconf 90' lang='lat' dir='ltr'>illud</span> <span class='ocrx_word' id='word_1_156' title='bbox 1372 1191 1544 1246; x_wconf 88' lang='lat' dir='ltr'>quidem</span> <span class='ocrx_word' id='word_1_157' title='bbox 1567 1200 1745 1246; x_wconf 87' lang='lat' dir='ltr'>praeter-</span> 
     </span>
     <span class='ocr_line' id='line_1_19' title="bbox 313 1244 1744 1303; baseline 0.003 -19"><span class='ocrx_word' id='word_1_158' title='bbox 313 1244 504 1287; x_wconf 80' lang='lat' dir='ltr'>mittam:</span> <span class='ocrx_word' id='word_1_159' title='bbox 541 1246 814 1299; x_wconf 82' lang='lat' dir='ltr'>Hortensius,</span> <span class='ocrx_word' id='word_1_160' title='bbox 855 1248 979 1299; x_wconf 86' lang='lat' dir='ltr'>filius,</span> <span class='ocrx_word' id='word_1_161' title='bbox 1018 1248 1101 1289; x_wconf 86' lang='lat' dir='ltr'>fuit</span> <span class='ocrx_word' id='word_1_162' title='bbox 1142 1249 1381 1298; x_wconf 76' lang='lat' dir='ltr'>Laodiceae,</span> <span class='ocrx_word' id='word_1_163' title='bbox 1419 1248 1744 1303; x_wconf 81' lang='lat' dir='ltr'>gladiatoribus,</span> 
     </span>
    </p>
   </div>
   <div class='ocr_carea' id='block_1_5' title="bbox 197 1301 1748 1361">
    <p class='ocr_par' dir='ltr' id='par_1_5' title="bbox 197 1301 1748 1361">
     <span class='ocr_line' id='line_1_20' title="bbox 197 1301 1748 1361; baseline 0.003 -20"><span class='ocrx_word' id='word_1_164' title='bbox 197 1319 231 1350; x_wconf 82' lang='lat' dir='ltr'>p.</span> <span class='ocrx_word' id='word_1_165' title='bbox 248 1309 300 1342; x_wconf 82' lang='lat'>94.</span> <span class='ocrx_word' id='word_1_166' title='bbox 316 1301 530 1358; x_wconf 83' lang='lat' dir='ltr'>flagitiose</span> <span class='ocrx_word' id='word_1_167' title='bbox 561 1314 604 1344; x_wconf 89' lang='lat' dir='ltr'>et</span> <span class='ocrx_word' id='word_1_168' title='bbox 641 1305 835 1361; x_wconf 81' lang='lat' dir='ltr'>turpiter.</span> <span class='ocrx_word' id='word_1_169' title='bbox 868 1306 984 1346; x_wconf 89' lang='lat' dir='ltr'>hunc</span> <span class='ocrx_word' id='word_1_170' title='bbox 1013 1320 1095 1361; x_wconf 83' lang='lat' dir='ltr'>ego</span> <span class='ocrx_word' id='word_1_171' title='bbox 1118 1305 1250 1361; x_wconf 84' lang='lat' dir='ltr'>patris</span> <span class='ocrx_word' id='word_1_172' title='bbox 1272 1320 1399 1346; x_wconf 82' lang='lat' dir='ltr'>causa</span> <span class='ocrx_word' id='word_1_173' title='bbox 1423 1305 1571 1346; x_wconf 84' lang='lat' dir='ltr'>vocavi</span> <span class='ocrx_word' id='word_1_174' title='bbox 1603 1305 1656 1345; x_wconf 87' lang='lat' dir='ltr'>ad</span> <span class='ocrx_word' id='word_1_175' title='bbox 1677 1319 1748 1345; x_wconf 89' lang='lat' dir='ltr'>ce-</span> 
     </span>
    </p>
   </div>
   <div class='ocr_carea' id='block_1_6' title="bbox 293 1361 1749 1928">
    <p class='ocr_par' dir='ltr' id='par_1_6' title="bbox 293 1361 1749 1928">
     <span class='ocr_line' id='line_1_21' title="bbox 293 1361 1749 1418; baseline 0.002 -19"><span class='ocrx_word' id='word_1_176' title='bbox 293 1373 429 1410; x_wconf 86' lang='lat' dir='ltr'>·nam,</span> <span class='ocrx_word' id='word_1_177' title='bbox 460 1375 545 1414; x_wconf 91' lang='lat' dir='ltr'>quo</span> <span class='ocrx_word' id='word_1_178' title='bbox 579 1361 648 1402; x_wconf 87' lang='lat' dir='ltr'>die</span> <span class='ocrx_word' id='word_1_179' title='bbox 682 1362 824 1415; x_wconf 83' lang='lat' dir='ltr'>venit3</span> <span class='ocrx_word' id='word_1_180' title='bbox 856 1372 899 1403; x_wconf 88' lang='lat' dir='ltr'>et</span> <span class='ocrx_word' id='word_1_181' title='bbox 934 1363 1124 1418; x_wconf 83' lang='lat' dir='ltr'>ejusdem</span> <span class='ocrx_word' id='word_1_182' title='bbox 1161 1362 1291 1418; x_wconf 82' lang='lat' dir='ltr'>patris</span> <span class='ocrx_word' id='word_1_183' title='bbox 1327 1377 1454 1403; x_wconf 87' lang='lat' dir='ltr'>causa</span> <span class='ocrx_word' id='word_1_184' title='bbox 1484 1361 1626 1403; x_wconf 76' lang='lat' dir='ltr'>7nihil</span> <span class='ocrx_word' id='word_1_185' title='bbox 1657 1376 1749 1402; x_wconf 86' lang='lat' dir='ltr'>am-</span> 
     </span>
     <span class='ocr_line' id='line_1_22' title="bbox 313 1415 1749 1475; baseline 0.002 -19"><span class='ocrx_word' id='word_1_186' title='bbox 313 1415 439 1471; x_wconf 88' lang='lat' dir='ltr'>plius.</span> <span class='ocrx_word' id='word_1_187' title='bbox 470 1419 505 1457; x_wconf 91' lang='lat' dir='ltr'>is</span> <span class='ocrx_word' id='word_1_188' title='bbox 538 1418 645 1459; x_wconf 87' lang='lat' dir='ltr'>mihi</span> <span class='ocrx_word' id='word_1_189' title='bbox 676 1419 802 1471; x_wconf 84' lang='lat' dir='ltr'>dixit,</span> <span class='ocrx_word' id='word_1_190' title='bbox 836 1435 878 1460; x_wconf 91' lang='lat' dir='ltr'>se</span> <span class='ocrx_word' id='word_1_191' title='bbox 899 1419 1082 1461; x_wconf 86' lang='lat' dir='ltr'>Athenis</span> <span class='ocrx_word' id='word_1_192' title='bbox 1106 1434 1173 1460; x_wconf 89' lang='lat' dir='ltr'>me</span> <span class='ocrx_word' id='word_1_193' title='bbox 1194 1429 1558 1475; x_wconf 79' lang='lat' dir='ltr'>exspectaturum,</span> <span class='ocrx_word' id='word_1_194' title='bbox 1583 1429 1629 1459; x_wconf 89' lang='lat' dir='ltr'>ut</span> <span class='ocrx_word' id='word_1_195' title='bbox 1659 1433 1749 1470; x_wconf 85' lang='lat' dir='ltr'>me-</span> 
     </span>
     <span class='ocr_line' id='line_1_23' title="bbox 311 1474 1749 1532; baseline 0.002 -19"><span class='ocrx_word' id='word_1_196' title='bbox 311 1488 411 1514; x_wconf 85' lang='lat' dir='ltr'>cum</span> <span class='ocrx_word' id='word_1_197' title='bbox 433 1474 671 1516; x_wconf 84' lang='lat' dir='ltr'>decederet.</span> <span class='ocrx_word' id='word_1_198' title='bbox 700 1488 829 1528; x_wconf 89' lang='lat' dir='ltr'>recte,</span> <span class='ocrx_word' id='word_1_199' title='bbox 861 1478 1061 1532; x_wconf 85' lang='lat' dir='ltr'>inquam:</span> <span class='ocrx_word' id='word_1_200' title='bbox 1094 1477 1197 1531; x_wconf 86' lang='lat' dir='ltr'>quid</span> <span class='ocrx_word' id='word_1_201' title='bbox 1223 1478 1336 1517; x_wconf 87' lang='lat' dir='ltr'>enim</span> <span class='ocrx_word' id='word_1_202' title='bbox 1363 1477 1577 1519; x_wconf 86' lang='lat' dir='ltr'>dicerem?</span> <span class='ocrx_word' id='word_1_203' title='bbox 1608 1476 1749 1517; x_wconf 88' lang='lat' dir='ltr'>omni-</span> 
     </span>
     <span class='ocr_line' id='line_1_24' title="bbox 310 1532 1748 1589; baseline 0.003 -19"><span class='ocrx_word' id='word_1_204' title='bbox 310 1544 366 1571; x_wconf 89' lang='lat' dir='ltr'>no</span> <span class='ocrx_word' id='word_1_205' title='bbox 392 1541 496 1586; x_wconf 86' lang='lat' dir='ltr'>puto</span> <span class='ocrx_word' id='word_1_206' title='bbox 519 1532 625 1573; x_wconf 86' lang='lat' dir='ltr'>nihil</span> <span class='ocrx_word' id='word_1_207' title='bbox 646 1548 751 1585; x_wconf 87' lang='lat' dir='ltr'>esse,</span> <span class='ocrx_word' id='word_1_208' title='bbox 775 1534 890 1589; x_wconf 90' lang='lat' dir='ltr'>quod</span> <span class='ocrx_word' id='word_1_209' title='bbox 912 1535 1038 1575; x_wconf 76' lang='lat' dir='ltr'>dixit.</span> <span class='ocrx_word' id='word_1_210' title='bbox 1063 1534 1194 1574; x_wconf 80' lang='lat' dir='ltr'>8nolo</span> <span class='ocrx_word' id='word_1_211' title='bbox 1218 1534 1414 1589; x_wconf 83' lang='lat' dir='ltr'>quidem3</span> <span class='ocrx_word' id='word_1_212' title='bbox 1447 1548 1501 1574; x_wconf 91' lang='lat' dir='ltr'>ne</span> <span class='ocrx_word' id='word_1_213' title='bbox 1531 1533 1748 1574; x_wconf 87' lang='lat' dir='ltr'>offendam</span> 
     </span>
     <span class='ocr_line' id='line_1_25' title="bbox 312 1590 1749 1646; baseline 0.002 -19"><span class='ocrx_word' id='word_1_214' title='bbox 312 1597 493 1642; x_wconf 85' lang='lat' dir='ltr'>patrem,</span> <span class='ocrx_word' id='word_1_215' title='bbox 525 1604 652 1644; x_wconf 88' lang='lat' dir='ltr'>quem</span> <span class='ocrx_word' id='word_1_216' title='bbox 685 1591 924 1632; x_wconf 84' lang='lat' dir='ltr'>mehercule</span> <span class='ocrx_word' id='word_1_217' title='bbox 962 1591 1145 1632; x_wconf 84' lang='lat' dir='ltr'>multum</span> <span class='ocrx_word' id='word_1_218' title='bbox 1175 1591 1324 1646; x_wconf 83' lang='lat' dir='ltr'>diligo.</span> <span class='ocrx_word' id='word_1_219' title='bbox 1358 1591 1422 1631; x_wconf 82' lang='lat' dir='ltr'>sin</span> <span class='ocrx_word' id='word_1_220' title='bbox 1461 1590 1591 1631; x_wconf 87' lang='lat' dir='ltr'>fuerit</span> <span class='ocrx_word' id='word_1_221' title='bbox 1628 1604 1749 1631; x_wconf 90' lang='lat' dir='ltr'>meus</span> 
     </span>
     <span class='ocr_line' id='line_1_26' title="bbox 312 1647 1749 1704; baseline 0.002 -20"><span class='ocrx_word' id='word_1_222' title='bbox 312 1659 472 1695; x_wconf 80' lang='lat' dir='ltr'>conieS‚</span> <span class='ocrx_word' id='word_1_223' title='bbox 497 1647 750 1688; x_wconf 85' lang='lat' dir='ltr'>moderabor</span> <span class='ocrx_word' id='word_1_224' title='bbox 773 1649 846 1699; x_wconf 80' lang='lat' dir='ltr'>ita,</span> <span class='ocrx_word' id='word_1_225' title='bbox 878 1663 932 1689; x_wconf 93' lang='lat' dir='ltr'>ne</span> <span class='ocrx_word' id='word_1_226' title='bbox 962 1649 1064 1704; x_wconf 88' lang='lat' dir='ltr'>quid</span> <span class='ocrx_word' id='word_1_227' title='bbox 1087 1662 1184 1688; x_wconf 85' lang='lat' dir='ltr'>eum</span> <span class='ocrx_word' id='word_1_228' title='bbox 1209 1648 1440 1698; x_wconf 82' lang='lat' dir='ltr'>offendam,</span> <span class='ocrx_word' id='word_1_229' title='bbox 1461 1661 1588 1702; x_wconf 88' lang='lat' dir='ltr'>quem</span> <span class='ocrx_word' id='word_1_230' title='bbox 1619 1647 1749 1687; x_wconf 88' lang='lat' dir='ltr'>mini-</span> 
     </span>
     <span class='ocr_line' id='line_1_27' title="bbox 311 1702 1747 1757; baseline 0.001 -15"><span class='ocrx_word' id='word_1_231' title='bbox 311 1715 382 1742; x_wconf 84' lang='lat' dir='ltr'>me</span> <span class='ocrx_word' id='word_1_232' title='bbox 405 1702 515 1744; x_wconf 92' lang='lat' dir='ltr'>volo.</span> <span class='ocrx_word' id='word_1_233' title='bbox 578 1704 689 1746; x_wconf 87' lang='lat' dir='ltr'>Haec</span> <span class='ocrx_word' id='word_1_234' title='bbox 715 1714 838 1757; x_wconf 78' lang='lat' dir='ltr'>sunt3</span> <span class='ocrx_word' id='word_1_235' title='bbox 870 1706 999 1746; x_wconf 85' lang='lat' dir='ltr'>etiam</span> <span class='ocrx_word' id='word_1_236' title='bbox 1034 1705 1151 1746; x_wconf 92' lang='lat' dir='ltr'>illud.</span> <span class='ocrx_word' id='word_1_237' title='bbox 1213 1705 1465 1746; x_wconf 85' lang='lat' dir='ltr'>Orationem</span> <span class='ocrx_word' id='word_1_238' title='bbox 1501 1705 1558 1751; x_wconf 76' lang='lat' dir='ltr'>Q.</span> <span class='ocrx_word' id='word_1_239' title='bbox 1583 1703 1747 1745; x_wconf 85' lang='lat' dir='ltr'>Celeris</span> 
     </span>
     <span class='ocr_line' id='line_1_28' title="bbox 311 1758 1749 1817; baseline 0.001 -18"><span class='ocrx_word' id='word_1_240' title='bbox 311 1758 418 1799; x_wconf 90' lang='lat' dir='ltr'>mihi</span> <span class='ocrx_word' id='word_1_241' title='bbox 445 1760 569 1801; x_wconf 89' lang='lat' dir='ltr'>velim</span> <span class='ocrx_word' id='word_1_242' title='bbox 593 1762 737 1802; x_wconf 84' lang='lat' dir='ltr'>mittas</span> <span class='ocrx_word' id='word_1_243' title='bbox 760 1771 909 1804; x_wconf 86' lang='lat' dir='ltr'>contra</span> <span class='ocrx_word' id='word_1_244' title='bbox 928 1763 995 1804; x_wconf 89' lang='lat' dir='ltr'>M.</span> <span class='ocrx_word' id='word_1_245' title='bbox 1012 1762 1252 1804; x_wconf 88' lang='lat' dir='ltr'>Servilium.</span> <span class='ocrx_word' id='word_1_246' title='bbox 1275 1762 1436 1803; x_wconf 86' lang='lat' dir='ltr'>litteras</span> <span class='ocrx_word' id='word_1_247' title='bbox 1455 1762 1579 1803; x_wconf 84' lang='lat' dir='ltr'>mitte</span> <span class='ocrx_word' id='word_1_248' title='bbox 1597 1775 1749 1817; x_wconf 79' lang='lat' dir='ltr'>quam-</span> 
     </span>
     <span class='ocr_line' id='line_1_29' title="bbox 313 1816 1747 1875; baseline 0.003 -19"><span class='ocrx_word' id='word_1_249' title='bbox 313 1816 526 1871; x_wconf 87' lang='lat' dir='ltr'>primum:</span> <span class='ocrx_word' id='word_1_250' title='bbox 560 1819 594 1859; x_wconf 84' lang='lat' dir='ltr'>si</span> <span class='ocrx_word' id='word_1_251' title='bbox 634 1819 766 1872; x_wconf 78' lang='lat' dir='ltr'>nihi13</span> <span class='ocrx_word' id='word_1_252' title='bbox 798 1820 906 1860; x_wconf 88' lang='lat' dir='ltr'>nihil</span> <span class='ocrx_word' id='word_1_253' title='bbox 943 1820 1051 1871; x_wconf 83' lang='lat' dir='ltr'>fieri,</span> <span class='ocrx_word' id='word_1_254' title='bbox 1086 1819 1150 1860; x_wconf 76' lang='lat' dir='ltr'>vel</span> <span class='ocrx_word' id='word_1_255' title='bbox 1191 1834 1266 1875; x_wconf 90' lang='lat' dir='ltr'>per</span> <span class='ocrx_word' id='word_1_256' title='bbox 1304 1829 1424 1860; x_wconf 87' lang='lat' dir='ltr'>tuum</span> <span class='ocrx_word' id='word_1_257' title='bbox 1463 1818 1747 1860; x_wconf 86' lang='lat' dir='ltr'>tabellarium.</span> 
     </span>
     <span class='ocr_line' id='line_1_30' title="bbox 317 1872 1277 1928; baseline 0.004 -15"><span class='ocrx_word' id='word_1_258' title='bbox 317 1872 441 1915; x_wconf 86' lang='lat' dir='ltr'>Piliae</span> <span class='ocrx_word' id='word_1_259' title='bbox 463 1884 506 1914; x_wconf 87' lang='lat' dir='ltr'>et</span> <span class='ocrx_word' id='word_1_260' title='bbox 529 1874 628 1917; x_wconf 86' lang='lat' dir='ltr'>filiae</span> <span class='ocrx_word' id='word_1_261' title='bbox 651 1876 845 1917; x_wconf 82' lang='lat' dir='ltr'>salutem.</span> <span class='ocrx_word' id='word_1_262' title='bbox 907 1876 1036 1928; x_wconf 84' lang='lat' dir='ltr'>Cura,</span> <span class='ocrx_word' id='word_1_263' title='bbox 1055 1888 1103 1917; x_wconf 81' lang='lat' dir='ltr'>ut</span> <span class='ocrx_word' id='word_1_264' title='bbox 1126 1877 1277 1918; x_wconf 73' lang='lat' dir='ltr'>valeas.</span> 
     </span>
    </p>
   </div>
   <div class='ocr_carea' id='block_1_7' title="bbox 275 1943 1316 1986">
    <p class='ocr_par' dir='ltr' id='par_1_7' title="bbox 275 1943 1316 1986">
     <span class='ocr_line' id='line_1_31' title="bbox 275 1943 1316 1986; baseline 0.002 -4"><span class='ocrx_word' id='word_1_265' title='bbox 275 1947 303 1982; x_wconf 77' lang='lat'><strong>4</strong></span> <span class='ocrx_word' id='word_1_266' title='bbox 749 1944 982 1986; x_wconf 89' lang='lat' dir='ltr'>CICERO</span> <span class='ocrx_word' id='word_1_267' title='bbox 1012 1943 1240 1986; x_wconf 89' lang='lat' dir='ltr'><strong>ATTICO</strong></span> <span class='ocrx_word' id='word_1_268' title='bbox 1272 1944 1316 1985; x_wconf 89' lang='lat' dir='ltr'>S.</span> 
     </span>
    </p>
   </div>
   <div class='ocr_carea' id='block_1_8' title="bbox 315 1999 1752 2474">
    <p class='ocr_par' dir='ltr' id='par_1_8' title="bbox 315 1999 1752 2474">
     <span class='ocr_line' id='line_1_32' title="bbox 316 1999 1745 2060; baseline 0.001 -4"><span class='ocrx_word' id='word_1_269' title='bbox 316 1999 582 2057; x_wconf 85' lang='lat' dir='ltr'>TARSUM</span> <span class='ocrx_word' id='word_1_270' title='bbox 606 2017 798 2059; x_wconf 83' lang='lat' dir='ltr'>venimus</span> <span class='ocrx_word' id='word_1_271' title='bbox 829 2013 952 2059; x_wconf 83' lang='lat' dir='ltr'>nonis</span> <span class='ocrx_word' id='word_1_272' title='bbox 974 2017 1132 2060; x_wconf 87' lang='lat' dir='ltr'>Juniis.</span> <span class='ocrx_word' id='word_1_273' title='bbox 1156 2018 1215 2058; x_wconf 91' lang='lat' dir='ltr'>ibi</span> <span class='ocrx_word' id='word_1_274' title='bbox 1247 2031 1315 2057; x_wconf 91' lang='lat' dir='ltr'>me</span> <span class='ocrx_word' id='word_1_275' title='bbox 1337 2016 1472 2057; x_wconf 81' lang='lat' dir='ltr'>multa</span> <span class='ocrx_word' id='word_1_276' title='bbox 1493 2023 1745 2058; x_wconf 86' lang='lat' dir='ltr'>moverunt:</span> 
     </span>
     <span class='ocr_line' id='line_1_33' title="bbox 318 2073 1752 2131; baseline 0.001 -18"><span class='ocrx_word' id='word_1_277' title='bbox 318 2087 523 2129; x_wconf 80' lang='lat' dir='ltr'>magnum</span> <span class='ocrx_word' id='word_1_278' title='bbox 557 2074 599 2114; x_wconf 91' lang='lat' dir='ltr'>in</span> <span class='ocrx_word' id='word_1_279' title='bbox 639 2075 764 2130; x_wconf 85' lang='lat' dir='ltr'>Syria</span> <span class='ocrx_word' id='word_1_280' title='bbox 794 2076 980 2127; x_wconf 82' lang='lat' dir='ltr'>bellum3</span> <span class='ocrx_word' id='word_1_281' title='bbox 1026 2090 1185 2131; x_wconf 80' lang='lat' dir='ltr'>magna</span> <span class='ocrx_word' id='word_1_282' title='bbox 1214 2075 1258 2115; x_wconf 90' lang='lat' dir='ltr'>in</span> <span class='ocrx_word' id='word_1_283' title='bbox 1305 2073 1460 2115; x_wconf 86' lang='lat' dir='ltr'>Cilicia</span> <span class='ocrx_word' id='word_1_284' title='bbox 1497 2073 1752 2128; x_wconf 77' lang='lat' dir='ltr'>latrocinia3</span> 
     </span>
     <span class='ocr_line' id='line_1_34' title="bbox 318 2130 1741 2187; baseline 0 -17"><span class='ocrx_word' id='word_1_285' title='bbox 318 2131 424 2171; x_wconf 84' lang='lat' dir='ltr'>mihi</span> <span class='ocrx_word' id='word_1_286' title='bbox 461 2131 648 2172; x_wconf 86' lang='lat' dir='ltr'>difficilis</span> <span class='ocrx_word' id='word_1_287' title='bbox 682 2133 790 2174; x_wconf 84' lang='lat' dir='ltr'>ratio</span> <span class='ocrx_word' id='word_1_288' title='bbox 828 2133 1168 2186; x_wconf 82' lang='lat' dir='ltr'>administrandi,</span> <span class='ocrx_word' id='word_1_289' title='bbox 1200 2131 1314 2187; x_wconf 91' lang='lat' dir='ltr'>quod</span> <span class='ocrx_word' id='word_1_290' title='bbox 1347 2145 1505 2187; x_wconf 79' lang='lat' dir='ltr'>paucos</span> <span class='ocrx_word' id='word_1_291' title='bbox 1540 2131 1629 2171; x_wconf 90' lang='lat' dir='ltr'>dies</span> <span class='ocrx_word' id='word_1_292' title='bbox 1664 2130 1741 2171; x_wconf 89' lang='lat' dir='ltr'>ha-</span> 
     </span>
     <span class='ocr_line' id='line_1_35' title="bbox 319 2187 1744 2244; baseline 0 -17"><span class='ocrx_word' id='word_1_293' title='bbox 319 2187 470 2228; x_wconf 83' lang='lat' dir='ltr'>bebam</span> <span class='ocrx_word' id='word_1_294' title='bbox 497 2188 680 2244; x_wconf 86' lang='lat' dir='ltr'>reliquos</span> <span class='ocrx_word' id='word_1_295' title='bbox 702 2191 831 2231; x_wconf 80' lang='lat' dir='ltr'>annui</span> <span class='ocrx_word' id='word_1_296' title='bbox 864 2190 1077 2231; x_wconf 85' lang='lat' dir='ltr'>muneris:</span> <span class='ocrx_word' id='word_1_297' title='bbox 1110 2189 1210 2231; x_wconf 89' lang='lat' dir='ltr'>illud</span> <span class='ocrx_word' id='word_1_298' title='bbox 1244 2199 1387 2230; x_wconf 79' lang='lat' dir='ltr'>autem</span> <span class='ocrx_word' id='word_1_299' title='bbox 1417 2188 1744 2238; x_wconf 79' lang='lat' dir='ltr'>difficillimum3</span> 
     </span>
     <span class='ocr_line' id='line_1_36' title="bbox 318 2243 1748 2301; baseline 0 -17"><span class='ocrx_word' id='word_1_300' title='bbox 318 2244 618 2300; x_wconf 83' lang='lat' dir='ltr'>relinquendus</span> <span class='ocrx_word' id='word_1_301' title='bbox 651 2257 741 2287; x_wconf 85' lang='lat' dir='ltr'>erat</span> <span class='ocrx_word' id='word_1_302' title='bbox 772 2263 825 2288; x_wconf 83' lang='lat' dir='ltr'>ex</span> <span class='ocrx_word' id='word_1_303' title='bbox 860 2258 1029 2288; x_wconf 84' lang='lat' dir='ltr'>senatus</span> <span class='ocrx_word' id='word_1_304' title='bbox 1065 2246 1260 2288; x_wconf 86' lang='lat' dir='ltr'>consulto</span> <span class='ocrx_word' id='word_1_305' title='bbox 1289 2246 1362 2301; x_wconf 85' lang='lat' dir='ltr'>qui</span> <span class='ocrx_word' id='word_1_306' title='bbox 1391 2255 1605 2301; x_wconf 84' lang='lat' dir='ltr'>praeesset.</span> <span class='ocrx_word' id='word_1_307' title='bbox 1639 2243 1748 2285; x_wconf 83' lang='lat' dir='ltr'>nihil</span> 
     </span>
     <span class='ocr_line' id='line_1_37' title="bbox 315 2302 1747 2359; baseline 0 -17"><span class='ocrx_word' id='word_1_308' title='bbox 315 2303 457 2343; x_wconf 86' lang='lat' dir='ltr'>minus</span> <span class='ocrx_word' id='word_1_309' title='bbox 494 2303 661 2357; x_wconf 83' lang='lat' dir='ltr'>probari</span> <span class='ocrx_word' id='word_1_310' title='bbox 696 2314 877 2359; x_wconf 79' lang='lat' dir='ltr'>poterat,</span> <span class='ocrx_word' id='word_1_311' title='bbox 899 2319 1027 2359; x_wconf 83' lang='lat' dir='ltr'>quam</span> <span class='ocrx_word' id='word_1_312' title='bbox 1056 2313 1245 2358; x_wconf 86' lang='lat' dir='ltr'>quaestor</span> <span class='ocrx_word' id='word_1_313' title='bbox 1276 2303 1528 2343; x_wconf 85' lang='lat' dir='ltr'>Mescinius.</span> <span class='ocrx_word' id='word_1_314' title='bbox 1562 2317 1660 2343; x_wconf 82' lang='lat' dir='ltr'>nam</span> <span class='ocrx_word' id='word_1_315' title='bbox 1693 2302 1747 2342; x_wconf 84' lang='lat' dir='ltr'>de</span> 
     </span>
     <span class='ocr_line' id='line_1_38' title="bbox 318 2358 1745 2410; baseline -0.001 -11"><span class='ocrx_word' id='word_1_316' title='bbox 318 2358 462 2400; x_wconf 82' lang='lat' dir='ltr'>Coelio</span> <span class='ocrx_word' id='word_1_317' title='bbox 500 2360 605 2400; x_wconf 89' lang='lat' dir='ltr'>nihil</span> <span class='ocrx_word' id='word_1_318' title='bbox 644 2361 936 2402; x_wconf 80' lang='lat' dir='ltr'>audiebamus.</span> <span class='ocrx_word' id='word_1_319' title='bbox 975 2361 1256 2402; x_wconf 85' lang='lat' dir='ltr'>rectissimum</span> <span class='ocrx_word' id='word_1_320' title='bbox 1293 2361 1531 2410; x_wconf 70' lang='lat' dir='ltr'>videbatur,</span> <span class='ocrx_word' id='word_1_321' title='bbox 1570 2358 1745 2399; x_wconf 86' lang='lat' dir='ltr'>fratrem</span> 
     </span>
     <span class='ocr_line' id='line_1_39' title="bbox 317 2416 1746 2474; baseline 0 -18"><span class='ocrx_word' id='word_1_322' title='bbox 317 2431 415 2457; x_wconf 88' lang='lat' dir='ltr'>cum</span> <span class='ocrx_word' id='word_1_323' title='bbox 450 2417 630 2472; x_wconf 88' lang='lat' dir='ltr'>imperio</span> <span class='ocrx_word' id='word_1_324' title='bbox 668 2418 928 2474; x_wconf 88' lang='lat' dir='ltr'>relinquere:</span> <span class='ocrx_word' id='word_1_325' title='bbox 968 2418 1012 2459; x_wconf 84' lang='lat' dir='ltr'>in</span> <span class='ocrx_word' id='word_1_326' title='bbox 1041 2433 1125 2473; x_wconf 88' lang='lat' dir='ltr'>quo</span> <span class='ocrx_word' id='word_1_327' title='bbox 1152 2418 1286 2458; x_wconf 83' lang='lat' dir='ltr'>multa</span> <span class='ocrx_word' id='word_1_328' title='bbox 1316 2417 1509 2468; x_wconf 84' lang='lat' dir='ltr'>molesta,</span> <span class='ocrx_word' id='word_1_329' title='bbox 1535 2416 1746 2457; x_wconf 86' lang='lat' dir='ltr'>discessus</span> 
     </span>
    </p>
   </div>
   <div class='ocr_carea' id='block_1_9' title="bbox 316 2528 1752 2652">
    <p class='ocr_par' dir='ltr' id='par_1_9' title="bbox 316 2528 1752 2652">
     <span class='ocr_line' id='line_1_40' title="bbox 358 2528 1752 2572; baseline -0.001 -13"><span class='ocrx_word' id='word_1_330' title='bbox 358 2532 376 2559; x_wconf 84' lang='lat'><strong>5</strong></span> <span class='ocrx_word' id='word_1_331' title='bbox 398 2529 456 2559; x_wconf 78' lang='lat' dir='ltr'>soli</span> <span class='ocrx_word' id='word_1_332' title='bbox 477 2530 562 2559; x_wconf 78' lang='lat' dir='ltr'>enim</span> <span class='ocrx_word' id='word_1_333' title='bbox 582 2531 708 2571; x_wconf 82' lang='lat' dir='ltr'>sumus]</span> <span class='ocrx_word' id='word_1_334' title='bbox 736 2531 843 2563; x_wconf 86' lang='lat' dir='ltr'>Nemo</span> <span class='ocrx_word' id='word_1_335' title='bbox 858 2542 935 2572; x_wconf 82' lang='lat' dir='ltr'>ergo</span> <span class='ocrx_word' id='word_1_336' title='bbox 950 2542 1008 2563; x_wconf 87' lang='lat' dir='ltr'>au·</span> <span class='ocrx_word' id='word_1_337' title='bbox 1093 2535 1111 2563; x_wconf 78' lang='lat'>8</span> <span class='ocrx_word' id='word_1_338' title='bbox 1134 2534 1205 2562; x_wconf 83' lang='lat' dir='ltr'>nolo</span> <span class='ocrx_word' id='word_1_339' title='bbox 1226 2532 1366 2572; x_wconf 79' lang='lat' dir='ltr'>quidem,</span> <span class='ocrx_word' id='word_1_340' title='bbox 1388 2541 1428 2561; x_wconf 68' lang='lat' dir='ltr'>oze</span> <span class='ocrx_word' id='word_1_341' title='bbox 1449 2540 1477 2560; x_wconf 89' lang='lat' dir='ltr'>o.</span> <span class='ocrx_word' id='word_1_342' title='bbox 1495 2528 1547 2568; x_wconf 60' lang='grc' dir='ltr'>μ]</span> <span class='ocrx_word' id='word_1_343' title='bbox 1574 2528 1752 2559; x_wconf 74' lang='lat' dir='ltr'>Obscurius</span> 
     </span>
     <span class='ocr_line' id='line_1_41' title="bbox 316 2571 1742 2611; baseline -0.006 -3"><span class='ocrx_word' id='word_1_344' title='bbox 316 2572 376 2608; x_wconf 58' lang='lat' dir='ltr'>dit,</span> <span class='ocrx_word' id='word_1_345' title='bbox 400 2580 471 2610; x_wconf 68' lang='lat' dir='ltr'>‘luae</span> <span class='ocrx_word' id='word_1_346' title='bbox 497 2572 555 2601; x_wconf 69' lang='lat' dir='ltr'>tibi</span> <span class='ocrx_word' id='word_1_347' title='bbox 580 2572 652 2603; x_wconf 86' lang='lat' dir='ltr'>dico</span> <span class='ocrx_word' id='word_1_348' title='bbox 677 2574 715 2604; x_wconf 88' lang='lat' dir='ltr'>de</span> <span class='ocrx_word' id='word_1_349' title='bbox 739 2574 855 2605; x_wconf 85' lang='lat' dir='ltr'>Bruto.</span> <span class='ocrx_word' id='word_1_350' title='bbox 882 2586 921 2606; x_wconf 75' lang='lat' dir='ltr'>ex</span> <span class='ocrx_word' id='word_1_351' title='bbox 945 2575 1007 2605; x_wconf 85' lang='lat' dir='ltr'>Te·</span> <span class='ocrx_word' id='word_1_352' title='bbox 1051 2573 1113 2605; x_wconf 84' lang='lat' dir='ltr'>hoe</span> <span class='ocrx_word' id='word_1_353' title='bbox 1136 2580 1198 2611; x_wconf 85' lang='lat' dir='ltr'>est,</span> <span class='ocrx_word' id='word_1_354' title='bbox 1213 2580 1246 2604; x_wconf 85' lang='lat' dir='ltr'>ct</span> <span class='ocrx_word' id='word_1_355' title='bbox 1271 2575 1377 2604; x_wconf 77' lang='lat' dir='ltr'>nescio</span> <span class='ocrx_word' id='word_1_356' title='bbox 1391 2583 1433 2604; x_wconf 82' lang='lat' dir='ltr'>an</span> <span class='ocrx_word' id='word_1_357' title='bbox 1454 2572 1619 2601; x_wconf 81' lang='lat' dir='ltr'>vitiosum.</span> <span class='ocrx_word' id='word_1_358' title='bbox 1663 2571 1742 2601; x_wconf 73' lang='lat' dir='ltr'>Sen-</span> 
     </span>
     <span class='ocr_line' id='line_1_42' title="bbox 316 2612 1746 2652; baseline -0.006 -1"><span class='ocrx_word' id='word_1_359' title='bbox 316 2614 422 2644; x_wconf 63' lang='lat' dir='ltr'>ffsstiO</span> <span class='ocrx_word' id='word_1_360' title='bbox 438 2619 499 2643; x_wconf 65' lang='lat' dir='ltr'>est·</span> <span class='ocrx_word' id='word_1_361' title='bbox 1053 2626 1106 2646; x_wconf 87' lang='lat' dir='ltr'>sus</span> <span class='ocrx_word' id='word_1_362' title='bbox 1142 2626 1209 2646; x_wconf 82' lang='lat' dir='ltr'>esse</span> <span class='ocrx_word' id='word_1_363' title='bbox 1245 2616 1352 2652; x_wconf 88' lang='lat' dir='ltr'>debet,</span> <span class='ocrx_word' id='word_1_364' title='bbox 1380 2621 1420 2645; x_wconf 87' lang='lat' dir='ltr'>ut</span> <span class='ocrx_word' id='word_1_365' title='bbox 1448 2613 1618 2644; x_wconf 77' lang='lat' dir='ltr'>Manutius</span> <span class='ocrx_word' id='word_1_366' title='bbox 1646 2612 1746 2642; x_wconf 87' lang='lat' dir='ltr'>vidit:</span> 
     </span>
    </p>
   </div>
   <div class='ocr_carea' id='block_1_10' title="bbox 311 2656 1750 2948">
    <p class='ocr_par' dir='ltr' id='par_1_10' title="bbox 314 2656 1750 2781">
     <span class='ocr_line' id='line_1_43' title="bbox 358 2656 1748 2699; baseline -0.001 -13"><span class='ocrx_word' id='word_1_367' title='bbox 358 2657 377 2686; x_wconf 90' lang='lat'><strong>6</strong></span> <span class='ocrx_word' id='word_1_368' title='bbox 400 2656 438 2685; x_wconf 83' lang='lat' dir='ltr'>de</span> <span class='ocrx_word' id='word_1_369' title='bbox 451 2665 568 2691; x_wconf 75' lang='lat' dir='ltr'>sorore,</span> <span class='ocrx_word' id='word_1_370' title='bbox 584 2657 668 2695; x_wconf 73' lang='lat' dir='ltr'>quod</span> <span class='ocrx_word' id='word_1_371' title='bbox 681 2658 726 2687; x_wconf 77' lang='lat' dir='ltr'>acl</span> <span class='ocrx_word' id='word_1_372' title='bbox 743 2657 806 2697; x_wconf 79' lang='lat' dir='ltr'>me]</span> <span class='ocrx_word' id='word_1_373' title='bbox 831 2660 1009 2699; x_wconf 85' lang='lat' dir='ltr'>Scripseras</span> <span class='ocrx_word' id='word_1_374' title='bbox 1053 2659 1130 2689; x_wconf 91' lang='lat' dir='ltr'>nolo</span> <span class='ocrx_word' id='word_1_375' title='bbox 1159 2658 1288 2697; x_wconf 82' lang='lat' dir='ltr'>quidem</span> <span class='ocrx_word' id='word_1_376' title='bbox 1315 2667 1390 2688; x_wconf 84' lang='lat' dir='ltr'>eum</span> <span class='ocrx_word' id='word_1_377' title='bbox 1419 2665 1486 2687; x_wconf 83' lang='lat' dir='ltr'>esse</span> <span class='ocrx_word' id='word_1_378' title='bbox 1521 2656 1555 2685; x_wconf 88' lang='lat' dir='ltr'>in</span> <span class='ocrx_word' id='word_1_379' title='bbox 1585 2656 1748 2685; x_wconf 81' lang='lat' dir='ltr'>comitatu</span> 
     </span>
     <span class='ocr_line' id='line_1_44' title="bbox 315 2697 1746 2739; baseline -0.001 -11"><span class='ocrx_word' id='word_1_380' title='bbox 315 2708 366 2738; x_wconf 83' lang='lat' dir='ltr'>ep.</span> <span class='ocrx_word' id='word_1_381' title='bbox 393 2698 575 2736; x_wconf 83' lang='lat' dir='ltr'>superiore:</span> <span class='ocrx_word' id='word_1_382' title='bbox 611 2708 683 2728; x_wconf 88' lang='lat' dir='ltr'>eam</span> <span class='ocrx_word' id='word_1_383' title='bbox 710 2699 873 2739; x_wconf 73' lang='lat' dir='ltr'>Quintum</span> <span class='ocrx_word' id='word_1_384' title='bbox 898 2702 1009 2732; x_wconf 87' lang='lat' dir='ltr'>dimit·</span> <span class='ocrx_word' id='word_1_385' title='bbox 1053 2710 1139 2738; x_wconf 87' lang='lat' dir='ltr'>meo,</span> <span class='ocrx_word' id='word_1_386' title='bbox 1155 2711 1195 2730; x_wconf 87' lang='lat' dir='ltr'>ne</span> <span class='ocrx_word' id='word_1_387' title='bbox 1210 2700 1371 2730; x_wconf 74' lang='lat' dir='ltr'>offendam</span> <span class='ocrx_word' id='word_1_388' title='bbox 1394 2704 1534 2739; x_wconf 82' lang='lat' dir='ltr'>patrem,</span> <span class='ocrx_word' id='word_1_389' title='bbox 1548 2697 1574 2727; x_wconf 88' lang='lat' dir='ltr'>si</span> <span class='ocrx_word' id='word_1_390' title='bbox 1588 2697 1746 2728; x_wconf 82' lang='lat' dir='ltr'>habuero.</span> 
     </span>
     <span class='ocr_line' id='line_1_45' title="bbox 314 2739 1750 2781; baseline 0 -11"><span class='ocrx_word' id='word_1_391' title='bbox 314 2745 384 2770; x_wconf 59' lang='lat' dir='ltr'>tere</span> <span class='ocrx_word' id='word_1_392' title='bbox 399 2741 491 2770; x_wconf 78' lang='lat' dir='ltr'>velle.</span> <span class='ocrx_word' id='word_1_393' title='bbox 1001 2768 1003 2771; x_wconf 92' lang='lat'>.</span> <span class='ocrx_word' id='word_1_394' title='bbox 1056 2743 1118 2773; x_wconf 88' lang='lat' dir='ltr'>Sed</span> <span class='ocrx_word' id='word_1_395' title='bbox 1148 2752 1246 2781; x_wconf 80' lang='lat' dir='ltr'>quare</span> <span class='ocrx_word' id='word_1_396' title='bbox 1273 2742 1334 2772; x_wconf 85' lang='lat' dir='ltr'>hcc</span> <span class='ocrx_word' id='word_1_397' title='bbox 1362 2741 1523 2771; x_wconf 81' lang='lat' dir='ltr'>timebat?</span> <span class='ocrx_word' id='word_1_398' title='bbox 1561 2749 1603 2770; x_wconf 88' lang='lat' dir='ltr'>an</span> <span class='ocrx_word' id='word_1_399' title='bbox 1628 2739 1750 2770; x_wconf 84' lang='lat' dir='ltr'>excidit</span> 
     </span>
    </p>

    <p class='ocr_par' dir='ltr' id='par_1_11' title="bbox 311 2782 1748 2948">
     <span class='ocr_line' id='line_1_46' title="bbox 357 2782 1746 2824; baseline -0.001 -12"><span class='ocrx_word' id='word_1_400' title='bbox 357 2786 374 2815; x_wconf 85' lang='lat'><strong>7</strong></span> <span class='ocrx_word' id='word_1_401' title='bbox 398 2783 482 2813; x_wconf 74' lang='lat' dir='ltr'>nihil</span> <span class='ocrx_word' id='word_1_402' title='bbox 497 2782 649 2822; x_wconf 76' lang='lat' dir='ltr'>amplius]</span> <span class='ocrx_word' id='word_1_403' title='bbox 676 2783 737 2812; x_wconf 88' lang='lat' dir='ltr'>int.</span> <span class='ocrx_word' id='word_1_404' title='bbox 757 2783 829 2814; x_wconf 84' lang='lat' dir='ltr'>feci.</span> <span class='ocrx_word' id='word_1_405' title='bbox 853 2784 1011 2824; x_wconf 79' lang='lat' dir='ltr'>intelligit</span> <span class='ocrx_word' id='word_1_406' title='bbox 1052 2786 1143 2815; x_wconf 76' lang='lat' dir='ltr'>non?</span> <span class='ocrx_word' id='word_1_407' title='bbox 1166 2794 1229 2814; x_wconf 81' lang='lat' dir='ltr'>non</span> <span class='ocrx_word' id='word_1_408' title='bbox 1243 2786 1314 2814; x_wconf 81' lang='lat' dir='ltr'>nolo</span> <span class='ocrx_word' id='word_1_409' title='bbox 1328 2784 1473 2823; x_wconf 75' lang='lat' dir='ltr'>quidem:</span> <span class='ocrx_word' id='word_1_410' title='bbox 1498 2792 1565 2812; x_wconf 82' lang='lat' dir='ltr'>non</span> <span class='ocrx_word' id='word_1_411' title='bbox 1580 2791 1655 2812; x_wconf 90' lang='lat' dir='ltr'>eum</span> <span class='ocrx_word' id='word_1_412' title='bbox 1670 2791 1746 2822; x_wconf 88' lang='lat' dir='ltr'>pro-</span> 
     </span>
     <span class='ocr_line' id='line_1_47' title="bbox 315 2823 1748 2865; baseline 0 -11"><span class='ocrx_word' id='word_1_413' title='bbox 315 2829 440 2860; x_wconf 66' lang='lat' dir='ltr'>auum),</span> <span class='ocrx_word' id='word_1_414' title='bbox 473 2834 506 2854; x_wconf 80' lang='lat' dir='ltr'>se</span> <span class='ocrx_word' id='word_1_415' title='bbox 542 2834 618 2855; x_wconf 86' lang='lat' dir='ltr'>eum</span> <span class='ocrx_word' id='word_1_416' title='bbox 655 2835 721 2854; x_wconf 91' lang='lat' dir='ltr'>non</span> <span class='ocrx_word' id='word_1_417' title='bbox 756 2825 1009 2865; x_wconf 84' lang='lat' dir='ltr'>reprehendisse,</span> <span class='ocrx_word' id='word_1_418' title='bbox 1053 2826 1170 2857; x_wconf 78' lang='lat' dir='ltr'>hibebo</span> <span class='ocrx_word' id='word_1_419' title='bbox 1206 2837 1226 2857; x_wconf 87' lang='lat' dir='ltr'>a</span> <span class='ocrx_word' id='word_1_420' title='bbox 1256 2827 1416 2857; x_wconf 84' lang='lat' dir='ltr'>comitatu</span> <span class='ocrx_word' id='word_1_421' title='bbox 1453 2835 1544 2855; x_wconf 89' lang='lat' dir='ltr'>meo:</span> <span class='ocrx_word' id='word_1_422' title='bbox 1580 2834 1658 2856; x_wconf 80' lang='lat' dir='ltr'>nam</span> <span class='ocrx_word' id='word_1_423' title='bbox 1683 2823 1748 2855; x_wconf 66' lang='lat' dir='ltr'>hod</span> 
     </span>
     <span class='ocr_line' id='line_1_48' title="bbox 313 2867 1511 2910; baseline 0.003 -15"><span class='ocrx_word' id='word_1_424' title='bbox 313 2867 504 2901; x_wconf 79' lang='lat' dir='ltr'>coercuisse,</span> <span class='ocrx_word' id='word_1_425' title='bbox 529 2876 568 2898; x_wconf 84' lang='lat' dir='ltr'>nc</span> <span class='ocrx_word' id='word_1_426' title='bbox 591 2871 717 2907; x_wconf 80' lang='lat' dir='ltr'>patrem</span> <span class='ocrx_word' id='word_1_427' title='bbox 734 2867 925 2908; x_wconf 82' lang='lat' dir='ltr'>offenderet,</span> <span class='ocrx_word' id='word_1_428' title='bbox 942 2873 979 2900; x_wconf 88' lang='lat' dir='ltr'>ut</span> <span class='ocrx_word' id='word_1_429' title='bbox 993 2879 1011 2900; x_wconf 89' lang='lat' dir='ltr'>e</span> <span class='ocrx_word' id='word_1_430' title='bbox 1053 2873 1182 2910; x_wconf 84' lang='lat' dir='ltr'>poterat</span> <span class='ocrx_word' id='word_1_431' title='bbox 1197 2873 1324 2910; x_wconf 85' lang='lat' dir='ltr'>patrem</span> <span class='ocrx_word' id='word_1_432' title='bbox 1338 2867 1511 2901; x_wconf 81' lang='lat' dir='ltr'>offendere.</span> 
     </span>
     <span class='ocr_line' id='line_1_49' title="bbox 311 2913 1506 2948; baseline -0.007 -12"><span class='ocrx_word' id='word_1_433' title='bbox 311 2917 381 2948; x_wconf 81' lang='lat' dir='ltr'>sqq.</span> <span class='ocrx_word' id='word_1_434' title='bbox 399 2913 502 2948; x_wconf 75' lang='lat' dir='ltr'>patet.</span> <span class='ocrx_word' id='word_1_435' title='bbox 1503 2931 1506 2934; x_wconf 16' lang='grc' dir='ltr'><em>Δ</em></span> 
     </span>
    </p>
   </div>
   <div class='ocr_carea' id='block_1_11' title="bbox 1895 681 1918 1047">
    <p class='ocr_par' dir='ltr' id='par_1_12' title="bbox 1895 681 1918 1047">
     <span class='ocr_line' id='line_1_50' title="bbox 1895 681 1918 1047; baseline 0 2184"><span class='ocrx_word' id='word_1_436' title='bbox 1895 681 1918 1047; x_wconf 95' lang='lat' dir='ltr'> </span> 
     </span>
    </p>
   </div>
   <div class='ocr_carea' id='block_1_12' title="bbox 1893 1447 1940 2795">
    <p class='ocr_par' dir='ltr' id='par_1_13' title="bbox 1893 1447 1940 2795">
     <span class='ocr_line' id='line_1_51' title="bbox 1893 1447 1940 2795; baseline 0 0"><span class='ocrx_word' id='word_1_437' title='bbox 1893 1447 1940 2795; x_wconf 95' lang='lat' dir='ltr'> </span> 
     </span>
    </p>
   </div>
   <div class='ocr_carea' id='block_1_13' title="bbox 1897 2501 1900 3080">
    <p class='ocr_par' dir='ltr' id='par_1_14' title="bbox 1897 2501 1900 3080">
     <span class='ocr_line' id='line_1_52' title="bbox 1897 2501 1900 3080; baseline 0 0"><span class='ocrx_word' id='word_1_438' title='bbox 1897 2501 1900 3080; x_wconf 95' lang='lat' dir='ltr'> </span> 
     </span>
    </p>
   </div>
  </div>
 </body>
</html>
