1940 3231
283 167 363 205 690
689 165 876 206 EPIST.
913 167 993 206 AD
1025 168 1312 214 ATTICUM‚

1742 258 1758 271 2

286 268 393 310 tiam
418 268 733 314 Corfiniensem
758 271 874 313 illam
909 287 986 329 per
1007 275 1170 317 litteras
1189 272 1565 327 collaudat-issem,
1583 274 1732 321 teceri?

287 326 376 382 psit
397 327 481 370 hoc
503 343 626 370 exem
637 330 722 386 plo.

489 414 708 456 CAESAR
739 415 873 458 IMP.
908 415 1215 458 CICERONI
1249 415 1383 457 IMP.
1417 415 1461 457 S.
1487 415 1546 456 D.

292 468 506 524 RECTE
525 483 746 539 auguraris
763 484 816 525 de
833 499 914 535 me,
934 485 1064 537 (bene
1085 484 1200 525 enim
1214 484 1293 525 tibi
1316 484 1516 540 cognitus
1541 484 1739 534 1111110111-

290 536 354 579 hil
374 555 399 580 a
422 555 489 581 me
502 541 649 581 abesse
664 540 835 596 longius
852 541 1119 583 crudelitate.
1138 551 1266 597 atque
1280 556 1363 597 ego
1379 556 1478 583 cum
1500 556 1555 582 ex
1577 541 1671 597 ipsa
1692 556 1739 586 re

292 609 497 652 magnam
530 597 655 653 capio
680 599 972 654 voluptatem:
1006 608 1112 649 tum,
1131 613 1273 639 meum
1297 599 1458 640 factum
1483 598 1655 655 probari
1677 599 1734 642 ab

295 661 354 703 te,
387 653 622 710 triumpho,
644 656 827 711 gaudeo.
852 671 989 712 neque
1012 655 1116 697 illud
1138 670 1206 696 me
1227 667 1387 706 movet,
1409 657 1525 711 quod
1548 656 1591 706 ii,
1615 655 1689 711 qui
1712 671 1739 696 a

297 723 368 750 me
400 710 565 752 dimissi
596 723 709 764 sunt,
744 713 987 755 discessisse
1020 713 1248 765 dicuntum
1279 723 1327 753 ut
1354 714 1460 755 mihi
1483 727 1624 754 rursus
1650 713 1738 754 bel-

298 766 388 807 lum
410 767 640 811 inferrent:
675 770 782 811 nihil
814 770 928 811 enim
963 771 1090 821 malo,
1123 785 1250 826 quam
1285 780 1329 811 et
1357 785 1426 811 me
1448 771 1530 811 mei
1553 770 1739 819 similem,

258 832 404 876 hesse,
438 836 481 866 et
516 825 609 868 illos
644 827 724 868 sui.
774 827 839 868 Tu
865 828 989 869 velim
1024 827 1128 869 mihi
1153 828 1205 868 ad
1231 828 1376 868 urbem
1416 837 1571 883 praesto
1595 828 1666 879 sis,
1691 836 1740 871 118

299 882 384 923 tuis
412 884 602 925 consiliis
636 894 764 940 atque
788 885 958 941 opibus,
983 894 1030 926 ut
1061 885 1280 936 consuevi,
1316 885 1358 924 in
1389 886 1589 925 omnibus
1611 886 1739 926 rebus

297 948 407 980 utar.
470 941 698 983 Dolabella
738 952 811 983 tuo
846 943 953 983 1111111
984 942 1092 983 scito
1115 941 1223 982 1111111
1245 941 1603 996 essejucundius.
1625 942 1738 984 hanc

297 996 405 1037 adeo
427 997 598 1040 habebo
621 1000 803 1056 gratiam
827 1000 884 1041 illi
904 1017 913 1042 z
946 1014 1084 1052 neque
1106 999 1221 1040 enim
1244 998 1366 1040 aliter
1392 998 1531 1040 facere
1553 1000 1737 1055 poterit:

298 1064 419 1096 tanta
440 1055 532 1111 ejus
554 1056 816 1109 humanitas,
839 1058 873 1098 is
897 1072 1058 1109 sensus,
1080 1071 1130 1098 ea
1151 1057 1196 1097 in
1219 1070 1288 1098 me
1309 1065 1375 1097 est
1395 1056 1701 1098 benivolentia.

241 1159 286 1199 17
733 1146 968 1189 CICERO
1000 1145 1228 1188 ATTICO
1260 1145 1305 1187 S.

301 1201 682 1261 TREBATIUM
708 1235 755 1262 vr
779 1221 963 1262 Kalend.
983 1235 1068 1275 quo
1088 1220 1158 1262 die
1178 1219 1254 1260 has
1275 1219 1439 1261 litteras
1458 1219 1571 1271 dedi,
1590 1233 1744 1276 exspe-

300 1277 488 1318 ctabam.
521 1291 576 1318 ex
610 1277 702 1331 ejus
738 1279 890 1319 nuntio
925 1278 1145 1333 Matiique
1176 1277 1329 1318 litteris
1360 1277 1618 1328 meditabor,
1656 1292 1747 1332 quo

299 1334 431 1374 modo
468 1348 565 1375 cum
607 1335 678 1376 illo
711 1334 875 1391 loquar.
928 1335 968 1376 O
1007 1345 1176 1391 tempus
1209 1335 1435 1376 miserum!
1468 1349 1548 1376 nec
1574 1335 1744 1388 dubito²

301 1389 406 1443 quin
437 1405 462 1431 a
494 1406 562 1432 nie
594 1394 844 1444 contendat,
876 1392 929 1434 ad
965 1393 1114 1434 urbem
1146 1392 1330 1433 veniam.
1392 1392 1599 1433 Senatum
1625 1391 1743 1433 enim

304 1445 403 1487 Kal.
441 1449 547 1490 velle
581 1464 625 1491 se
656 1449 923 1506 frequentem
956 1451 1118 1502 adesse,
1151 1450 1281 1492 etiam
1318 1449 1503 1491 Formiis
1534 1450 1746 1505 proscribi

294 1502 443 1558 jussit.
465 1520 569 1563 ergo
592 1507 630 1548 ei
655 1508 899 1564 negandum
922 1511 1013 1549 est?
1044 1510 1084 1539 ⁶22
1098 1508 1171 1549 sed
1200 1507 1304 1562 quid
1329 1507 1565 1563 praecipio?
1595 1507 1744 1564 statim

302 1561 355 1602 ad
381 1571 423 1603 te
446 1565 708 1619 perscribam
737 1565 899 1607 omnia.
931 1580 986 1607 ex
1020 1564 1133 1607 illius
1166 1579 1361 1606 sermone
1391 1573 1592 1616 statuam,
1614 1563 1746 1620 Arpi-

301 1633 463 1661 numne
493 1621 600 1662 mihi
622 1623 811 1664 eundum
844 1624 913 1674 sit,
949 1637 1001 1663 an
1024 1637 1111 1677 quo
1134 1622 1233 1664 alio.
1284 1621 1396 1663 Volo
1421 1621 1623 1663 Ciceroni
1647 1635 1748 1662 meo

303 1685 453 1732 togam
485 1693 638 1735 puram
669 1681 784 1721 dare.
818 1680 915 1722 istic
949 1689 1071 1735 puto.
1094 1689 1155 1731 tu,
1177 1694 1339 1735 quaeso,
1362 1679 1524 1736 cogita,
1545 1678 1649 1734 quid
1671 1679 1745 1720 de-

302 1733 420 1776 inde.
442 1749 542 1777 nam
565 1751 634 1777 me
655 1737 855 1779 hebetem
877 1738 1086 1779 molestiae
1108 1736 1398 1778 reddiderunt.
1442 1735 1483 1777 A
1504 1735 1652 1787 Curio,
1672 1750 1745 1777 ve-

292 1790 380 1832 'lim
415 1794 537 1845 scire,
559 1795 714 1850 ecquid
738 1796 790 1836 ad
815 1805 856 1836 te
879 1796 1085 1851 scriptum
1112 1795 1168 1835 sit
1189 1795 1242 1835 de
1264 1793 1438 1835 Tirone.
1460 1794 1513 1835 ad
1539 1807 1608 1834 me
1629 1793 1746 1834 enim

306 1848 400 1904 ipse
433 1850 537 1892 Tiro
570 1851 631 1892 ita
659 1852 847 1908 scripsit,
877 1863 925 1894 ut
954 1867 1114 1902 verear,
1137 1851 1242 1907 quid
1263 1861 1378 1907 agat.
1411 1851 1485 1906 qui
1507 1859 1648 1892 autem
1671 1865 1746 1892 ve-

306 1906 434 1947 niunt
466 1908 579 1959 inde,
602 1911 641 1939 23
654 1912 821 1955 κινδυνώδη
855 1911 1070 1951 nuntiant.
1093 1924 1194 1951 sane
1218 1910 1260 1950 in
1290 1910 1456 1964 magnis
1479 1908 1592 1949 curis
1613 1908 1744 1949 etiam

174 1962 404 2019 p.153.hae0
443 1979 511 2007 me
544 1965 761 2008 sollicitat.
796 1968 839 2008 in
881 1968 961 2010 hac
989 1969 1114 2009 enim.
1143 1966 1317 2008 fortuna
1351 1965 1543 2022 perutilis
1578 1965 1671 2021 ejiis
1704 1975 1749 2006 et

265 2034 440 2078 mopere}
460 2033 503 2064 et
526 2023 707 2067 fidelitas
729 2034 854 2067 esset.
915 2047 919 2051 .

247 2126 295 2163 18
744 2114 982 2157 CICERO
1012 2113 1240 2156 ATTICO
1273 2114 1317 2156 S.

316 2169 691 2229 UTRUMQUE
725 2199 779 2225 ex
812 2193 887 2225 tuo
920 2184 1116 2225 consilio.
1140 2198 1237 2225 nam
1267 2194 1310 2224 et
1333 2182 1472 2224 oratio
1495 2182 1578 2224 fuit
1598 2197 1653 2224 ea·
1672 2197 1748 2224 110·-

307 2248 409 2289 stra‚
433 2239 613 2281 ut'bene
649 2243 791 2298 potius
818 2242 888 2283 ille
911 2242 964 2284 de
986 2242 1110 2283 nobis
1132 2240 1415 2289 existimaret,
1438 2255 1565 2296 quam
1588 2241 1750 2296 gratias

307 2306 480 2352 ageret:
512 2309 555 2337 et
589 2299 632 2338 in
664 2314 716 2340 eo
741 2301 989 2350 mansimus,
1021 2314 1075 2340 ne
1105 2300 1158 2340 ad
1194 2299 1361 2339 urbem.
1389 2297 1459 2339 illa
1491 2297 1750 2349 fefellerunt,

308 2352 479 2395 facilem
504 2356 621 2410 quod
658 2366 921 2413 putaramus.
955 2356 1063 2398 nihil
1091 2356 1179 2400 vidi
1212 2356 1370 2397 minus.
1392 2355 1588 2397 damnari
1609 2370 1654 2396 se
1675 2370 1753 2397 no-

307 2500 388 2529 teris
409 2509 475 2530 non
502 2501 583 2531 bene
603 2503 786 2543 repetitur3
811 2505 887 2544 quia
903 2503 1010 2536 Mala-
1053 2508 1103 2534 est
1123 2504 1260 2543 praecz'pi
1282 2507 1316 2534 et
1337 2502 1467 2533 similia.
1487 2501 1648 2542 probabat
1662 2502 1756 2532 Grae-

307 2542 403 2581 spina
417 2543 452 2573 in
468 2543 558 2574 libris
574 2554 636 2575 scr.
663 2556 727 2576 non
745 2548 878 2587 reperit,
894 2547 1010 2578 delevi.
1055 2547 1146 2576 vius:
1171 2546 1293 2586 recepit
1307 2544 1501 2580 Lambinus,
1514 2554 1610 2584 quern
1621 2551 1753 2575 secutus

309 2584 467 2614 Ceterum
482 2595 547 2615 non
558 2587 668 2624 credo,
683 2594 830 2620 mentem
845 2590 1012 2620 Ciceronis
1054 2598 1139 2619 sum.
1163 2589 1282 2619 Sensus
1296 2594 1362 2618 est:
1380 2587 1435 2617 sed
1450 2587 1527 2626 quid
1542 2592 1620 2617 ante
1632 2588 1753 2625 scribo,

309 2635 390 2662 esse,
406 2627 440 2656 111
456 2629 564 2666 opibus
587 2629 835 2669 intelligendam
858 2641 927 2662 esse
943 2642 1012 2662 rem
1054 2641 1153 2670 quam
1180 2631 1306 2661 factum
1335 2630 1408 2660 est?
1448 2640 1525 2660 curn
1563 2629 1651 2660 brevi
1684 2640 1755 2660 rem

310 2670 378 2707 ejus
391 2669 599 2701 familiarem.
645 2673 707 2702 Sed
729 2674 761 2703 111
780 2674 889 2713 opibus
902 2679 1011 2714 potest
1053 2674 1169 2714 ipsam,
1186 2677 1224 2702 ut
1239 2676 1313 2703 acta
1326 2677 1388 2708 est,
1403 2672 1524 2711 possim
1540 2672 1690 2702 scribere.

310 2711 451 2750 intelligi
477 2714 626 2751 potentia
642 2716 745 2754 major
769 2722 802 2747 et
821 2717 1012 2748 auctoritas.
1097 2717 1137 2746 23
1159 2713 1308 2748 κηὲωῶδη
1331 2714 1505 2753 nunciant]
1531 2716 1585 2745 Sic
1607 2714 1754 2755 rescripsi

307 2753 372 2786 Sed
389 2753 542 2785 estlueus
559 2756 736 2788 Ciceroni&
1055 2768 1094 2788 ex
1123 2767 1197 2798 epp.
1226 2758 1266 2788 ad
1293 2757 1369 2787 Div.
1393 2756 1482 2792 XVI,
1511 2761 1537 2788 Ι.
1576 2757 1756 2796 vulgatum

301 2822 306 2827 .
352 2798 393 2827 ‘22
416 2798 474 2827 sed
490 2798 569 2836 quid
587 2799 756 2839 proere'pis]
795 2800 832 2830 ln
864 2800 898 2830 h.
926 2800 949 2830 l.
977 2809 1010 2831 se
1052 2798 1217 2834 mamm,-
1233 2803 1283 2831 est
1307 2811 1325 2830 e
1348 2801 1539 2838 conjectura
1566 2800 1663 2830 Bosii.
1681 2799 1753 2829 edd.

309 2839 426 2869 misere
454 2847 578 2870 torsere
602 2841 662 2871 viri
692 2842 780 2872 docti
812 2855 829 2873 e
853 2843 1011 2873 varietate
1053 2853 1104 2884 pr.
1119 2844 1154 2874 id
1168 2843 1269 2878 modo,
1285 2842 1371 2882 quod
1391 2848 1424 2873 ct
1442 2843 1588 2874 Graevias
1604 2841 1754 2874 retiimits

307 2878 481 2919 libroruin,
514 2883 663 2922 varieque
691 2884 832 2915 edidere.
864 2885 1009 2916 faex-nus
1053 2891 1102 2917 est
1118 2886 1188 2918 sine
1201 2894 1313 2917 sensu.

304 2924 493 2965 corrigebat
512 2926 690 2967 μνᾶς-11910,-
713 2938 791 2959 nain
808 2935 842 2960 et
862 2929 895 2959 in
920 2928 1011 2960 libris
