1940 3231
313 156 390 191 518
725 150 911 200 EP1sT.
938 150 1017 189 AD
1049 151 1338 195 ATTICUM,

317 265 401 297 tem
425 258 464 287 ⁵3
477 263 595 298 certo
618 256 724 307 scio,
746 271 844 312 quae
869 255 957 296 vita
978 265 1090 296 esset
1120 264 1279 305 nostra,
1301 270 1397 311 quae
1431 254 1633 305 suavitas,
1655 261 1752 310 quae

315 313 520 370 dignitas.
549 313 601 354 ad
635 328 732 368 quae
768 314 1071 369 recuperanda,
1107 327 1178 368 per
1212 312 1433 354 fortunas!
1468 313 1684 361 incumbe,
1708 322 1755 352 ut

315 370 438 421 facis,
460 373 661 425 diemque
699 370 883 411 natalem
919 370 1079 410 reditus
1117 370 1213 419 mei,
1237 384 1352 420 cura,
1378 380 1423 410 ut
1458 369 1497 410 iu
1536 370 1619 409 tuis
1653 368 1756 409 aedi-

318 429 397 469 bus
420 428 727 470 amoenissimis
750 442 875 482 agan]
901 435 1040 467 tecum
1066 437 1108 468 et
1130 441 1227 467 cum
1252 427 1371 467 meis.
1423 426 1517 483 Ego
1541 427 1641 467 liuic
1664 425 1754 480 spei

316 496 360 526 et
391 485 723 541 exspectationi,
747 487 895 538 59quae
930 484 1054 524 nobis
1091 484 1360 539 proponitur,
1390 484 1578 524 maxime
1612 494 1755 524 tumen

317 541 432 583 volui
460 540 696 598 praestolari
719 541 831 596 apud
861 550 903 581 te
928 541 969 581 in
1005 539 1162 597 Epiro:
1195 541 1267 581 sed
1293 542 1351 581 ita
1373 541 1425 582 ad
1450 555 1516 580 me
1539 540 1756 590 scribitur,

321 611 367 641 ut
389 610 536 655 putem
567 612 657 638 esse
690 597 977 648 commodius,
1013 613 1088 638 nos
1110 597 1268 638 eisdem
1306 599 1346 638 in
1382 598 1486 639 locis
1520 611 1626 638 esse.
1689 595 1758 637 De

319 657 449 698 domo
482 657 579 695 6Oet
615 654 818 695 Curionis
852 655 1063 705 oratione,
1096 666 1143 696 ut
1181 656 1345 706 scribis,
1382 656 1439 695 ita
1472 665 1551 696 est.
1586 655 1627 695 in
1664 653 1760 694 uni-

319 728 439 755 versa
460 712 610 762 salute,
634 712 667 752 si
700 726 750 752 ca
780 712 910 753 modo
944 714 1068 753 nobis
1102 713 1364 762 restituetur,
1387 713 1559 753 inerunt
1587 711 1758 762 omnia3

318 785 371 811 ex
396 770 552 825 quibus
585 768 692 809 nihil
730 769 858 819 malo,
881 784 1008 824 quain
1047 770 1240 810 domum.
1274 769 1346 810 sed
1383 769 1461 810 tibi
1496 769 1604 810 nihil
1638 782 1758 809 man-

319 828 376 869 do
407 827 698 868 nominatim:
732 835 871 867 totum
906 841 972 866 me
1004 837 1078 866 tuo
1110 827 1244 866 amori
1280 826 1463 880 fideique
1485 825 1758 867 commendo.

321 885 452 931 Quod
485 894 541 933 te,
564 884 606 923 in
640 892 761 924 tanta
788 883 1043 933 hereditate,
1074 883 1128 923 ab
1161 883 1277 922 omni
1310 883 1598 938 occupatione
1627 896 1760 938 expe-

319 942 438 992 disti,
479 941 602 982 valde
641 940 749 981 mihi
790 950 960 996 gratum
1001 950 1079 981 est,
1142 938 1274 995 Quod
1313 940 1539 980 facultates
1575 949 1669 981 tuas
1707 939 1760 981 ad

321 1013 459 1040 meam
485 998 664 1039 salutern
690 997 918 1054 polliceris,
943 1008 986 1039 nt
1014 998 1216 1038 omnibus
1249 997 1373 1037 rebus
1405 1012 1430 1037 a
1452 1007 1493 1038 te
1517 1006 1672 1053 praeter
1693 1011 1762 1037 ce-

322 1066 436 1098 teros
466 1056 620 1112 juver:
652 1055 695 1096 id
729 1067 937 1110 quantum
978 1055 1033 1096 sit
1069 1054 1330 1110 praesidiuni‚
1363 1054 1514 1106 vide03
1546 1053 1764 1109 intelligo·

318 1128 417 1169 que,
445 1123 487 1154 te
523 1113 679 1154 multas
719 1122 861 1168 partes
899 1127 1005 1153 meae
1041 1112 1188 1152 salutis
1224 1123 1267 1152 et.
1301 1111 1531 1168 suscipere,
1561 1120 1604 1152 et
1639 1125 1763 1167 posse

319 1171 554 1212 sustinere:
586 1184 740 1225 neque,
765 1179 812 1210 ut
836 1170 894 1211 ita
922 1169 1067 1219 lacius,
1091 1169 1331 1225 rogandum
1363 1183 1469 1209 esse.
1531 1169 1661 1215 Quod
1694 1182 1762 1208 me

321 1239 440 1270 vetas
462 1227 696 1284 quicquam
720 1227 927 1282 suspicari
951 1227 1157 1268 accidisse
1179 1226 1230 1267 ad
1263 1227 1452 1267 animum
1489 1235 1626 1277 tuum,
1647 1225 1764 1280 quod

320 1300 442 1327 secus
465 1301 490 1326 a
511 1299 579 1326 me
607 1299 709 1340 erga
742 1295 782 1325 te
813 1285 1108 1334 commissum,
1130 1295 1202 1324 aut
1237 1284 1570 1339 praetermissum
1598 1283 1763 1324 videre-

321 1353 406 1394 tur,
430 1356 575 1399 geram
609 1342 689 1383 tibi
722 1356 900 1392 morem,
923 1353 966 1382 et
998 1341 1211 1382 liberabor
1244 1342 1325 1380 ista
1355 1355 1481 1382 cura:
1515 1341 1594 1382 tibi
1621 1350 1763 1381 tamen

323 1415 374 1442 eo
407 1401 501 1456 plus
532 1400 686 1450 debeo,
708 1414 794 1454 quo
828 1409 900 1439 tua
932 1400 973 1439 in
1008 1414 1074 1439 uic
1107 1398 1351 1439 humanitas
1384 1397 1513 1438 fuerit
1539 1397 1766 1447 excelsior,

274 1460 452 1513 b-quam
476 1456 518 1497 in
543 1466 585 1497 te
615 1471 723 1498 mea.
788 1456 941 1507 Velim,
964 1457 1066 1511 qnid
1095 1456 1252 1505 videas,
1275 1455 1376 1509 quid
1410 1454 1640 1511 intelligas,
1662 1454 1766 1510 quid

321 1524 490 1571 agatur,
511 1514 563 1555 ad
588 1529 656 1554 me
678 1512 839 1554 scribas
859 1530 868 1555 :
903 1523 1084 1569 tuosque
1106 1527 1254 1553 omnes
1277 1512 1329 1552 ad
1361 1522 1550 1553 nostram
1583 1513 1762 1553 salutem

320 1573 562 1614 adhortere.
600 1570 793 1627 Rogatio
819 1571 956 1612 Sextii
984 1585 1121 1626 neque
1144 1569 1370 1626 dignitatis
1393 1570 1495 1610 satis
1517 1569 1663 1618 habet,
1686 1583 1765 1610 nec

321 1629 552 1671 cautionis.
587 1643 686 1669 nam
722 1637 764 1668 et
786 1628 822 1658 6¹
842 1628 1096 1669 nominatim
1137 1627 1244 1668 ferre
1277 1637 1464 1681 oportet,
1488 1636 1531 1667 et
1565 1627 1618 1667 de
1642 1626 1765 1667 bonis

321 1686 573 1742 diligentius
591 1685 746 1727 scribi:
771 1694 815 1726 et
838 1685 878 1726 id
902 1686 1216 1727 animadvertas
1235 1684 1377 1725 velim.
1411 1683 1515 1725 Dat.
1539 1697 1621 1726 1111
1648 1683 1765 1725 Νοη.

324 1744 487 1786 Octob.
509 1741 845 1786 Thessalonicae..

256 1820 306 1856 ‘21
759 1826 994 1868 CICERO
1030 1825 1254 1868 ATTICO
1287 1826 1331 1867 S.

321 1887 641 1943 TRIGINTA
663 1900 754 1940 dies
785 1910 906 1941 erant
937 1900 1034 1957 ipsi,
1057 1915 1153 1941 cum
1188 1899 1263 1940 has
1295 1899 1450 1940 dabam
1482 1897 1660 1949 litteras,
1691 1913 1766 1954 per

323 1973 431 2013 quos
460 1958 595 1999 nullas
629 1973 654 1999 a
677 1958 799 1999 vobis
832 1971 1098 2013 acceperam.
1121 1956 1227 1997 mihi
1258 1967 1400 1998 autem
1424 1965 1514 1996 erat
1537 1956 1580 1995 in
1604 1956 1765 2005 animo,

317 2015 427 2071 jam,
453 2026 499 2057 ut
520 2025 646 2056 antea
668 2014 719 2056 acl
746 2024 785 2055 te
815 2016 980 2070 scripsi,
1005 2015 1065 2055 ire
1088 2015 1128 2055 in
1154 2013 1359 2070 Epirum:
1392 2023 1436 2053 et
1456 2012 1567 2052 62ibi
1593 2027 1763 2053 omnem

325 2087 471 2116 casum
507 2072 777 2128 potissimum
818 2083 1084 2128 exspectare.
1145 2070 1206 2112 Te
1242 2086 1333 2121 oro,
1368 2079 1428 2121 ut,
1465 2069 1499 2109 si
1533 2070 1636 2124 quid
1670 2071 1766 2122 erit,

325 2130 441 2185 quod
469 2130 718 2186 perspiciaS,
740 2143 1057 2184 quamcumque
1089 2128 1132 2168 in
1157 2140 1337 2184 partem,
1359 2141 1488 2183 quam
1520 2127 1766 2182 planissime

326 2187 379 2229 ad
411 2202 480 2227 me
510 2187 696 2228 scribas:
727 2197 771 2227 et
802 2201 897 2227 meo
930 2187 1118 2236 nomine,
1145 2196 1190 2226 ut
1219 2186 1386 2236 scribis,
1408 2185 1586 2236 litteras,
1608 2184 1764 2240 quibus

327 2244 500 2301 putabis
523 2259 631 2300 opus
654 2258 760 2295 esse,
784 2254 831 2285 ut
850 2244 939 2285 des.
1002 2243 1105 2285 Dat.
1130 2258 1169 2284 V.
1196 2242 1292 2284 Kal.
1318 2242 1535 2283 Novemb.

372 2360 411 2389 58
433 2362 520 2389 certo
533 2358 612 2398 scio]
638 2358 692 2388 Sic
715 2368 756 2389 ex
778 2356 945 2388 latinitate
966 2357 1027 2387 du·
1113 2357 1148 2386 61
1176 2357 1371 2387 nominatim
1387 2355 1488 2396 ferre
1510 2354 1646 2396 oportet]
1673 2355 1706 2385 Si
1729 2355 1768 2386 de

329 2399 408 2430 dum
420 2410 624 2431 correxeram
638 2399 810 2440 vulgatum
827 2399 902 2430 inde
914 2410 934 2430 a
946 2400 1023 2430 ‹len-
1071 2399 1219 2430 nondum
1242 2398 1310 2429 lata
1326 2399 1396 2439 lege
1411 2409 1518 2429 sermo
1531 2404 1594 2435 est,
1611 2399 1702 2438 cujus
1715 2408 1769 2428 ex-

330 2452 425 2478 son0,
440 2447 537 2478 certe,
552 2453 628 2473 cum
645 2442 678 2472 id
700 2444 733 2473 in
749 2442 821 2472 edd.
840 2441 1028 2477 Cratandri,
1071 2443 1220 2481 emplum
1251 2441 1367 2472 Cicero
1396 2442 1526 2478 viderit,
1557 2442 1638 2471 bene
1669 2440 1768 2471 habet

333 2484 504 2524 Hermgii,
528 2485 621 2515 Pauli
651 2485 809 2520 Manutii,
836 2484 970 2514 tandem
995 2484 1029 2514 in
1071 2487 1204 2523 oportet.
1249 2484 1282 2513 Si
1305 2494 1344 2513 ea
1365 2483 1417 2513 lex
1432 2484 1503 2522 jam
1527 2484 1596 2513 lata
1611 2485 1697 2518 erat,
1713 2482 1768 2512 Ci-

332 2526 383 2556 ed.
403 2526 500 2557 Rom.
525 2529 639 2566 reperi.
665 2528 766 2557 miror
788 2538 807 2557 a
828 2526 975 2556 Victorio
999 2526 1030 2556 id
1072 2536 1147 2556 cero
1173 2525 1304 2565 scripsit
1329 2527 1504 2564 oportebat,
1533 2531 1572 2555 ut
1599 2524 1680 2554 mihi
1709 2525 1769 2555 ali-

332 2569 498 2600 desertum
513 2573 547 2598 et
561 2574 647 2599 certe
663 2576 851 2600 revocatum
865 2578 945 2599 esse.
1073 2568 1202 2607 quando
1219 2568 1250 2598 in
1270 2572 1414 2598 mentem
1430 2571 1576 2598 venerat.
1608 2566 1672 2596 Sed
1686 2566 1770 2597 illud

375 2613 416 2644 59
442 2619 512 2649 quae
539 2611 627 2641 nobis
646 2613 858 2651 proponitur,
888 2611 1033 2641 maxime
1073 2620 1154 2647 esse,
1169 2621 1219 2650 ep.
1237 2612 1287 2641 23.
1300 2614 1383 2640 extr.
1396 2609 1483 2640 clare
1498 2609 1628 2640 videtur
1643 2607 1769 2638 docere.

333 2652 460 2692 tamen]
491 2652 638 2683 Graevius
666 2654 819 2693 corrigit:
847 2662 917 2693 quoe
945 2653 1032 2683 nobis
1115 2652 1156 2683 62
1177 2653 1222 2683 ibi
1244 2663 1271 2683 o.
1295 2661 1406 2683 casum
1429 2652 1635 2691 potissimum
1661 2660 1770 2690 exspe-

328 2704 366 2735 p.
394 2695 630 2731 cummaxime,
654 2696 743 2725 volui
764 2706 820 2735 pr.
849 2695 1030 2734 eleganter,
1073 2695 1178 2734 ctare]
1191 2695 1397 2735 potissimum
1414 2694 1558 2735 pertinet
1574 2693 1614 2723 ad
1629 2693 1685 2728 ibi,
1703 2702 1771 2723 non

334 2736 444 2767 deleto
472 2737 572 2767 etiam
601 2741 726 2775 tamen,
757 2738 843 2777 quod
872 2737 925 2768 hic
953 2747 1031 2768 sane
1074 2738 1115 2768 ad
1142 2741 1336 2778 exspectare.
1366 2736 1502 2766 fortasse
1530 2735 1768 2775 transpositum

334 2783 422 2810 stare
440 2789 505 2810 non
522 2784 642 2818 potest.
1072 2786 1122 2810 est
1145 2790 1202 2819 per
1224 2778 1470 2819 negligentiam·
1495 2778 1546 2809 ed.
1562 2778 1653 2808 Jens.
1669 2776 1770 2808 habet

377 2822 419 2851 60
445 2826 477 2852 et
509 2821 658 2852 Curionis
687 2820 845 2861 oratione]
883 2820 1031 2852 Curionis
1066 2823 1245 2862 potissime,
1280 2827 1315 2854 et
1346 2821 1493 2861 quaedam
1531 2828 1697 2860 sequaceS,
1731 2825 1770 2850 ut

336 2863 514 2903 pontificis,
529 2864 684 2900 oratione,
705 2873 855 2894 sermone
877 2873 953 2893 cum
969 2864 1029 2894 At·
1074 2866 1165 2896 Crat.

335 2906 416 2943 tice,
429 2905 468 2938 de
482 2905 580 2938 domo
596 2906 763 2939 Ciceronis
778 2911 978 2938 consecrata.
