1940 3231
727 152 934 192 LIBER
972 153 1082 190 VIII.
1554 157 1629 193 639

186 276 272 318 ‚ego
295 277 374 319 pro
400 258 613 316 Pompeio
644 258 841 300 lubenter
873 257 1008 298 emori
1035 269 1222 312 possum.
1247 255 1361 297 facio
1384 257 1515 313 pluris
1537 274 1630 300 om·

187 321 310 362 nium
334 319 559 361 hominum
583 316 812 356 neminem.
840 317 877 345 ¹4
891 315 961 355 sed
995 329 1082 354 non
1114 314 1176 353 ita
1206 327 1292 353 uno
1325 313 1367 353 iu
1399 328 1449 353 eo
1475 316 1629 369 judico

186 391 308 434 spem
339 377 393 418 de
415 375 550 416 salute
572 371 839 428 reipublicae.
862 371 1081 428 significas
1104 371 1218 412 enim
1247 369 1468 426 aliquanto
1493 387 1629 424 secus,

187 449 319 490 quam
335 433 526 475 solebas:
549 438 598 470 ut
611 431 758 480 etiam,
775 429 917 481 Italia,
937 430 970 470 si
988 429 1057 470 ille
1074 428 1213 478 cedat,
1231 438 1354 483 putes
1374 428 1628 471 cedendum.

188 492 321 538 Quod
342 504 424 547 ego
446 502 525 529 nec
552 486 803 543 reipublicae
837 497 944 543 puto
966 502 1057 528 esse
1078 486 1199 537 utile,
1221 499 1301 526 nec
1323 484 1467 526 liberis
1493 488 1596 526 meis
1618 505 1627 529 ε

183 559 394 605 praeterea
426 558 564 600 neque
596 552 779 594 rectum,
806 558 946 599 neque
978 545 1224 586 honestum.
1260 543 1333 583 sed
1366 545 1475 584 cur?
1508 554 1631 599 pote-

183 607 298 647 risne
319 603 454 659 igitur
476 602 620 643 videre
643 604 904 657 tyrannum?
935 602 1057 657 quasi
1082 601 1267 650 intersit,
1289 600 1461 642 audiam
1489 616 1542 642 an
1565 601 1630 641 vi-

185 663 324 712 deam,
346 670 421 702 aut
441 659 699 715 locupletior
719 659 828 700 mihi
852 659 909 699 sit
926 659 1183 715 quaerendus
1207 669 1372 709 auctor,
1396 673 1524 713 quam
1550 658 1630 699 So-

186 729 350 769 crates;
373 718 462 773 qui,
487 731 587 758 cum
611 731 716 758 xxx
745 716 914 772 tyranni
940 726 1096 767 essent,
1120 716 1271 772 pedem
1298 724 1422 771 porta
1444 731 1530 757 non
1553 730 1629 757 ex·

182 776 297 817 tulit.
350 774 428 815 Est
452 774 556 815 mihi
581 783 789 830 praeterea
812 775 1033 831 praecipua
1054 788 1183 815 causa
1205 773 1406 814 manendi
1427 790 1436 816 ;
1469 773 1522 814 de
1544 789 1630 829 qua

168 834 350 874 ’utinam
386 832 618 888 aliquando
653 841 796 872 tecum
832 832 1008 886 loquar!
1047 831 1141 887 Ego
1176 845 1272 872 3:111
1313 830 1497 871 Kalend.
1528 846 1628 871 cum

184 891 334 932 eadem
358 889 532 931 lucerna
553 889 635 930 hac
658 888 884 945 epistolam
909 889 1190 946 scripsissem,
1207 903 1291 944 qua
1312 888 1625 929 inflammaram

182 957 316 999 tuam,
355 947 538 988 Formiis
570 947 623 988 ad
657 947 933 1002 Pompeium,
958 951 993 978 15
1009 947 1043 988 si
1075 946 1127 987 de
1161 960 1266 1001 pace
1293 955 1459 1001 agetur,
1484 946 1626 1002 profe-
1641 944 1672 976 b.

169 1010 356 1058 'cturus;
389 1006 423 1046 si
446 1006 498 1046 de
522 1005 649 1056 bello,
671 1004 775 1060 quid
799 1006 903 1045 ero?

618 1087 854 1129 CICERO
884 1086 1114 1129 ATTICO
1147 1088 1192 1128 S.
1640 1092 1665 1128 3

185 1146 490 1201 MAXIMIS
522 1165 566 1199 et
596 1157 846 1198 miserrimis
876 1157 1004 1198 rebus
1036 1157 1328 1213 perturbatus,
1350 1172 1449 1199 cum
1481 1171 1627 1198 coram

187 1226 331 1260 tecum
365 1216 472 1257 mihi
506 1224 697 1271 potestas
731 1214 996 1256 deliberandi
1032 1229 1116 1256 non
1149 1224 1274 1265 esset,
1298 1215 1361 1255 uti
1385 1224 1527 1256 tamen
1553 1226 1627 1255 tuo

187 1274 369 1315 consilio
394 1273 523 1315 volui.
568 1272 838 1313 Deliberatio
861 1282 1004 1313 autem
1028 1272 1168 1313 omnis
1191 1272 1286 1313 haec
1309 1282 1375 1313 est
1396 1290 1405 1314 :
1438 1273 1472 1313 si
1500 1272 1628 1313 Pom-

186 1332 308 1387 peius
343 1331 469 1372 Italia
497 1330 637 1381 cedat,
660 1330 776 1385 quod
810 1344 905 1370 eum
938 1330 1153 1371 facturum
1176 1344 1267 1371 esse
1291 1330 1500 1386 suspicor,
1523 1330 1627 1385 quid

167 1388 291 1429 -mihi
315 1389 528 1444 agendum
553 1397 701 1444 putes:
725 1397 769 1428 et
791 1403 876 1443 quo
900 1387 1068 1429 facilius
1091 1387 1320 1428 consilium
1343 1388 1444 1429 dare
1465 1388 1626 1443 possis3

186 1447 290 1501 quid
322 1446 365 1486 in
395 1457 622 1500 utramque
657 1455 821 1501 partem
856 1445 963 1486 mihi
1003 1446 1043 1486 in
1081 1456 1269 1486 mentem
1306 1446 1464 1496 veniat,
1490 1445 1629 1501 expli-

187 1504 297 1545 cabo
337 1504 470 1544 brevi.
533 1503 645 1544 Cum
686 1504 839 1544 merita
875 1503 1073 1554 Pompeii
1109 1518 1277 1544 summa
1313 1518 1416 1559 erga
1449 1503 1630 1543 salutem

193 1576 348 1613 meam,
389 1560 757 1616 thiniliaritasque,
788 1575 885 1615 quae
928 1556 1035 1601 mihi
1075 1575 1174 1601 cum
1208 1575 1260 1601 eo
1296 1573 1375 1610 est,
1409 1571 1497 1601 tum
1539 1562 1633 1617 ipsa

169 1618 438 1674 -reipublicae
469 1633 598 1659 causa
625 1632 694 1658 me
725 1618 916 1669 adducit,
939 1628 987 1659 ut
1018 1617 1123 1658 mihi
1148 1618 1215 1660 vel
1236 1619 1463 1658 consilium
1488 1633 1631 1658 meum

186 1691 287 1717 cum
325 1675 436 1717 illius
470 1675 666 1726 consilio,
703 1676 741 1706 16
759 1675 824 1716 vel
860 1675 1036 1716 fortuna
1068 1677 1186 1729 [cum
1226 1675 1417 1729 fortuna]
1449 1676 1634 1730 conjun-

191 1733 334 1790 genda
371 1748 462 1774 esse
499 1733 709 1774 videatur.
769 1732 954 1774 Accedit
990 1733 1118 1774 illud:
1153 1734 1185 1774 si
1225 1748 1394 1782 maneo,
1432 1742 1475 1773 et
1514 1734 1631 1774 illum

186 1791 444 1832 comitatum
467 1791 733 1847 optimorum
757 1802 800 1832 et
822 1791 1156 1832 clarissimorum
1181 1791 1343 1832 civium
1375 1791 1539 1842 desero,
1563 1806 1633 1832 ca-

187 1849 375 1890 dendum
398 1858 463 1889 est
493 1850 536 1889 in
570 1849 694 1890 unius
728 1858 1013 1904 potestatem3
1046 1849 1135 1904 qui,
1157 1849 1236 1889 etsi
1261 1848 1407 1890 multis
1430 1849 1555 1889 rebus
1579 1849 1634 1888 si-

189 1906 370 1962 gnificat
401 1921 445 1948 se
475 1906 601 1947 nobis
633 1921 724 1947 esse
756 1906 959 1957 amicum,
982 1916 1039 1957 et,
1062 1916 1110 1947 ut
1141 1916 1268 1957 esset,
1289 1921 1314 1946 a
1345 1921 1413 1947 me
1435 1917 1497 1948 est
1521 1910 1634 1959 (tute

190 1965 292 2014 scis)
328 1973 504 2021 propter
544 1964 835 2020 suspicionem
876 1964 1003 2019 hujus
1038 1964 1327 2020 impendentis
1366 1964 1635 2019 tempestatis

188 2021 326 2062 multo
349 2032 448 2062 ante
472 2022 719 2077 provisum:
753 2034 895 2064 tamen
920 2032 1150 2077 utrumque
1172 2021 1532 2063 considerandum
1555 2031 1635 2072 est,

189 2088 234 2120 et
256 2090 417 2134 quanta
441 2079 544 2120 fides
567 2081 606 2120 ei
642 2079 697 2120 sit
727 2079 951 2131 habenda3
983 2088 1040 2130 et,
1065 2080 1098 2119 si
1137 2079 1328 2120 maxime
1360 2079 1635 2135 exploratum

189 2151 288 2177 eum
312 2137 437 2177 nobis
460 2136 647 2178 amicum
679 2136 786 2187 fore,
810 2137 920 2177 sitne
943 2137 1020 2178 viri
1054 2137 1178 2178 fortis
1201 2146 1245 2177 et
1274 2137 1375 2177 boni
1400 2137 1521 2188 civis,
1544 2151 1636 2177 esse

190 2195 232 2234 in
257 2208 308 2234 ea
329 2194 448 2245 urbe,
474 2193 515 2234 in
539 2208 624 2249 qua
646 2209 742 2234 eum
769 2194 947 2235 summis
973 2194 1212 2235 honoribus
1235 2195 1512 2250 imperiisque
1536 2209 1634 2235 usus

190 2252 261 2301 sit,
286 2266 350 2292 res
374 2251 587 2293 maximas
610 2252 804 2308 gesserit,
829 2252 1071 2293 sacerdotio
1095 2253 1150 2293 sit
1181 2252 1447 2308 amplissimo
1479 2253 1637 2308 praedi-

190 2318 275 2362 tUS,
302 2312 436 2350 17non
470 2308 640 2351 futurus
675 2309 730 2350 sit
763 2309 827 2351 sui
855 2309 984 2365 juris,
1010 2310 1366 2365 subeundumque
1396 2310 1636 2366 periculum

235 2454 273 2484 14
295 2451 352 2483 sed
364 2461 428 2482 non
442 2452 492 2482 ita
506 2461 570 2482 uno
587 2451 662 2491 Sem]
680 2450 758 2482 Non
775 2451 890 2483 eodem

188 2495 299 2532 modo,
317 2500 354 2524 ut
369 2494 467 2525 illum
480 2504 568 2531 amo,
585 2494 752 2533 itajudico
769 2496 827 2525 ἃς.

234 2540 272 2568 15
293 2539 321 2568 si
350 2538 389 2567 de
412 2547 497 2577 pace
525 2541 695 2576 ageretur,
716 2536 893 2577 proefectus

189 2580 263 2619 δια]
282 2581 334 2610 Sic
350 2579 449 2610 hodie
466 2579 606 2619 vulgati.
651 2579 734 2609 Edd.
751 2589 799 2620 pr.
814 2589 891 2619 pro-

176 2621 347 2662 fecturus,
370 2628 409 2653 ut
439 2622 536 2653 Rom.
573 2624 632 2652 aut
665 2620 832 2662 prcffeclus
854 2626 893 2652 ut

171 2664 281 2696 ‘Jenffi
295 2666 355 2695 &c.
371 2664 532 2695 Similiter
543 2665 673 2695 variant
686 2664 773 2695 libri.
795 2664 894 2695 Haud

189 2706 287 2737 dubie
310 2717 421 2737 verum
445 2713 495 2737 est
521 2705 743 2746 prtgsketurus,
767 2717 813 2738 sc.
838 2718 891 2747 ap.

191 2748 387 2789 Pompeium
403 2749 541 2779 consilio
561 2759 650 2780 meo.
665 2749 720 2780 sed
743 2749 818 2780 inde
835 2760 893 2780 ne*-

191 2791 368 2821 cessarium
383 2796 434 2822 est
450 2796 584 2831 agetur,
626 2791 695 2824 Res
718 2792 894 2823 manifesta

192 2838 253 2863 est.
292 2833 409 2871 ltaque
437 2836 483 2864 sie
511 2833 607 2865 edidi.
640 2834 728 2865 idem
768 2835 894 2876 placuit

191 2874 370 2905 Tunstallo
386 2886 418 2916 p.
436 2879 488 2910 79.
842 2874 847 2880 “

238 2917 274 2948 16
298 2916 500 2958 velfortuna
516 2917 759 2959 cumforemm]
785 2918 894 2951 verba

933 2462 1009 2482 cum
1023 2451 1173 2491 fortuna
1199 2455 1278 2482 sunt
1304 2462 1322 2482 e
1348 2451 1419 2482 sola
1446 2453 1637 2493 conjectura

936 2495 1142 2535 Mataspinae.
1161 2495 1273 2533 itaque
1287 2499 1320 2525 et
1342 2495 1490 2525 Graevius
1512 2496 1634 2526 omisit.

935 2544 969 2568 et
991 2543 1129 2577 possunt
1151 2548 1167 2567 e
1190 2537 1363 2577 superiori,
1386 2547 1470 2568 cons.
1494 2548 1537 2570 m.
1560 2549 1636 2568 cum

935 2582 984 2611 ill.
1001 2581 1129 2610 consilio
1151 2579 1306 2619 intelligi.
1325 2584 1405 2620 puto
1421 2587 1535 2612 tamen
1558 2591 1637 2611 con-

930 2624 1099 2662 jecturam
1129 2633 1198 2653 esse
1224 2632 1345 2654 veram.
1391 2623 1517 2654 Saltem
1543 2624 1635 2654 uncis

936 2665 1066 2695 inclusi.

981 2711 1017 2744 17
1034 2706 1250 2746 nonfuturus
1264 2708 1308 2738 sit
1316 2707 1483 2748 suijuris]
1502 2708 1556 2738 Sic
1570 2706 1635 2747 pri-

937 2761 1011 2781 mus
1026 2750 1127 2781 edidit
1141 2750 1320 2786 Jensonus,
1336 2761 1432 2790 quem
1455 2759 1569 2780 omnes
1585 2759 1634 2780 se-

938 2794 1007 2824 cuti
1020 2798 1111 2829 sunt,
1127 2792 1514 2833 praeterJ.Gr0novium‚
1529 2793 1584 2832 qui
1597 2792 1637 2822 de

938 2837 1131 2875 conjectura
1145 2836 1246 2867 edidit
1270 2845 1383 2865 nomen.
1395 2834 1554 2873 ficturus,
1570 2834 1636 2865 ele-

938 2886 1039 2917 gante
1062 2888 1153 2914 sane,
1170 2888 1207 2908 ex
1231 2877 1409 2916 antiquiori
1430 2876 1495 2918 (ed,
1519 2876 1634 2916 Rom.)

937 2926 970 2950 et
996 2921 1075 2952 Mas.
1105 2930 1203 2960 prope
1230 2920 1378 2950 omnium
1406 2918 1549 2950 lectione
1575 2929 1638 2950 mm
