1940 3231
688 135 890 178 LIBER
930 137 975 176 V.
1468 146 1545 185 567

121 244 195 286 sed
217 253 281 286 est
309 242 570 294 incredibile,
598 254 724 297 quam
747 254 815 281 me
847 239 1017 295 negotii
1051 240 1222 281 taedeat.
1253 241 1294 276 96
1307 256 1391 283 non
1414 244 1546 286 habet

122 302 224 343 satis
258 315 459 357 maonum
482 312 677 353 campum
712 296 781 338 ille
814 297 894 338 tibi
916 311 1002 338 non
1033 296 1207 352 ignotus
1229 312 1376 339 cursus
1397 301 1544 352 animi,

121 368 166 399 et
188 359 406 399 industriae
436 370 542 397 meae
574 352 777 409 praeclara
797 367 928 410 opera
955 363 1107 395 cessat.
1138 354 1402 410 quippe,jus
1436 356 1544 398 Lao-

122 415 256 456 diceae
280 429 347 455 me
370 413 522 462 dicere,
544 425 642 451 cum
667 410 820 451 Romae
840 410 895 451 A.
919 410 1086 452 Plotius
1109 411 1249 452 dicat
1243 415 1254 443 Ρ
1285 421 1328 451 et
1349 426 1446 452 cum
1469 422 1586 454 ex-P·
1604 412 1655 446 76.

120 472 301 512 ercitum
322 473 362 505 97
375 477 518 509 noster
539 467 700 508 amicus
723 467 878 508 habeat
909 476 1093 520 tantum,
1117 482 1184 508 me
1211 483 1367 509 nomen
1389 464 1575 510 haberea
1579 476 1587 485 ⁸

121 528 300 569 duarum
322 524 537 580 legionum
563 524 770 565 exilium?
801 524 984 580 deniqne
1005 524 1101 566 baec
1124 539 1209 566 non
1231 525 1449 577 desider03
1483 526 1547 566 lu-

120 598 229 635 cem,
259 583 413 631 sorum,
449 581 613 632 urbem,
647 581 838 645 domum,
869 596 943 623 vos
976 582 1184 623 desidero.
1216 583 1287 623 sed
1322 582 1469 633 feram,
1500 592 1548 624 ut

118 649 296 696 potero:
330 638 528 679 sitmodo
552 652 754 679 annuum.
778 639 811 678 si
836 647 1107 694 prorogatur,
1127 649 1269 680 actum
1289 649 1367 680 est.
1399 653 1546 681 verum

120 695 321 752 perfacile
343 694 479 735 1esisti
506 703 660 758 potest.
694 704 738 736 tu
761 696 891 736 modo
927 694 1080 736 Romae
1103 696 1173 736 sis.
1235 696 1420 747 Quaeris,
1442 697 1545 751 quid

117 753 190 794 hic
213 754 366 808 agam?
397 751 458 792 ita
480 766 636 803 vivam,
658 754 697 786 98
714 761 759 792 ut
780 751 993 793 maximos
1021 763 1184 793 sumtus
1206 751 1333 793 facio.
1364 753 1546 795 mirifice

115 809 302 851 delector
323 808 406 849 hoc
429 809 642 849 instituto.
673 809 934 850 admirabilis
956 810 1219 850 abstinentia
1239 824 1292 850 ex
1317 811 1545 874 praeceptis

116 866 224 907 tuis:
256 875 304 906 ut
335 880 491 916 verear,
514 880 567 906 ne
602 865 720 917 illud,
741 869 780 900 99
794 866 908 921 quod
932 875 1070 907 tecum
1097 867 1350 922 permutavi,
1375 880 1546 908 versura

114 922 222 964 mihi
245 922 495 963 solvendum
518 923 586 963 sit.
645 922 778 978 Appii
803 923 976 964 vulnera
1002 937 1087 963 non
1111 923 1287 965 refrico:
1320 924 1390 964 sed
1413 938 1546 980 appa-

115 989 225 1033 rent,
249 993 326 1021 nec
357 979 495 1020 occuli
527 979 832 1035 possunt.ite1
865 979 1077 1020 Laodicea
1106 980 1318 1021 faciebam
1353 995 1390 1021 a.
1413 981 1457 1021 d.
1482 996 1543 1023 111

116 1035 234 1078 Non.
269 1037 390 1077 Sext.
423 1051 521 1076 cum
547 1036 621 1077 has
653 1037 814 1078 litteras
846 1036 1017 1087 dabam,
1050 1036 1094 1076 in
1127 1045 1266 1077 castra
1298 1037 1340 1078 in
1379 1037 1556 1102 Lycao-A

114 1093 255 1135 niam:
289 1094 387 1134 inde
409 1093 460 1134 ad
496 1092 683 1134 Taurum
713 1093 975 1148 cogitabam,
997 1100 1047 1133 ut
1067 1108 1166 1134 cum
1200 1093 1459 1149 Moeiagene
1489 1094 1545 1135 si-

114 1151 212 1206 gnis
243 1150 424 1200 collatis,
456 1149 489 1190 si
522 1164 704 1205 possem,
735 1149 787 1190 de
818 1164 940 1190 servo
972 1162 1047 1191 tuo
1077 1150 1332 1192 deciderem
1372 1150 1544 1193 clitellae

116 1208 218 1249 bovi
242 1218 340 1248 sunt
362 1206 590 1262 impositae,
614 1206 738 1262 plane
759 1221 843 1247 non
868 1215 932 1247 est
953 1215 1146 1248 nostrum
1168 1222 1301 1248 onus.
1342 1208 1413 1248 sed
1436 1207 1545 1248 fere-

115 1279 239 1307 mus:
271 1265 413 1316 modo,
434 1278 466 1304 Sl
499 1277 566 1304 me
588 1278 720 1314 amas,
742 1264 797 1304 sit
826 1277 1031 1304 annuum.
1062 1263 1174 1305 adsis
1208 1273 1253 1305 tu
1281 1264 1334 1305 ad
1359 1274 1543 1328 tempus,

111 1332 162 1363 ut
184 1331 376 1363 senatum
399 1329 539 1361 totum
562 1323 740 1362 excites.
762 1319 943 1361 mirifice
965 1320 1171 1362 sollicitus
1193 1336 1301 1371 sum,
1320 1322 1465 1377 quod
1447 1336 1542 1376 jam

111 1379 186 1421 diu
228 1379 378 1434 ignota
409 1386 508 1419 sunt
543 1378 649 1419 mihi
682 1378 764 1418 ista
798 1378 957 1418 omnia.
1009 1392 1153 1433 quare,
1195 1387 1241 1419 ut
1281 1378 1333 1419 ad
1368 1386 1410 1419 te
1441 1386 1542 1420 ante

113 1436 281 1491 scripsi,
306 1450 402 1477 cum
426 1443 581 1485 cetera,
601 1444 691 1475 tum
715 1435 970 1490 respublica,
994 1449 1109 1486 cura,
1141 1444 1189 1475 ut
1217 1435 1321 1476 mihi
1344 1445 1446 1476 nota
1468 1436 1538 1477 sit.

115 1496 175 1524 ¹00
200 1493 329 1533 Plura
363 1491 601 1533 scribebam
636 1491 753 1532 tarde
786 1491 1019 1533 reddituro.
1051 1492 1123 1533 sed
1156 1492 1312 1533 dabam
1340 1491 1539 1534 familiari

111 1549 277 1590 homini
310 1563 360 1590 ac
395 1549 648 1599 domestico,
672 1548 723 1589 C.
756 1547 1006 1589 Andronico
1041 1548 1294 1590 Puteolano.
1327 1558 1373 1589 tu
1397 1558 1542 1590 autem

112 1620 227 1671 saepe
255 1606 356 1647 dare
389 1605 619 1646 tabellariis
654 1605 980 1661 publicanorum
1011 1606 1185 1662 poteris,
1207 1620 1282 1663 per
1313 1606 1543 1663 magistros

115 1663 338 1721 scriptura)
360 1672 404 1704 et
426 1671 575 1720 portus
601 1665 614 1692 l
630 1671 872 1704 nostrarum
893 1663 1164 1704 dioecesium.

535 1734 769 1777 CICERO
800 1734 1027 1777 ATTICO
1060 1736 1104 1778 S.

112 1794 259 1847 ETSI
281 1804 325 1846 in
355 1804 449 1861 ipso
471 1803 623 1845 itinere
645 1812 688 1844 et
718 1803 788 1844 via
815 1803 1094 1845 discedebant
1127 1803 1452 1860 publicanorum
1476 1812 1539 1846 ta-

109 1862 290 1914 bellarii,
320 1871 363 1902 et
395 1876 561 1903 eramus
595 1861 639 1901 in
673 1875 823 1902 cursu:
858 1870 999 1902 tamen
1035 1861 1349 1926 surripiendum
1379 1862 1540 1926 aliquid

110 1919 275 1976 putavi,
298 1919 424 1975 spatii
448 1933 501 1960 ne
523 1933 592 1959 me
613 1918 907 1958 immemorem
939 1919 1128 1960 mandati
1152 1919 1213 1959 tui
1236 1928 1420 1975 putareS.
1460 1921 1539 1959 ita-

109 1989 194 2032 que
226 1976 429 2018 subsedi
420 1991 463 2017 ln
486 1976 579 2031 ipsa
603 1975 686 2025 via,
710 1975 813 2016 dum
845 1974 955 2026 haec,
977 1990 1073 2030 quae
1106 1976 1345 2032 longiorem
1375 1976 1582 2017 deside-b.

108 2043 206 2075 rant
226 2033 479 2098 orationem,
498 2032 743 2074 summatim
763 2031 842 2072 tibi
863 2033 1182 2088 perscriberem.
1242 2032 1443 2073 Maxima
1464 2048 1541 2074 ex-

109 2091 377 2155 spectatione
417 2090 462 2131 in
497 2089 708 2153 perditam
744 2097 788 2130 et
819 2089 944 2145 plane
979 2104 1170 2131 eversam
1203 2089 1246 2130 in
1286 2101 1542 2145 perpetuum

106 2148 376 2203 provinciam
400 2161 478 2188 nos
498 2161 666 2188 venisse
699 2146 807 2187 scito
830 2146 967 2202 pridie
998 2146 1095 2188 Kal.
1118 2146 1318 2188 Sextiles.
1349 2157 1540 2188 moratus

107 2205 295 2246 triduum
320 2204 560 2255 Laodiceae,
583 2203 770 2244 triduum
793 2201 1015 2280 ‚Apameia
1047 2203 1228 2245 totidem
1249 2204 1338 2245 dies
1371 2204 1539 2260 Synna-

107 2261 175 2315 de,
197 2261 437 2305 audivimus
473 2259 581 2302 nihil
609 2260 739 2312 aliud,
761 2261 843 2301 nisi
878 2261 1119 2317 ssimperata
1149 2264 1352 2312 ἐπικεφάλιω
1374 2261 1538 2303 solvele

1556 1749 1606 1789 16

146 2377 188 2411 96
209 2385 273 2406 non
287 2375 537 2415 habet—cessat]
556 2375 609 2405 Sic
621 2384 694 2405 cum
708 2374 799 2405 Grae-

105 2418 158 2448 vio
173 2418 271 2455 edidi,
286 2419 340 2458 qui
356 2418 450 2448 habet
463 2417 497 2447 in
515 2418 597 2448 Mss.
615 2416 746 2448 Balliol.
764 2421 799 2447 et

106 2460 289 2491 Helmstad.
308 2459 441 2500 reperit,
454 2464 558 2490 cessat
572 2460 607 2490 in
617 2459 689 2490 hoe.
704 2460 800 2490 habet

103 2507 137 2533 et
152 2503 187 2533 in
201 2502 252 2533 ed.
269 2502 366 2533 Rom.
382 2507 443 2532 est.

145 2548 185 2579 97
207 2548 315 2574 noster
327 2543 467 2584 amicus]
488 2542 643 2574 Bibulum
657 2542 726 2581 alii,
741 2543 797 2574 alii

105 2586 206 2617 alium
231 2586 436 2626 intelligunt.
451 2586 574 2616 ironice
589 2586 714 2617 dictum
728 2595 798 2616 esse

107 2632 209 2668 patet.
237 2628 339 2668 igitur
366 2628 405 2659 de
429 2628 583 2668 Pompeio
607 2633 642 2659 et
669 2629 797 2659 Caesare

105 2679 172 2701 uon
188 2670 412 2710 cogitandum.

144 2714 185 2746 98
207 2717 244 2742 ut
257 2715 416 2743 maximos
428 2716 556 2743 smmus
557 2710 668 2752 facio]
693 2712 795 2743 Nem·

102 2763 155 2794 pe,
172 2753 211 2784 de
227 2764 313 2791 meo,
328 2759 420 2794 patet
431 2764 448 2784 e
463 2763 533 2793 sqq.

147 2799 188 2829 99
210 2797 292 2834 quod
315 2800 421 2826 tecum
446 2796 649 2836 permutavi]
686 2796 793 2836 Quam

103 2836 275 2876 pecuniam
290 2842 329 2867 tu
343 2838 424 2868 mihi
440 2843 587 2869 mutuam
602 2838 719 2869 dedisti
735 2849 792 2879 per

100 2882 327 2918 procuratores
353 2883 427 2909 tuos
453 2880 486 2910 in
515 2880 693 2920 provincia,
719 2891 792 2912 eam

100 2930 118 2952 e
133 2920 293 2953 fructibus
315 2921 489 2961 provinciae
512 2922 643 2954 reddere
665 2924 703 2954 iis
725 2932 793 2954 non

841 2374 973 2414 possim.
1011 2384 1128 2415 nempe
1157 2373 1260 2404 literis
1287 2374 1353 2404 suis
1384 2375 1535 2406 Ciceroni

842 2418 996 2457 pecunias
1019 2417 1262 2455 assignaverat3
1291 2417 1380 2456 quod
1402 2418 1438 2447 in
1461 2427 1534 2458 per-

843 2460 1029 2490 mutatione
1045 2458 1254 2497 intelligitur.

887 2505 945 2532 100
968 2501 1080 2532 Plura
1105 2500 1283 2531 scribebam
1308 2501 1402 2530 tarde
1426 2500 1533 2531 reddi-

839 2543 928 2582 turo]
968 2543 1156 2574 Scribebam
1193 2553 1252 2582 pro
1280 2543 1419 2573 scribam
1449 2542 1532 2578 dedi,

840 2585 926 2624 quod
940 2585 972 2615 in
997 2586 1122 2624 aliquot
1138 2584 1217 2614 Mss.
1238 2590 1404 2625 repertum
1418 2590 1481 2622 est,
1501 2586 1534 2616 id

840 2628 975 2666 requirit
987 2637 1123 2667 sequens
1135 2627 1266 2658 dabam.

885 2673 897 2699 l
921 2674 1111 2700 nostrarum
1137 2668 1334 2708 dz'oecesium]
1375 2668 1533 2699 Asiatica-

840 2721 912 2742 rum
929 2712 1060 2742 illarum
1083 2712 1198 2748 trium,
1215 2721 1287 2750 quae
1310 2710 1432 2741 Ciliciae
1457 2720 1531 2750 pro-

839 2754 955 2784 vinciae
971 2754 1149 2791 Ciceronis,
1164 2753 1298 2791 adiectae
1321 2758 1428 2789 erant,
1444 2758 1482 2782 ut
1497 2753 1532 2783 in

838 2806 890 2836 ep.
906 2797 947 2827 ad
960 2796 1037 2827 Div.
1052 2796 1154 2827 tradit
1167 2795 1265 2832 XIII,
1279 2797 1328 2825 53.
1344 2795 1395 2827 67

877 2840 896 2869 2
909 2840 987 2878 imp.
1001 2840 1115 2878 ἔτικεφ.
1128 2839 1247 2868 solvere
1258 2846 1321 2866 non
1326 2835 1430 2875 posse]
1449 2835 1530 2865 Ver-

837 2881 877 2911 ba
888 2882 1008 2910 solvere
1021 2890 1085 2912 mm
1091 2890 1182 2920 posse
1193 2879 1273 2909 mihi
1286 2882 1434 2917 suspecta
1449 2884 1527 2908 sunt

834 2922 1017 2954 etinsititia
1031 2922 1194 2954 videntur.
1210 2920 1344 2952 omnino
1355 2919 1500 2951 tributa
1492 2929 1528 2952 in

775 2971 904 3009 004
