1940 3231
361 139 435 174 558
771 137 953 177 EPIST.
982 139 1061 178 AD
1087 139 1377 185 ATTlcUM‚

353 239 476 336 ἰξίας
509 238 698 283 facturus
732 242 801 292 sit,
822 258 920 285 cum
950 258 1004 285 ex
1039 244 1133 301 ipso
1157 258 1365 301 cognoro,
1388 242 1558 295 faciam,
1583 254 1630 287 ut
1660 247 1783 290 scias.

401 310 424 336 e
447 296 592 354 Oppio
618 300 722 340 bene
743 301 916 351 curasti,
938 301 979 331 36
991 302 1107 357 quod
1128 301 1166 342 ei
1193 314 1314 343 nccc
1343 301 1607 357 exposuisti:
1639 303 1782 358 idque,

350 354 554 407 quoniam
581 355 862 397 Philotimum
884 357 1031 409 habes,
1054 357 1225 414 perfice,
1244 367 1287 398 et
1308 371 1523 414 cognosce
1544 358 1780 402 rationem:

349 418 407 460 et,
430 419 478 451 ut
498 425 623 467 agam
646 412 843 467 amplius,
871 414 905 454 si
930 428 997 455 me
1031 429 1161 462 amas,
1185 415 1300 470 prius
1322 429 1450 470 quam
1482 414 1782 470 proficiscaris,

348 466 485 508 effice.
508 482 665 525 magna
687 483 754 510 me
777 483 878 510 cura
897 469 1062 511 levaris.
1122 471 1270 512 Habes
1295 472 1348 512 ad
1370 472 1529 514 omnia.
1553 472 1632 512 etsi
1656 485 1781 527 paene

347 524 550 578 praeterii,
573 525 766 566 chartam
799 526 878 566 tibi
909 526 1079 568 deesse:
1110 529 1256 568 ³7mea
1277 528 1422 569 cautio
1443 539 1533 579 est;
1565 527 1778 583 siquidem

347 580 439 634 ejus
463 582 609 636 inopia
630 582 770 622 minus
794 582 928 623 multa
949 583 1002 624 ad
1023 597 1092 624 me
1122 584 1287 625 scribis.
1319 593 1364 625 tu
1388 599 1487 626 vero
1508 587 1548 615 38
1563 585 1682 626 aufer
1700 584 1779 626 du-

345 646 510 678 centos.
531 638 611 678 etsi
633 652 770 679 meam
794 639 838 680 in
861 654 911 680 eo
933 640 1238 697 parsimoniam
1266 640 1394 696 hujus
1419 642 1587 698 paginae
1609 650 1779 683 contra-

346 693 434 734 ctio
457 694 688 749 significat‚
709 695 864 737 39dum
897 707 994 738 acta
1022 706 1067 737 et
1099 711 1289 738 rumores
1321 697 1459 739 vellet.
1485 699 1595 753 jam,
1626 698 1658 739 si
1691 712 1778 753 qua

345 759 462 790 certa
484 749 614 791 habes
635 752 687 792 de
711 751 895 802 Caesare,
917 762 1123 810 exspecto
1145 753 1331 806 litteras3
1361 763 1405 795 et
1433 754 1536 796 alias
1569 755 1775 796 Pomtino

344 806 398 848 de
419 807 618 849 omnibus
641 808 765 849 rebus
787 812 828 840 40
841 809 1068 866 diligenter
1088 810 1225 851 dabis.

304 898 329 933 5
777 897 1011 939 CICERO
1040 897 1269 941 ATTICO
1300 900 1346 942 S.

344 949 558 1003 PLANE
587 963 720 1014 deest,
748 965 863 1020 quod
892 965 1092 1007 scribam.
1123 979 1223 1006 nam
1243 968 1391 1016 4¹nec‚
1412 965 1528 1021 quod
1558 968 1772 1018 mandem,

339 1016 503 1061 habeo:
537 1019 643 1061 nihil
676 1021 790 1062 enim
824 1022 1157 1078 praetermissum
1192 1031 1281 1064 est:
1313 1036 1392 1064 nec
1428 1022 1542 1077 quod
1580 1038 1769 1067 narrem:

337 1076 440 1116 novi
462 1075 577 1117 enim
599 1076 730 1120 nihil:
764 1093 841 1119 nec
856 1079 1034 1134 jocandi
1057 1079 1177 1121 locus
1199 1089 1288 1131 est;
1321 1079 1380 1120 ita
1401 1094 1469 1120 me
1501 1080 1633 1122 multa
1655 1080 1769 1122 solli-

337 1131 488 1173 citant.
514 1142 682 1175 tantum
707 1144 847 1176 tamen
872 1137 996 1188 scito,
1020 1135 1170 1177 Idibus
1193 1136 1304 1177 Mai.
1337 1150 1413 1177 nos
1436 1136 1625 1178 Venusia
1646 1152 1770 1179 mane

336 1189 657 1243 proficiscentes
681 1192 755 1232 has
777 1193 956 1234 dedisse.
975 1207 1026 1234 eo
1048 1202 1191 1235 autem
1209 1192 1278 1234 die
1296 1193 1423 1234 credo
1441 1192 1601 1248 aliquid
1623 1203 1767 1236 actum

335 1246 379 1285 in
412 1256 576 1288 senatu.
616 1258 848 1303 sequantur
879 1250 1013 1306 igitur
1050 1265 1128 1291 nos
1167 1258 1252 1291 tuae
1287 1250 1456 1301 litterae,
1492 1250 1647 1305 quibus
1681 1265 1769 1293 non

332 1303 463 1344 modo
486 1318 550 1344 res
573 1320 736 1356 omneS,
759 1307 831 1347 sed
854 1308 982 1347 etiam
1005 1321 1194 1348 rumores
1215 1321 1543 1363 cognoscamus.
1564 1322 1634 1349 eas
1655 1309 1768 1350 acci-

334 1359 499 1414 piemus
523 1361 756 1404 Brundisii.
789 1361 849 1404 ibi
874 1363 986 1404 enim
1013 1363 1265 1405 Pomtinum
1295 1364 1347 1405 ad
1370 1378 1463 1404 eam
1486 1364 1615 1416 diem,
1637 1380 1766 1420 quarn

333 1424 381 1456 tu
415 1418 636 1473 scripsisti,
659 1431 909 1476 exspectare
941 1421 1167 1462 consilium
1193 1430 1271 1462 est.
1333 1420 1425 1461 Nos
1446 1419 1637 1473 Tarenti,
1659 1437 1768 1477 quos

334 1487 432 1514 cum
468 1475 677 1531 Pompeio
706 1478 865 1526 διαλόγες
887 1477 939 1518 de
969 1478 1188 1533 republica
1207 1477 1497 1529 habuerimus,
1519 1478 1574 1519 ad
1596 1487 1638 1519 te
1670 1493 1764 1534 per-

219 1539 252 1570 Ρ·
269 1533 320 1564 71-
335 1531 583 1582 scribemus,
606 1533 685 1574 etsi
708 1533 750 1574 id
773 1533 912 1588 ipsum
935 1535 1042 1575 scire
1063 1535 1207 1590 cupi0,
1229 1534 1345 1589 quod
1375 1535 1427 1575 ad
1449 1544 1618 1590 tempus
1649 1547 1765 1577 recte

290 1585 319 1610 ἃ·
333 1588 386 1628 ad
410 1597 452 1629 te
476 1590 660 1630 scribere
691 1591 866 1645 possim,
898 1591 940 1632 id
962 1600 1041 1642 est,
1062 1591 1265 1646 quamdiu
1302 1590 1454 1632 Romae
1490 1591 1657 1632 futurus
1691 1594 1762 1643 sis,

330 1655 378 1685 ut
408 1655 482 1686 aut
510 1661 596 1701 quo
618 1647 715 1688 dem
749 1647 929 1702 posthac
950 1647 1112 1689 litteras
1135 1648 1281 1698 sciam,
1303 1656 1377 1688 aut
1399 1662 1451 1688 ne
1471 1648 1566 1689 dem
1592 1648 1762 1690 frustra.

330 1701 412 1742 Sed
447 1714 677 1758 antequam
710 1703 996 1760 proficiscare,
1034 1706 1182 1760 utique
1212 1707 1253 1735 42
1267 1704 1531 1760 explicatum
1567 1704 1623 1746 sit
1657 1705 1762 1746 illud

327 1756 427 1799 H-S
451 1774 514 1801 xx
538 1771 582 1800 et
606 1774 745 1802 Dccc.
776 1761 860 1803 hoc
883 1761 1010 1802 velim
1043 1762 1087 1802 in
1118 1761 1318 1803 maximis
1351 1762 1476 1802 rebus
1498 1770 1542 1802 et
1570 1763 1760 1803 maxime

324 1817 572 1858 necessariis
595 1817 778 1870 habeas3
802 1827 862 1870 ut,
884 1818 999 1874 quod
1021 1827 1197 1860 auctore
1217 1827 1259 1859 te
1282 1817 1387 1859 velle
1407 1818 1542 1874 coepi,
1563 1818 1761 1874 adjutore

325 1887 537 1928 assequar.

287 1949 314 1990 6
755 1942 990 1984 CICERO
1020 1941 1247 1984 ATTICO
1278 1942 1323 1984 S.

323 1997 681 2051 TARENTUM
716 2010 810 2051 veni
841 2026 879 2051 a.
902 2011 944 2051 d.
972 2025 1034 2052 xv
1057 2009 1239 2053 Kalend.
1262 2009 1367 2052 Jun.
1428 2009 1557 2057 Quod
1590 2008 1757 2051 Pomti-

321 2079 424 2107 num
449 2075 679 2108 statueram
703 2075 968 2123 exspectare,
989 2067 1387 2109 commodissimum
1412 2067 1534 2119 duxi,
1555 2066 1646 2109 dies
1667 2081 1757 2120 eos,

362 2207 403 2237 36
418 2208 504 2246 quod
523 2208 552 2238 ei
573 2216 678 2239 nccc.
699 2206 883 2248 exposuistz]
909 2217 939 2238 v.
962 2217 1015 2238 su·
1058 2217 1078 2238 a
1102 2211 1136 2238 te
1162 2216 1317 2247 quaerere.
1362 2206 1424 2237 Sed
1447 2207 1496 2238 ita
1515 2206 1648 2237 deberet
1672 2215 1754 2243 esse,

319 2258 379 2289 pra
395 2250 435 2280 ad
450 2260 500 2289 ep.
519 2252 546 2280 1.
1056 2251 1140 2280 vult.
1194 2250 1295 2280 Venit
1329 2247 1502 2289 aliquando
1535 2248 1571 2278 in
1607 2254 1754 2279 mentem

362 2295 401 2325 37
438 2301 511 2322 mea
536 2292 644 2322 cautio
671 2291 732 2331 ese]
767 2291 820 2322 Sic
848 2291 899 2321 ed.
923 2290 1016 2322 Jens.

319 2335 425 2372 prima
451 2333 550 2364 dedit.
594 2334 690 2364 Rom.
716 2334 815 2364 habet
839 2334 956 2373 captio,
979 2339 1018 2363 ut

318 2381 353 2404 et
367 2375 447 2408 Mss.
464 2375 591 2415 piures:
617 2375 711 2415 idque
734 2376 800 2406 late
821 2375 1016 2411 defendunt,

318 2417 466 2456 inprimis
481 2417 676 2458 Malaspina.
699 2417 762 2448 Sed
781 2418 889 2448 cautio
902 2427 1016 2446 verum

316 2463 378 2488 est.
408 2469 480 2489 mea
507 2461 627 2495 cautio,
652 2464 713 2490 tua
737 2460 846 2490 cautio
869 2463 928 2495 est,
950 2459 1015 2489 fre-

317 2510 420 2539 quens
434 2506 468 2532 et
483 2501 640 2532 usitatum
654 2508 704 2532 est
717 2502 866 2533 Ciceroni
882 2506 916 2531 et
931 2500 1014 2531 aliis.

317 2543 437 2573 Sensus
451 2549 519 2573 est:
543 2543 604 2573 hoc
626 2553 687 2582 ego
701 2553 814 2574 cavere
835 2543 948 2580 debeo,
972 2552 1014 2573 ne

315 2585 469 2615 amittam
498 2585 708 2616 commodum
740 2585 910 2616 literarum
938 2590 1012 2616 tua-

315 2635 400 2657 rum.

355 2671 395 2699 38
429 2667 526 2709 aufer
559 2668 724 2707 ducentos]
763 2668 937 2699 Sestertios
969 2668 1010 2699 ad

312 2711 484 2742 emendam
507 2709 669 2749 chartam,
696 2711 735 2741 de
761 2721 833 2741 mea
857 2711 1007 2750 pecunia.

303 2763 428 2792 Jocose.

1058 2293 1156 2328 tollit,
1185 2291 1207 2322 i.
1234 2300 1301 2322 non
1329 2297 1494 2322 memorat
1519 2290 1593 2326 tibi,
1615 2299 1689 2329 quae
1715 2295 1754 2320 tu

1057 2332 1143 2363 forte
1157 2333 1298 2364 libenter
1318 2333 1420 2373 legas.
1440 2333 1557 2364 melius
1579 2331 1756 2363 nihildum

1057 2375 1229 2406 succurrit.

1099 2419 1141 2447 40
1163 2418 1337 2455 diligenter
1358 2415 1463 2455 dabis]
1489 2417 1542 2446 Sic
1564 2415 1687 2446 correxi
1712 2425 1754 2445 ex

1057 2469 1110 2498 ep.
1129 2462 1162 2493 9.
1178 2459 1234 2489 ubi
1256 2465 1335 2490 sunt
1351 2461 1452 2491 literoe
1467 2459 1642 2496 diligenter
1654 2457 1750 2486 ἄπα».

1057 2500 1153 2540 Vuig.
1169 2502 1351 2540 diligentes.
1368 2510 1436 2531 non
1452 2501 1497 2530 sie
1520 2499 1631 2530 Latini
1645 2510 1652 2527 ι
1676 2499 1750 2528 dili-

1051 2547 1165 2582 genees
1178 2544 1291 2574 literas
1305 2544 1396 2574 dare.

1095 2588 1133 2615 41
1149 2594 1206 2615 uec
1217 2586 1299 2624 quod
1313 2584 1565 2616 mandem—mee
1577 2582 1662 2622 quod
1669 2591 1750 2612 nar—

1053 2626 1139 2666 rem]
1167 2626 1287 2667 Vulgg.
1316 2634 1429 2657 omnes
1456 2625 1546 2664 quid,
1576 2623 1674 2661 male,
1711 2629 1750 2654 ut

1051 2668 1123 2699 aliis
1139 2668 1227 2699 locis.

1093 2713 1136 2741 42
1159 2712 1357 2749 explicatum
1377 2709 1420 2739 sie
1443 2707 1530 2738 illud
1549 2707 1620 2737 H-S
1647 2715 1692 2738 xx
1717 2712 1750 2738 et

1051 2752 1170 2791 neco]
1193 2753 1243 2783 An
1264 2751 1385 2782 excidit
1404 2751 1443 2781 de
1466 2749 1548 2780 H-S.
1570 2753 1608 2779 ut
1629 2749 1684 2780 sit.
1707 2750 1747 2780 de

353 2798 394 2828 39
410 2796 489 2825 [lum
504 2798 580 2824 acta
592 2799 623 2824 et
645 2805 791 2825 rumores
805 2793 913 2833 vellet]
933 2793 1006 2824 Hoc
1047 2795 1200 2825 sestertiis
1236 2802 1283 2825 xx
1318 2798 1350 2824 et
1377 2801 1480 2823 nccc.
1509 2791 1588 2828 sive,
1617 2795 1656 2821 ut
1682 2791 1744 2821 Ed.

309 2838 403 2866 vellet
426 2838 573 2877 ineptum
589 2842 639 2868 est
660 2836 827 2867 latinitate
842 2842 876 2866 et
898 2845 1006 2866 sensu.
1047 2835 1144 2866 Rom.
1172 2836 1284 2877 habet,
1307 2835 1502 2873 sesto-tium,
1532 2834 1567 2865 iu
1591 2842 1655 2873 quo
1677 2833 1742 2864 int.

309 2879 483 2911 Manutius
501 2881 751 2920 interpretatur,
777 2878 1004 2918 intelligendo,

1049 2877 1204 2910 millibus.
