1940 3231
358 149 435 187 742
775 144 960 184 EPIST.
987 145 1064 183 AD
1092 145 1378 188 ATTICUM,

353 263 448 289 mus
472 263 556 290 non
581 249 710 291 modo
734 250 871 291 nullus
905 250 1034 301 venit,
1059 251 1129 292 sed
1153 265 1206 292 ne
1229 265 1304 306 per
1323 250 1486 291 litteras
1509 251 1696 305 quidem,
1719 258 1792 291 aut

353 320 429 361 per
452 307 652 347 nuntium
683 309 906 349 certiorem
935 307 1040 348 facit
1070 323 1152 358 me,
1175 309 1276 363 quid
1301 307 1452 363 egerit,
1514 307 1685 363 Epheso
1716 308 1790 362 qui

353 365 547 415 veniunt,
572 365 631 405 ibi
657 379 699 405 se
722 379 820 405 eum
853 365 905 405 de
928 365 1013 404 suis
1047 365 1350 406 controversiis
1385 365 1426 405 in
1453 363 1527 419 jus
1562 366 1790 406 adeuntem

353 421 509 461 vidisse
545 421 769 462 mintiant:
803 435 899 476 quae
934 421 1106 475 quidem
1130 422 1210 474 (ita
1241 422 1355 463 enim
1390 422 1619 462 verisimile
1642 423 1725 470 est)
1749 421 1793 462 in

351 479 585 519 adventum
623 477 807 518 Cecsaris
841 477 1021 518 fortasse
1050 478 1317 533 rejiciuntur.
1350 480 1424 529 ita,
1447 489 1521 519 aut
1557 479 1663 519 nihil
1686 487 1793 535 puto

350 550 446 575 euni
474 536 644 585 habere,
668 535 783 589 quod
814 543 936 589 putet
955 535 1006 575 ad
1040 549 1106 576 ine
1129 536 1305 576 celerius
1340 536 1655 592 perferendum,
1676 547 1720 576 et
1741 549 1793 575 eo

350 594 473 632 36me
506 592 644 646 magis
678 606 768 631 esse
804 592 1084 647 despectum:
1117 601 1205 642 aut,
1227 594 1394 633 etiamsi
1427 593 1530 648 quid
1565 593 1710 644 habet,
1735 592 1793 644 id,

352 649 431 689 nisi
456 650 658 689 omnibus
687 649 772 689 suis
795 648 982 704 negotiis
1005 648 1230 699 confectis,
1252 650 1305 690 ad
1338 665 1405 691 me
1429 650 1582 691 referre
1611 665 1696 691 non
1719 664 1795 690 cu-

352 715 430 745 rat.
463 720 517 745 ex
541 721 628 760 quo
651 720 854 761 magnum
890 706 1089 761 equidem
1112 707 1237 762 capio
1260 706 1466 758 dolorem,
1489 709 1560 748 sed
1584 723 1670 748 non
1701 716 1795 747 tan-

351 772 458 811 tum,
482 771 691 817 quantum
718 763 863 803 videor
882 763 1051 804 debere.
1075 763 1181 804 nihil
1202 764 1317 804 enim
1337 778 1430 804 mea
1452 765 1593 805 minus
1615 766 1795 806 interes-

350 835 394 860 se
420 829 538 875 puto,
561 835 690 875 quam
713 820 816 874 quid
844 819 960 861 illinc
983 820 1199 861 afferatur.
1233 821 1271 861 id
1296 835 1426 875 quam
1457 823 1513 863 ob
1537 836 1640 872 rem,
1665 832 1706 863 te
1729 822 1793 861 in—

351 876 544 933 telligere
566 880 605 911 37
620 887 738 919 certo
773 877 876 918 scio.
940 878 1069 924 Quod
1093 892 1161 918 me
1184 892 1330 918 mones
1354 879 1406 918 de
1431 879 1547 920 vultu
1569 889 1612 920 et
1634 879 1795 920 oratio-

352 949 405 975 ne
428 934 479 975 ad
515 944 684 990 tempus
707 935 1100 986 accommodanda3
1132 935 1211 975 etsi
1234 935 1410 976 difficile
1441 944 1519 986 est,
1543 945 1685 977 tamen
1714 936 1795 976 im-

354 1006 545 1047 perarem
571 992 692 1042 mihi,
716 992 748 1032 si
774 1007 868 1032 mea
888 992 1124 1047 quidquam
1155 992 1358 1033 interesse
1391 1002 1601 1048 putarem.
1663 994 1794 1040 Quod

221 1074 252 1104 p.
271 1065 340 1093 185.
356 1049 523 1100 scribis,
541 1049 693 1090 litteris
718 1052 757 1080 38
772 1059 921 1105 putare
941 1048 1195 1090 Africanum
1221 1049 1442 1105 negotium
1467 1050 1622 1091 confici
1648 1066 1792 1106 posse:

312 1109 396 1141 ³·39
416 1106 565 1147 vellem
597 1107 818 1157 scriberes,
841 1121 916 1147 cur
950 1107 1010 1148 ita
1033 1116 1229 1163 putares:
1263 1106 1368 1147 mihi
1400 1107 1574 1162 quidem
1609 1108 1715 1150 nihil
1750 1109 1794 1150 in

356 1176 545 1205 mentem
578 1165 709 1214 venit,
733 1178 864 1219 quare
887 1164 925 1205 id
961 1176 1108 1220 putem
1141 1164 1232 1205 fieri
1266 1178 1416 1220 posse:
1458 1173 1502 1205 tu
1534 1174 1694 1216 tamen,
1725 1179 1796 1206 ve-

352 1221 441 1271 lim,
462 1222 496 1262 si
519 1222 621 1276 quid
645 1222 740 1272 erit,
761 1222 877 1276 quod
915 1221 1223 1262 consolationis
1246 1221 1407 1276 aliquid
1438 1221 1611 1274 habeat,
1633 1222 1793 1263 scribas

351 1279 404 1319 ad
435 1293 516 1319 me.
549 1279 629 1329 sin,
653 1288 699 1319 ut
725 1278 952 1334 perspicio,
976 1279 1082 1320 nihil
1104 1279 1199 1332 erit,
1223 1279 1383 1320 scribas
1407 1279 1609 1334 idipsum.
1641 1294 1723 1336 ego
1742 1280 1795 1321 ad

352 1348 408 1387 te,
433 1337 465 1376 si
488 1336 590 1391 quid
614 1336 788 1377 audiero
811 1335 954 1387 citius,
977 1336 1177 1377 scribam.
1240 1336 1358 1376 Vale.
1384 1350 1459 1377 11x
1485 1335 1551 1377 [d.
1575 1336 1697 1378 Sext.

284 1426 337 1461 ‘25
787 1418 1023 1461 CICERO
1055 1418 1284 1461 ATTICO
1317 1419 1362 1460 S.

355 1475 589 1530 FACILE
622 1487 831 1528 assentior
867 1488 949 1528 tuis
978 1487 1156 1540 litteris3
1191 1488 1348 1543 quibus
1385 1487 1568 1544 exponis
1602 1487 1795 1545 pluribus

353 1546 510 1595 verbis,
533 1545 695 1586 nullum
722 1554 761 1585 te
785 1545 941 1586 habere
964 1545 1208 1595 consilium,
1231 1560 1317 1600 quo
1340 1560 1364 1585 a
1383 1554 1425 1586 te
1448 1545 1608 1601 possim
1633 1546 1794 1601 juvari.

353 1604 592 1645 consolatio
615 1610 730 1643 certe
753 1602 867 1643 nulla
888 1612 966 1653 est,
985 1617 1081 1657 quae
1105 1601 1244 1642 levare
1269 1603 1403 1658 possit
1421 1602 1613 1643 dolorem
1635 1617 1794 1644 meum.

354 1661 462 1702 nihil
486 1669 550 1701 est
571 1660 686 1701 enim
707 1669 977 1700 contractum
999 1674 1115 1700 casu.
1148 1674 1246 1700 nam
1263 1659 1307 1700 id
1328 1670 1439 1700 esset
1461 1659 1698 1701 ferendum.
1721 1660 1794 1701 sed

356 1719 503 1760 omnia
521 1717 701 1758 fecimus
724 1717 775 1757 iis
798 1717 1012 1757 erroribus
1032 1728 1075 1757 et
1097 1716 1278 1757 miseriis
1302 1727 1344 1757 et
1366 1717 1497 1758 animi
1521 1726 1564 1758 et
1585 1718 1794 1773 corporis,

355 1775 513 1832 quibus
537 1774 726 1831 proximi
753 1774 914 1814 utinam
934 1774 1092 1814 mederi
1116 1776 1158 1804 ⁴10
1172 1773 1435 1814 maluissent.
1459 1788 1588 1828 quam
1610 1775 1666 1815 ob
1690 1789 1794 1826 rem,

354 1833 559 1888 quoniam
583 1846 721 1887 neque
744 1830 913 1872 consilii
938 1833 1014 1882 tui,
1038 1845 1176 1886 neque
1200 1830 1507 1872 consolationis
1538 1831 1796 1887 cujusquam

355 1905 450 1946 spes
483 1889 568 1931 ulla
599 1889 705 1930 mihi
737 1889 992 1939 ostenditur,
1016 1903 1101 1929 non
1133 1903 1323 1943 quaeram
1355 1888 1450 1930 haec
1481 1904 1506 1929 a
1533 1897 1574 1929 te
1597 1889 1796 1945 posthac.

354 1955 523 1988 tantum
550 1946 692 1997 velim,
715 1961 766 1987 ne
798 1946 1081 1987 intermittas:
1116 1945 1276 1986 scribas
1298 1945 1349 1986 ad
1383 1960 1466 1996 me,
1489 1946 1700 2002 quidquid
1724 1961 1796 1988 ve-

353 2005 445 2046 niet
466 2005 544 2046 tibi
570 2004 613 2044 in
645 2015 849 2054 mentem,
871 2018 970 2044 cum
1003 2003 1196 2053 habebis,
1219 2003 1288 2044 cui
1320 2003 1408 2054 des,
1431 2011 1475 2043 et.
1500 2003 1602 2044 dum
1625 2003 1721 2055 erit,
1742 2003 1797 2045 ad

353 2077 481 2118 quem
501 2062 599 2103 des:
637 2061 753 2116 quod
787 2061 964 2116 longum
987 2075 1073 2101 non
1105 2059 1199 2101 erit.
1262 2059 1388 2101 Illum
1421 2060 1665 2101 discessisse
1695 2060 1798 2102 Ale-

353 2120 551 2170 xandria,
587 2134 733 2159 rumor
765 2128 828 2158 est
856 2132 943 2158 non
978 2118 1140 2168 firmus,
1173 2125 1291 2158 ortus
1321 2132 1376 2159 ex
1411 2117 1592 2173 Sulpicii
1614 2118 1796 2160 litteris:

353 2191 459 2232 quas
491 2177 638 2219 cuncti
671 2185 820 2232 postea
850 2174 990 2216 nuntii
1022 2175 1359 2217 confirmarunt:
1397 2175 1513 2230 quod
1549 2189 1708 2226 verum,
1739 2191 1795 2217 an

354 2234 507 2275 falsum
529 2235 598 2284 sit,
615 2234 817 2289 quoniam
841 2247 935 2273 mea
954 2232 1060 2273 nihil
1080 2233 1272 2284 interest,
1290 2242 1429 2273 utrum
1453 2232 1614 2283 malim,
1633 2233 1794 2275 nescio,

356 2292 486 2339 Quod
509 2292 561 2333 ad
587 2302 627 2332 te
643 2291 906 2347 jampridem
926 2290 978 2331 de
999 2299 1257 2331 testamento
1281 2289 1458 2346 scripsi;
1479 2293 1517 2321 41
1531 2290 1644 2346 apud
1665 2292 1795 2333 εἷίπιε-ον

355 2416 445 2437 versa
458 2417 491 2437 re
504 2416 562 2436 sna
574 2410 607 2436 et
624 2408 838 2442 testamento,
851 2414 895 2436 sc.
909 2414 979 2435 eam
994 2405 1056 2435 ini-
1141 2407 1182 2435 40
1198 2404 1398 2434 maluissent.
1411 2404 1629 2444 quamobrem,
1642 2403 1797 2442 quoniam

354 2459 452 2488 quam
469 2450 503 2478 in
520 2459 571 2478 nie
583 2453 617 2478 et
634 2448 733 2478 filiam
750 2448 832 2477 fore.
1101 2447 1173 2486 δια]
1206 2447 1258 2477 Sic
1284 2447 1415 2477 volebat
1437 2446 1583 2477 Graevius
1607 2445 1725 2484 corrigi
1751 2445 1797 2475 le-

397 2492 438 2521 36
456 2490 745 2529 nze-despectum]
764 2500 808 2520 sc.
825 2500 844 2519 a
861 2491 1001 2527 Caesare,
1016 2498 1053 2520 ut
1098 2490 1242 2520 ctionem
1267 2489 1450 2529 vulgatam,
1464 2498 1564 2527 quam
1586 2489 1699 2524 obesse,
1722 2496 1796 2526 quae

356 2532 438 2562 nihil
466 2533 663 2563 Philotimus
679 2533 825 2567 haberet,
843 2532 930 2571 quod
944 2532 984 2563 ad
1001 2543 1052 2563 me
1096 2531 1226 2562 nullum
1252 2541 1384 2562 sensum
1410 2531 1522 2567 habet,
1550 2539 1609 2561 nee
1640 2534 1718 2569 apta
1744 2534 1795 2560 est

347 2571 521 2605 scriberet.
1095 2573 1375 2604 antecedentibus
1419 2573 1471 2602 Sic
1494 2571 1550 2603 'ille
1573 2574 1607 2604 in
1632 2572 1712 2603 Mss.
1727 2571 1799 2603 suis,

398 2619 437 2650 37
474 2621 558 2646 certo
585 2616 661 2655 scio]
702 2616 823 2655 Vulgg.
855 2617 1052 2646 recentiores
1097 2616 1237 2657 reperit:
1262 2617 1307 2646 sic
1323 2621 1356 2646 et
1372 2614 1424 2645 ed.
1440 2614 1537 2645 Rom.

355 2663 451 2690 certe.
469 2659 566 2689 male.
582 2663 668 2688 certo
689 2658 813 2689 habent
834 2658 909 2688 Ald.
927 2659 962 2690 Ρ.
979 2659 1052 2690 Ma-
1137 2662 1174 2689 41
1201 2659 1293 2698 apud
1311 2657 1422 2690 εὔπιςον
1447 2658 1523 2687 illas
1543 2658 1654 2693 velim,
1668 2661 1707 2687 ut
1718 2665 1792 2695 pos-

355 2701 481 2736 nutius,
499 2700 589 2731 Crat.
607 2701 694 2731 Vict.
1094 2702 1171 2737 sint,
1187 2700 1354 2739 advertas]
1381 2700 1512 2730 Servavi
1535 2699 1712 2729 lectionem
1727 2699 1793 2729 Bo.

396 2747 436 2774 33
454 2748 578 2783 putare
600 2741 676 2781 Asr.
701 2742 752 2781 n.]
779 2743 927 2773 Graevius
950 2742 1052 2773 male·
1094 2744 1146 2781 sii,
1161 2743 1238 2782 quia
1259 2749 1293 2773 et
1318 2742 1488 2781 ingeniosa
1510 2746 1573 2778 est,
1592 2746 1626 2771 et
1648 2740 1791 2780 intelligi

353 2786 409 2816 bat
420 2791 544 2825 putare
560 2789 600 2816 te.
625 2785 716 2815 bene.
1090 2789 1221 2826 potest:
1246 2785 1383 2824 antiqua
1407 2784 1499 2824 apud
1519 2785 1669 2823 epistolas
1690 2783 1790 2814 velim

395 2830 436 2860 39
460 2830 555 2858 velim
577 2828 740 2862 scriberes,
762 2837 823 2857 cur
845 2828 868 2858 ι’.
889 2827 1044 2868 putares]
1090 2832 1127 2858 ut
1149 2828 1271 2867 possint
1292 2827 1446 2857 adversas
1468 2826 1561 2856 nullo
1586 2825 1695 2856 modo.
1738 2824 1791 2859 De

351 2869 544 2908 Legendum
560 2875 609 2900 est
625 2871 751 2906 vellem„
764 2870 874 2909 sicque
892 2871 1050 2910 rescripsi.
1093 2868 1285 2910 deponendo
1309 2873 1512 2900 testamento
1533 2867 1700 2899 Terentiae
1724 2876 1792 2896 serr

344 2913 448 2943 velim
462 2913 611 2954 postulat
623 2913 890 2954 scribas—putes,
905 2916 945 2944 ut
960 2922 1049 2944 mox.
1093 2922 1148 2946 mo
1162 2915 1231 2943 est:
1259 2911 1333 2943 vult
1357 2911 1440 2948 inas,
1454 2910 1646 2944 Terentiam
1662 2914 1695 2941 et
1709 2908 1790 2940 Tul·—
