1940 3231
338 139 410 175 564
745 136 925 173 EPIS'I'.
953 135 1029 173 AD
1056 135 1344 179 ATTICUM,

338 249 523 303 praetore
544 238 656 280 fecer
659 246 756 290 z.1nt;
789 239 1056 280 commodius
1078 240 1216 281 visum
1239 248 1303 280 est
1324 247 1368 279 et
1390 237 1584 291 Xenoni,
1606 247 1650 282 et
1674 247 1772 296 post,

339 300 420 352 ipsi
448 296 639 346 Pin-oni,
668 311 735 336 me
763 297 814 336 ad
850 296 1108 336 Memmium
1141 296 1340 345 scribeiffc
1363 295 1436 349 qui
1470 296 1619 350 pridie,
1643 311 1772 351 quam

342 368 424 409 ego
446 352 638 393 Athenas
663 353 774 403 veni,
798 352 1032 407 Mitylenis
1063 368 1155 408 pro·
1146 353 1281 393 fectis
1313 361 1416 403 erat,
1440 363 1487 392 ut
1520 353 1553 393 is
1588 353 1640 393 ad
1675 367 1772 394 suos

344 411 561 460 scriberet,
594 423 717 464 posse
752 409 791 449 id
823 423 897 449 sua
921 410 1138 449 voluntate
1161 409 1265 450 fieri.
1299 424 1384 449 non
1409 409 1522 449 enim
1544 409 1777 450 dubitabat

347 467 492 517 Xeno,
523 467 625 522 quin
660 466 713 505 ab
744 464 1010 520 Ariopagitis
1045 465 1180 506 invito
1205 466 1418 507 Memmio
1440 465 1659 521 impetrari
1690 480 1778 506 non

345 535 504 580 poss-ct.
566 522 798 563 Memmius
829 533 971 561 autem
1002 522 1243 563 aedificandi
1276 523 1503 563 consilium
1534 523 1776 578 abiecerat:

348 581 417 622 sed
456 588 546 620 erat
578 578 755 619 Patroni
786 578 930 618 iratus.
969 577 1112 632 itaque
1147 578 1296 633 scripsi
1338 580 1390 620 ad
1421 594 1518 620 eum
1552 587 1778 620 neem-:ate

347 637 518 691 75011jus
540 634 734 690 epistolae
766 634 860 674 misi
893 635 944 674 ad
970 643 1011 674 te
1033 634 1292 690 exemplum.
1354 635 1435 687 Tu,
1459 636 1600 688 velim,
1624 636 1780 676 Piliam

347 694 452 734 meis
486 692 623 732 verbis
646 691 888 732 consolere:
922 691 1121 732 indicabo
1144 706 1256 732 enlm
1283 692 1387 734 tlibi:
1421 703 1467 734 tu
1499 693 1558 734 illi
1591 693 1698 734 nihil
1716 692 1782 734 di-

349 749 477 790 xeris.
536 748 698 804 Accepi
731 746 997 799 fasciculum,
1030 748 1069 788 in
1093 763 1178 812 quo
1201 757 1291 788 erat
1319 749 1501 804 epistola
1524 750 1673 791 Piliae:
1706 750 1782 790 ab·

349 806 463 856 stuli,
493 805 654 860 aperui,
676 804 785 859 legi:
817 805 858 838 ⁴6
873 804 992 845 valde
1024 806 1182 860 scripta
1204 814 1268 845 est
1289 811 1487 858 συμπαθως.
1549 806 1780 847 Brundisio

349 878 446 918 quae
478 862 556 902 tibi
588 861 781 917 epistolae
812 861 988 901 1edditae
1024 871 1122 901 sunt
1149 862 1238 901 sine
1274 876 1382 912 mea,
1405 866 1443 896 77
1461 871 1550 903 tum
1585 863 1783 904 videlicet

314 958 319 963 .
349 921 484 969 dataS,
506 933 602 959 cum
627 932 708 974 ego
730 931 799 958 me
820 932 905 958 non
932 917 1037 958 belle
1070 917 1285 958 haberem.
1318 933 1415 959 nam
1443 918 1591 959 illam
1579 923 1780 971 78νομανοιν-

348 979 437 1031 &glan
459 975 782 1016 excusationem
805 989 858 1015 ne
876 975 1105 1030 acceperis.
1159 974 1288 1026 Cura,
1310 984 1358 1015 ut
1379 975 1525 1016 omnia
1543 975 1689 1027 sciam,
1708 974 1781 1015 sed

350 1032 554 1084 maxime,
580 1042 626 1073 ut
648 1031 801 1074 valeas.

289 1132 341 1168 10
793 1113 1027 1156 CICERO
1049 1112 1277 1155 ATTICO
1298 1113 1344 1154 S.

356 1170 496 1224 NEG
506 1181 707 1224 OTIUM
730 1196 935 1238 magnum
957 1190 1021 1222 est
1038 1181 1255 1245 navigare,
1271 1192 1400 1236 atque
1422 1180 1463 1222 id
1482 1195 1627 1222 mense
1645 1181 1786 1228 Quin-

353 1239 433 1281 tili.
457 1249 579 1280 sexto
602 1240 670 1280 die
694 1239 852 1283 Delum
875 1238 1057 1279 Athenis
1081 1238 1289 1278 venimus.
1313 1238 1450 1293 pridie
1474 1238 1622 1280 Nonas
1646 1238 1786 1285 Quin-

351 1297 416 1338 til.
447 1312 472 1337 a
505 1296 670 1337 Piraeeo
708 1295 760 1336 ad
799 1296 988 1346 Zostera,
1011 1304 1140 1335 vento
1177 1295 1372 1346 molesto,
1407 1295 1480 1350 qui
1513 1310 1590 1337 nos
1625 1295 1784 1337 ibidem

354 1353 494 1394 Nonis
518 1353 670 1394 tenuit.
730 1352 784 1392 A.
810 1353 850 1393 d.
878 1366 970 1393 Vlll
998 1351 1099 1392 Idus
1123 1351 1174 1391 ad
1199 1351 1512 1406 Ceojucunde.
1543 1352 1642 1394 inde
1665 1352 1785 1407 Gya-

352 1425 447 1450 rum
470 1424 584 1451 saevo
610 1417 751 1460 vento,
778 1423 863 1449 non
886 1409 1088 1450 adverso:
1121 1407 1222 1449 hinc
1255 1408 1453 1463 Scyrum,
1482 1409 1581 1450 inde
1611 1409 1785 1460 Delum,

354 1476 537 1522 utroque
558 1466 701 1516 citius,
724 1480 852 1520 quam
876 1465 1093 1515 vellemus,
1114 1467 1335 1506 79cursum
1358 1465 1638 1507 confecimus,
1685 1465 1787 1508 Jam

310 1534 468 1564 b.nost1
502 1526 663 1577 ἅφςοικτω
695 1522 981 1563 Rhodior.u1n
1013 1520 1134 1569 nihil,
1166 1522 1281 1576 quod
1308 1521 1449 1563 minus
1474 1523 1654 1564 fluctum
1677 1517 1786 1564 ferre

353 1579 502 1636 possit.
528 1580 670 1633 itaque
691 1588 782 1619 erat
805 1579 846 1619 in
870 1580 1013 1620 animo
1035 1577 1142 1619 nihil
1164 1578 1379 1629 festinare,
1401 1581 1441 1609 80
1460 1579 1571 1620 Delo
1590 1593 1670 1621 nec
1690 1594 1785 1620 mo-

352 1651 465 1687 ver,e
497 1635 577 1676 nisi
609 1638 645 1666 8¹
664 1635 810 1677 onmia
832 1636 1134 1698 ἀκρωτηξιωνέςιω
1166 1635 1380 1675 vidissem.
1439 1639 1478 1666 82
1493 1636 1561 1677 De
1598 1636 1787 1677 Messala

354 1694 406 1734 ad
431 1703 472 1734 te
494 1693 653 1744 statim,
676 1702 724 1732 nt
744 1691 902 1742 audivi,
927 1692 979 1732 de
1001 1691 1148 1745 Gyaro
1171 1692 1267 1732 dedi
1296 1691 1482 1734 litteras:
1513 1703 1557 1733 et
1579 1693 1653 1734 id
1644 1707 1784 1748 ipsum

352 1749 579 1792 consilium
602 1759 795 1790 nostrum
816 1748 945 1789 etiam
967 1748 1018 1789 ad
1044 1747 1350 1790 Hortensium.
1377 1749 1445 1789 cui
1468 1749 1641 1804 quidem
1664 1749 1785 1791 valde

352 1811 557 1856 emmaum
583 1805 656 1846 sed
678 1816 771 1846 tuas
793 1805 845 1846 de
870 1805 963 1860 ejus
987 1805 1144 1859 judicii
1177 1805 1457 1856 sermonibus,
1479 1815 1523 1847 et
1543 1805 1786 1847 mehercule

354 1863 472 1904 omni
495 1863 547 1903 de
568 1862 814 1918 reipublicae
847 1870 960 1903 statu
991 1862 1152 1903 litteras
1173 1871 1393 1917 exspecto,
1423 1864 1668 1918 πολιτικωτεςον
1689 1863 1785 1918 qui-

354 1919 451 1960 dem
475 1919 669 1978 scriptas,
686 1919 908 1974 (quoniam
930 1922 969 1950 83
983 1933 1099 1959 meos
1119 1934 1215 1960 cum
1236 1919 1505 1960 Thallumeto
1525 1927 1671 1960 nostro
1689 1933 1785 1975 per-

356 1976 521 2017 volutas
556 1968 721 2027 libros)
754 1975 964 2031 ejusmodi
997 1976 1170 2030 inquam
1198 1976 1376 2027 litteras,
1406 1989 1461 2016 ex
1499 1976 1655 2030 quibus
1685 1990 1785 2032 ego,

355 2047 442 2074 non
465 2033 567 2087 quid
592 2032 680 2084 fiat,
698 2037 812 2085 (nam
837 2033 880 2073 id
905 2031 969 2074 vel
990 2031 1213 2083 Helenius‚
1236 2034 1276 2062 84
1292 2033 1354 2073 vii
1376 2032 1666 2088 gravissimuS,
1687 2044 1786 2089 pot-

355 2099 420 2130 est
450 2089 633 2142 efficere,
655 2089 785 2131 cliens
817 2090 949 2141 tuus)
983 2089 1054 2130 sed
1076 2089 1178 2145 quid
1201 2089 1391 2130 futurum
1426 2089 1495 2130 sit.
1525 2089 1656 2131 etiam
1685 2104 1784 2132 cum

395 2205 436 2236 75
450 2199 545 2243 cujus
565 2202 715 2242 epistoloe]
741 2202 801 2233 Est
823 2213 873 2240 ea,
889 2211 962 2242 quae
983 2203 1048 2244 pri-

354 2253 409 2275 ma
424 2249 475 2274 est
489 2244 528 2275 L.
545 2244 641 2275 XIII.
658 2244 698 2275 ad
713 2245 788 2276 Div.

396 2287 437 2320 76
451 2287 545 2316 valde
558 2288 680 2326 scripta
693 2291 739 2318 est
753 2286 933 2327 σνμπαὲὶῦς]
951 2287 1048 2317 Forte

354 2329 475 2359 rectius
489 2333 580 2358 erat.-
604 2337 679 2359 nam
703 2330 836 2360 miserat
856 2339 932 2359 cum
953 2329 1048 2360 fasci-

356 2370 430 2401 culo
442 2370 551 2400 clauso
565 2369 605 2400 ad
620 2369 747 2402 Piliam.

397 2416 436 2446 77
453 2417 524 2442 tum
544 2412 689 2444 videlicet
709 2413 819 2453 datas]
843 2414 896 2444 Sic
910 2412 982 2444 edd.
1000 2421 1046 2451 pr.

356 2454 428 2484 aliae
443 2455 538 2490 (ἰατά),
552 2454 638 2493 quod
651 2457 790 2486 servavit
805 2455 961 2486 Graevius.
983 2454 1048 2484 Pu-

354 2500 422 2527 tem
438 2495 552 2525 fuisse:
577 2500 648 2526 tum
661 2506 691 2528 υ.
706 2499 791 2528 datoe
811 2501 899 2535 sunt,
916 2500 1048 2527 excusat

355 2537 477 2568 scilicet
492 2546 538 2572 se,
553 2537 639 2575 quod
653 2540 722 2569 sine
745 2549 804 2570 sua
817 2539 883 2569 illae
898 2538 1048 2570 venerint

355 2579 396 2609 ad
411 2579 570 2614 Atticum,
586 2579 662 2616 quia
676 2590 742 2611 non
765 2581 848 2611 belle
870 2591 902 2611 se
928 2581 1050 2611 habue-

355 2621 409 2650 rit.
425 2630 500 2650 narn
516 2619 656 2659 intelligi
671 2627 755 2659 sunt,
773 2623 882 2652 durius
897 2627 947 2653 est
961 2622 995 2653 h.
1012 2622 1035 2652 l.

397 2665 436 2696 78
463 2675 621 2704 νεμοινανοξ
618 2663 672 2703 αν]
700 2675 730 2695 v.
759 2664 831 2695 lnd.
854 2664 958 2695 Graec.
985 2663 1047 2695 Ed.

354 2701 450 2735 Rom.
465 2704 553 2735 addit
568 2714 628 2734 me.

397 2749 437 2780 79
465 2755 598 2776 cursum
625 2746 833 2787 confecimus]
865 2747 938 2779 Hoc
967 2748 1049 2778 mihi

356 2788 483 2818 videtur
496 2797 563 2818 esse
579 2787 778 2826 glossatoris.

397 2833 437 2860 80
452 2830 536 2861 Delo
550 2839 606 2859 nec·
628 2840 679 2860 me
701 2830 840 2870 movere]
866 2841 916 2861 me
938 2831 1050 2862 aberat

356 2871 435 2902 Mss.
471 2871 603 2905 Bauiol.
648 2871 789 2905 Helmst.
837 2872 1049 2914 placebatque

1090 2204 1229 2234 Graevio.
1246 2209 1346 2233 recte.

1132 2249 1168 2276 81
1197 2247 1306 2276 omnia
1328 2244 1413 2288 α’κς.]
1442 2245 1494 2275 Sic
1517 2243 1590 2275 edd.
1612 2253 1662 2284 pr.
1685 2248 1785 2276 recte.

1091 2289 1200 2318 omnia
1223 2289 1298 2330 ἔρια.
1322 2288 1436 2318 Rosius
1455 2287 1534 2318 fecit
1556 2287 1676 2323 omina,
1700 2287 1786 2326 quod

1090 2334 1124 2360 et
1139 2330 1297 2361 Gruterus
1311 2334 1440 2360 secutus
1453 2334 1513 2359 est.
1531 2338 1596 2358 non
1612 2328 1706 2358 bene.
1728 2327 1786 2359 illa

1090 2371 1154 2414 ἔξω
1171 2382 1235 2402 non
1249 2376 1326 2402 sunt
1340 2372 1432 2411 signa
1447 2372 1544 2408 bona,
1559 2370 1614 2400 scd
1631 2380 1680 2400 res
1703 2371 1784 2410 ipsa,

1090 2420 1206 2444 ventus
1222 2414 1390 2445 secundus.

1092 2477 1094 2480 s
1131 2459 1171 2487 82
1187 2456 1240 2487 De
1254 2454 1409 2494 llIessala]
1432 2455 1500 2485 Reo
1517 2453 1671 2484 ambitus,
1687 2451 1784 2490 VIII,

1090 2500 1122 2529 2.
1138 2502 1170 2529 4.
1194 2500 1264 2538 ejus
1287 2497 1465 2528 avunculus
1480 2500 1551 2526 erat
1574 2494 1783 2531 Hortensius,

1091 2540 1201 2579 itaque
1245 2540 1286 2570 ad
1329 2539 1416 2569 hunc
1457 2537 1573 2568 retulit
1611 2535 1784 2567 consilium

1091 2592 1199 2612 suum.

1134 2627 1172 2655 83
1192 2621 1426 2660 meos—libros]
1451 2621 1512 2651 int.
1527 2620 1688 2661 politicos.
1711 2627 1787 2658 quae

1091 2665 1189 2696 lectio
1203 2665 1306 2695 Attici
1321 2663 1497 2701 indicabat,
1514 2672 1589 2693 eum
1605 2661 1650 2692 rei
1672 2661 1783 2702 politi-

1092 2717 1139 2737 cae
1151 2707 1331 2737 studiosum
1344 2717 1375 2735 e
1363 2714 1422 2735 s.se

1134 2751 1174 2780 84
1199 2750 1252 2778 vir
1275 2745 1501 2786 gravissimus]
1539 2745 1567 2775 Γ
1569 2745 1623 2776 dd
1654 2754 1703 2785 pr.
1731 2745 1785 2774 vir

1089 2791 1309 2828 gratissimus.
1325 2789 1465 2820 correxit
1486 2799 1503 2818 e
1526 2787 1605 2818 Mss.
1629 2785 1785 2827 Malaspia

1093 2842 1148 2864 na.
1165 2837 1263 2864 recte.
1267 2831 1362 2863 dixit
1378 2832 1469 2861 homo
1479 2833 1574 2869 grat.
1590 2839 1659 2861 non
1674 2830 1737 2860 vir.
