1940 3231
710 147 917 188 LIBER
942 147 1036 186 XII.
1505 153 1582 193 ¹743

133 250 225 295 illas
257 256 411 309 velim;
453 262 503 298 ut
534 254 715 312 possint,
745 253 957 294 advertas.
989 253 1031 282 42
1049 264 1132 307 ego
1164 251 1294 306 hujus
1326 252 1579 296 miserrimae

131 309 334 356 fatuitate
366 313 591 356 confectus
624 310 868 352 conflictor.
904 309 1011 350 nihil
1036 323 1243 363 umquam
1267 309 1405 350 simile
1429 321 1580 352 natum

129 379 262 424 puto:
295 373 365 413 cui
396 371 430 412 si
466 385 549 426 qua
584 383 626 409 re
658 368 881 408 consulere
914 366 1077 422 aliquid
1110 380 1302 421 possum,
1330 367 1460 421 cupio
1484 383 1509 407 a
1536 379 1578 409 te

131 426 376 470 admoneri.
402 429 525 469 video
547 425 726 467 eandem
751 439 841 466 esse
861 423 1178 475 difficultatem,
1202 438 1332 479 qnam
1355 424 1452 464 43in
1475 439 1579 465 con-

128 483 224 525 silio
246 486 388 527 dando
411 494 533 525 ante:
568 493 711 523 tamen
736 482 818 523 hoc
842 497 910 523 Ine
934 482 1070 537 magis
1092 481 1314 532 sollicitat,
1333 495 1461 536 quam
1485 496 1578 522 om-

127 540 214 583 nia.
265 546 307 574 44
322 543 371 583 In
399 540 602 597 pensione
637 540 824 581 secunda
845 540 952 581 caeci
977 539 1152 580 fuimus.
1174 542 1214 569 45
1230 539 1361 579 alium
1387 537 1574 580 mallem.
1590 553 1620 583 b.

130 599 202 639 sed
238 599 460 656 praeteriit.
497 607 538 639 te
565 613 656 648 oro,
691 598 731 628 46
746 606 794 638 ut
826 597 869 638 in
905 596 1083 653 perditis
1106 597 1249 647 rebus,
1273 597 1307 636 si
1331 596 1435 652 quid
1459 596 1575 652 cogi,

127 657 285 697 confici
306 665 462 713 potest,
485 657 601 711 quod
626 656 681 696 sit
703 655 747 695 in
773 664 881 706 tuto,
895 669 949 695 ex
970 664 1167 709 argentm,
1183 668 1325 709 neque
1345 654 1447 694 satis
1467 654 1576 694 mul-

126 721 170 754 ta
192 727 246 753 ex
270 713 547 769 supellectile,
568 713 640 754 des
656 727 847 769 operam.
865 712 959 766 jam
976 712 1093 751 enim
1113 712 1220 752 mihi
1237 711 1407 753 videtur
1428 711 1577 752 adesse

123 779 382 821 extremum,
406 786 486 812 nec
524 771 610 812 ulla
643 769 733 811 fore
767 771 962 811 conditio
997 769 1131 825 pacis,
1154 783 1304 824 eaque,
1327 784 1425 824 quae
1460 779 1576 821 sunt,

121 827 252 868 etiam
273 829 364 869 sine
387 829 630 869 adversario
656 828 859 884 peritura.
883 827 979 868 haec
1002 828 1149 877 etiam,
1165 828 1197 868 si
1223 827 1454 878 videbitur,
1474 842 1574 868 cum

119 883 323 927 Terentia
346 886 521 942 loquare
541 896 770 943 oportune.
794 899 880 926 non
903 899 1015 942 queo
1038 885 1186 926 omnia
1209 885 1411 926 scribere.
1453 884 1574 926 Vale.

122 954 185 983 111
211 943 329 985 Non.
355 944 511 991 Quint.

117 1052 210 1093 liam,
228 1057 392 1098 deponere
412 1063 655 1089 testamentum
676 1057 762 1098 apud
779 1056 823 1087 εἶί-

121 1109 203 1132 σιςον
218 1099 398 1132 hominem.

160 1144 202 1173 42
225 1152 283 1181 ego
311 1143 410 1185 liujus
441 1142 636 1174 miserrimc?
652 1141 823 1182 fatuitate

119 1194 148 1214 c.
167 1185 210 1224 6.]
238 1185 409 1217 Fucuitate
424 1186 570 1216 Graevius
586 1195 642 1225 per
657 1186 825 1223 conjectu-

119 1235 190 1256 ram
209 1227 272 1267 legi
297 1229 438 1259 volebat.
455 1238 516 1268 ego
532 1229 578 1258 sic
594 1228 732 1263 correxi,
749 1229 825 1267 quia

118 1269 169 1298 ed.
186 1269 339 1302 Romana
352 1271 465 1302 habet.
511 1270 574 1300 Sed
586 1278 617 1300 et
633 1271 826 1301 miserrime

118 1310 211 1341 dedi:
238 1322 313 1343 nam
338 1314 384 1343 sic
407 1313 446 1344 de
468 1312 581 1343 Tullia
596 1312 679 1342 solet
703 1313 823 1349 dicere,

116 1358 150 1383 et
166 1359 247 1384 sunt
262 1356 399 1396 vestigia
412 1356 480 1397 ejus
496 1355 531 1385 in
547 1355 598 1386 ed.
618 1354 658 1385 R.
676 1356 821 1386 miserri-

119 1405 165 1425 mz
180 1407 230 1427 ea.

156 1441 197 1469 43
221 1440 255 1469 in
272 1440 401 1470 consilio
417 1439 539 1479 dando]
566 1439 618 1469 Sic
634 1449 710 1470 cum
729 1440 821 1470 Grae-

117 1480 172 1510 vio
188 1481 288 1518 edidi,
304 1492 363 1522 pro
378 1482 470 1513 dam.

156 1526 199 1554 44
224 1524 267 1554 In
287 1525 442 1564 pensione
471 1524 615 1555 secunda
644 1535 670 1555 c.
691 1523 746 1563 f.]
782 1525 822 1555 In

868 1060 944 1087 rant
959 1055 1157 1092 Dolabellae,
1174 1060 1274 1096 atque
1297 1056 1345 1086 ita
1360 1055 1572 1096 perdiderant

866 1099 1110 1138 imprudenter.

909 1144 949 1172 45
973 1143 1080 1172 alium
1104 1140 1254 1180 mallem]
1285 1141 1371 1170 Sunt
1394 1141 1449 1179 qui
1474 1142 1577 1172 corri-

868 1189 949 1222 gant
973 1184 1077 1214 aliud.
1101 1183 1222 1223 placet.
1249 1192 1326 1212 nam
1346 1184 1453 1213 (ilium
1477 1193 1576 1223 quem

869 1226 1119 1266 intelligemus?

909 1269 951 1299 46
975 1273 1013 1299 ut
1034 1270 1070 1298 in
1092 1267 1233 1308 perditis
1258 1266 1367 1305 rebus]
1399 1267 1479 1298 Mss.
1505 1277 1575 1307 reg.

870 1311 942 1342 Par.
959 1316 996 1342 ut
1012 1311 1174 1350 impeditis
1190 1311 1297 1340 rebus.
1314 1310 1487 1349 vulgatum
1504 1320 1573 1340 me-

867 1353 930 1384 lius
945 1360 1008 1385 est.
1051 1354 1093 1383 ln
1119 1362 1205 1392 seqq.
1232 1352 1330 1382 iidem
1346 1364 1352 1381 τ
1378 1363 1419 1382 ez·
1435 1357 1574 1391 argento

868 1397 924 1426 tibi
939 1397 1022 1436 quod
1035 1398 1126 1431 satis,
1142 1397 1250 1426 multa
1267 1404 1308 1424 επ
1322 1404 1414 1434 supp.
1431 1395 1486 1425 sed
1510 1395 1574 1426 hoe

867 1449 933 1468 non
951 1439 1055 1478 magis
1071 1439 1192 1478 placet,
1207 1447 1304 1477 quam
1322 1438 1508 1477 vulgatum.
1534 1438 1575 1468 il·

866 1481 923 1511 lud
937 1491 1038 1520 neque
1051 1482 1130 1511 sutis
1145 1481 1252 1511 nuclea
1266 1479 1290 1509 si
1307 1480 1447 1518 abesset,
1461 1482 1575 1512 omnia

866 1524 968 1565 plana
982 1524 1105 1554 forent.

118 1567 276 1606 pensione
303 1568 447 1597 secunda
471 1567 570 1603 dotis,
600 1577 699 1606 quam
727 1567 823 1598 dede-

392 1733 477 1787 M.
518 1733 804 1787 TULLII
848 1732 1282 1788 CICERONIS

309 1837 1374 1908 EPISTOLARUM

838 1961 864 1986 D

583 2024 627 2070 A
657 2023 700 2070 T
729 2023 826 2070 TI
860 2022 901 2070 C
932 2022 982 2070 U
1018 2023 1091 2081 M,

672 2121 862 2164 LIBER
895 2121 1014 2164 XII.

628 2279 1036 2317 ARGUMENTUM.

105 2335 334 2372 Omittuntur
359 2335 438 2371 sine
466 2333 600 2369 litteris
626 2345 761 2369 menses
791 2345 864 2369 non
892 2334 1083 2381 pauciores
1109 2345 1195 2370 seoe:
1237 2346 1365 2383 nempe
1393 2347 1435 2372 ex
1467 2332 1556 2376 Kal.

155 2388 255 2437 Sept.
275 2390 314 2424 in
332 2388 459 2436 quibus
478 2387 611 2422 desinit
640 2386 730 2422 liber
754 2387 920 2434 proxime
947 2387 1126 2434 superior,
1147 2387 1196 2422 ad
1219 2399 1332 2435 usque
1350 2392 1489 2436 tempus
1508 2391 1554 2427 z'l-

156 2442 232 2483 lud,
254 2453 334 2477 cum
343 2438 426 2487 jam
447 2439 579 2475 bellum
606 2440 645 2475 in
675 2438 810 2488 Africa
839 2443 967 2474 contra
985 2436 1194 2487 Scipionem
1223 2444 1259 2475 et
1277 2440 1412 2477 Jubam
1435 2442 1555 2480 Caesar

152 2498 305 2542 gereret.
348 2493 446 2529 Nam
464 2505 487 2528 α
506 2492 598 2528 bello
614 2492 867 2527 Alexandrino
886 2496 921 2527 et
943 2492 1057 2527 Ponti
1075 2503 1251 2534 reversus,
1272 2493 1468 2542 consulque
1487 2508 1552 2532 111.

154 2558 235 2582 cum
253 2546 308 2582 M.
328 2546 489 2581 AEmiiz'o
503 2544 644 2593 Lepido
663 2549 818 2586 creatus,
838 2555 980 2580 summa
999 2545 1125 2586 hieme,
1140 2544 1207 2580 hoc
1220 2550 1286 2588 est,
1303 2557 1335 2581 11
1355 2546 1443 2584 Kal.
1462 2548 1551 2585 Jan.

154 2599 371 2641 conscendit,
391 2599 659 2645 exercitumque
676 2598 713 2633 ‘in
732 2596 903 2646 Africam
923 2595 1094 2642 trajecit:
1126 2610 1196 2645 quo
1216 2602 1375 2646 tempore
1393 2606 1553 2648 quatuor

146 2652 279 2700 primoe
295 2652 457 2699 epistoloe
472 2651 620 2698 scriptae
635 2652 732 2686 sunt.
781 2649 919 2690 Quinta
948 2654 983 2685 et
1004 2654 1107 2685 seoeta
1136 2651 1232 2686 datce
1262 2652 1445 2695 videntur,
1470 2666 1550 2690 cum

143 2702 228 2750 jam
249 2702 368 2740 Caesar
384 2704 440 2739 vel
459 2704 787 2751 appropinquaret,
805 2703 862 2738 vel
880 2703 1056 2739 rediisset.
1086 2702 1215 2739 Rediit
1232 2709 1355 2740 autem
1372 2718 1407 2739 a.
1429 2707 1462 2743 cl.
1485 2718 1548 2741 ΧΠ

152 2755 243 2793 Kal.
262 2754 362 2804 Sept.
381 2761 529 2793 auctore
547 2755 685 2792 Hirtio.
730 2754 909 2803 Reliquae,
929 2767 1009 2790 cum
1030 2756 1069 2791 in
1087 2756 1274 2804 Hispania
1293 2757 1420 2793 contra
1439 2758 1550 2794 Pom-

152 2810 227 2858 peii
254 2808 384 2844 liberos
411 2813 651 2857 pugnaretur,
679 2809 800 2844 eodem
834 2808 871 2844 C.
894 2808 1034 2844 Caesare
1050 2808 1251 2845 Dictatore
1276 2820 1341 2850 111,
1362 2811 1551 2858 designato

155 2873 237 2898 1111.
258 2861 397 2909 collega
414 2866 449 2897 et
468 2861 654 2908 Magistro
673 2861 744 2909 Eq.
763 2860 819 2897 M.
840 2860 1000 2896 AEmz'lio
1020 2860 1172 2910 Lepido,
1191 2873 1260 2909 quo
1281 2866 1440 2909 tempore
1463 2864 1554 2900 Tul-,

128 2909 203 2950 ”lia
227 2924 270 2950 ex
290 2918 418 2962 partu,
444 2918 487 2951 ut
505 2914 692 2952 Pedianus
720 2918 756 2949 et
773 2913 997 2951 Plutarchus
1016 2915 1133 2959 aiunt,
1154 2915 1253 2962 apud
1271 2913 1468 2954 Lentulum
1488 2918 1548 2954 de-

755 2970 780 3005 3
806 2978 833 3005 Β
856 2972 883 3008 4
