1940 3231
722 122 927 160 LIBER
965 122 1050 161 XV.
1541 129 1618 164 853-

177 237 458 279 cognoscam.
521 226 634 268 Haec
675 227 824 282 putavi
866 240 962 267 mea
1003 240 1133 267 manu
1177 225 1427 268 scribenda:
1474 228 1619 285 itaque

179 280 278 323 feci.
343 283 410 324 De
442 283 593 337 Fadio,
624 294 672 325 ut
703 283 884 325 scribis:
919 284 1067 339 utique
1099 283 1169 324 alii
1202 284 1379 324 nemini.
1412 287 1618 328 rescribas

177 339 302 381 velim
326 341 471 383 hodie.

604 397 840 440 CICERO
872 397 1100 440 ATTICO
1133 399 1177 440 S.
1629 404 1679 440 21

178 451 537 519 NARROtib13
562 467 618 514 Q.
642 477 764 523 pater
785 468 952 509 exultat
974 469 1141 510 laetitia.
1158 468 1331 525 scripsit
1351 468 1465 509 enim
1491 468 1629 522 filius,

178 535 223 562 se
258 522 420 564 idcirco
454 524 686 581 profugere
719 526 772 567 ad
808 526 992 568 Brutum
1028 526 1226 577 voluisse,
1260 526 1391 581 quod,
1414 540 1512 566 cuin
1538 527 1621 568 sibi

175 581 403 636 negotium
437 581 558 623 daret
589 583 823 635 Antonius,
855 586 894 617 37
910 595 958 625 ut
990 599 1089 625 eum
1123 584 1380 625 dictatorem
1415 583 1621 635 efficeret,

176 637 426 692 praesidium
451 643 699 696 occuparet,
722 642 763 682 id
787 651 1048 684 recusasset:
1081 656 1296 683 recusasse
1318 651 1462 682 autem
1486 656 1544 693 se,
1568 657 1621 684 nc

176 696 313 749 patris
342 695 535 738 animum
558 698 817 741 offenderet:
851 715 905 740 ex
931 714 982 740 eo
1005 700 1087 740 sibi
1111 699 1229 739 iilum
1266 700 1449 740 hostem.
1474 702 1513 730 33
1526 710 1622 740 tum*

176 765 261 803 me,
284 753 440 807 inquit,
463 755 634 812 collegi,
658 771 822 807 verens,
854 771 906 798 ne
928 757 1032 813 quid
1056 756 1160 797 mihi
1188 756 1258 797 ille
1280 757 1412 798 iratus
1438 756 1514 797 tibi
1541 773 1616 798 no-
1629 767 1660 797 Ρ·
1678 759 1750 788 242.

175 819 309 851 ceret.
333 811 478 867 itaque
499 828 599 855 eum
630 814 812 870 placavi.
841 817 936 855 39et
957 815 1129 870 quidem
1158 829 1277 856 cccc
1302 824 1433 865 certa,
1458 812 1660 870 1·eliqua³'

176 866 221 908 in
245 882 335 923 spe.
357 870 509 910 scribit
530 881 674 913 autem
699 872 878 922 Statius,
900 872 1020 913 illum
1042 888 1141 913 cuin
1174 882 1293 928 patre
1314 873 1511 913 habitare
1535 873 1621 914 vel·

175 923 230 965 le.
253 924 337 967 hoc
363 942 461 968 vero
485 929 667 971 mirum:
700 932 741 960 40
757 940 800 971 et
824 930 867 970 id
899 931 1074 985 gaudet.
1098 945 1275 985 ecquem
1302 941 1346 971 tu
1371 930 1443 970 illo
1465 931 1622 971 certio-

175 996 266 1024 rem
295 985 584 1029 nebulonem?
614 990 651 1017 41
668 991 787 1042 ἐποχὴν
813 998 995 1028 vestram
1023 988 1075 1028 de
1099 1003 1142 1027 re
1165 987 1275 1028 Cani
1300 988 1621 1029 deliberationis

176 1042 331 1096 probo.
354 1042 462 1084 nihil
495 1059 612 1085 eram
645 1047 888 1100 suspicatus
911 1046 963 1086 (le
988 1045 1168 1087 tabulis:
1200 1052 1356 1101 ἀκεραίως
1380 1046 1622 1086 restitutam

175 1099 431 1142 arbitrabar.
495 1102 607 1148 Quae
641 1102 803 1154 differs,
838 1112 886 1143 ut
921 1118 1092 1144 mecum
1132 1117 1294 1153 coram,
1340 1105 1622 1159 exspectabo.

175 1155 455 1209 Tabelhrrios,
478 1159 620 1214 quoad
644 1160 774 1212 voles,
795 1161 975 1201 tenebis.
1000 1175 1042 1201 es
1060 1160 1173 1201 enim
1195 1170 1447 1216 occupatus.
1492 1162 1623 1207 Quod

174 1217 217 1244 ⁴2
230 1215 282 1255 ad
328 1215 577 1267 Xenonem,
609 1218 759 1273 probe.
810 1220 850 1248 43
867 1219 997 1264 Quod
1041 1219 1199 1269 scribo,
1241 1232 1340 1258 cuni
1383 1218 1622 1259 absolvero.

177 1272 346 1318 Quinto
369 1274 594 1330 scripsisti,
615 1286 656 1316 te
679 1276 731 1317 ad
755 1290 852 1316 euin
878 1276 1067 1317 litteras:
1101 1290 1228 1317 nemo
1252 1275 1469 1316 attulerat.
1521 1275 1623 1326 Tiro

173 1331 415 1386 negatjam
439 1333 519 1373 tibi
545 1333 1030 1389 placereBrundisiuzii,
1061 1345 1103 1374 ct
1125 1334 1300 1389 quidem
1329 1333 1526 1375 &dicere
1547 1335 1624 1375 aii-

173 1388 279 1443 quid
303 1390 356 1430 de
378 1389 606 1432 militibus.
629 1401 673 1431 at
694 1406 777 1448 ego
804 1392 897 1447 J'ain
922 1392 1198 1442 destinaram,
1224 1391 1502 1447 Hydruntem
1525 1393 1622 1448 qui-

173 1446 288 1487 dem.
305 1448 541 1497 movebant
560 1463 629 1490 me
651 1451 690 1479 45
706 1460 792 1490 tuae
811 1450 1001 1504 quinque
1021 1449 1156 1490 irorae.
1177 1449 1304 1490 46l1ic
1325 1460 1466 1490 autem
1487 1466 1622 1505 quan-

175 1514 243 1545 tus
266 1511 381 1551 πλές.)
416 1506 488 1547 sed
512 1507 769 1548 videbimus.
815 1507 852 1548 ἶν’
865 1507 966 1548 ullas
990 1523 1014 1547 a
1037 1517 1078 1548 te
1103 1521 1155 1547 XI
1186 1506 1283 1547 Kal.
1306 1508 1493 1563 quippe:
1518 1508 1621 1563 quid

173 1562 288 1604 enim
316 1563 409 1619 jam
446 1563 576 1606 novi?
606 1579 706 1605 culn
742 1564 928 1620 primum
964 1565 1096 1621 igitur
1133 1566 1310 1621 poteris,
1346 1566 1505 1606 venies.
1539 1581 1621 1622 ego

173 1634 373 1677 propero,
398 1635 451 1661 ne
473 1631 573 1662 ante
593 1625 633 1656 47
649 1622 836 1675 Sextus,
868 1637 996 1678 quem
1019 1622 1252 1664 adventare
1277 1623 1414 1663 aiunt.

610 1728 847 1771 CiCERo
878 1728 1110 1772 ATTICO
1141 1731 1186 1772 s,

174 1784 530 1839 GRATULOR
565 1798 692 1839 nobis
728 1798 785 1844 Q.
809 1797 944 1839 filium
967 1798 1152 1840 exiisse:
1186 1797 1392 1839 molestus
1415 1813 1501 1839 non
1525 1799 1624 1840 erit.

171 1854 358 1896 Pansam
394 1856 501 1897 bene
533 1855 656 1911 loqui
686 1855 829 1898 credo.
864 1870 1033 1912 semper
1065 1857 1181 1897 enim
1209 1855 1495 1911 conjunctum
1531 1872 1624 1898 esse

1633 1718 1688 1754 22

920 2008 980 2035 cst.
1004 2004 1043 2035 de
1064 2014 1101 2034 re
1133 2004 1214 2034 Cam*
1235 2007 1297 2040 est,
1314 2003 1352 2033 de
1369 2003 1493 2043 nuptiis
1509 2004 1550 2044 Ω.
1565 2004 1625 2036 filii

920 2057 995 2077 cum
1013 2047 1096 2078 Cani
1119 2047 1201 2083 filia,
1217 2046 1256 2077 de
1267 2056 1330 2085 qua
1345 2056 1378 2077 re
1393 2056 1492 2086 supra
1507 2049 1557 2085 13,
1570 2050 1623 2078 31.

213 2009 254 2040 37
263 2009 301 2036 ut
313 2015 387 2036 eum
400 2004 593 2035 dictatore-m
602 2003 757 2045 efficeret]
773 2004 876 2035 Nem-

171 2060 213 2091 pe
228 2048 521 2090 pei-*legemnsicut
537 2047 702 2086 quondam
719 2047 811 2078 Sulla
827 2047 875 2077 di-

171 2098 283 2125 ctator
305 2091 412 2122 factus
437 2090 508 2129 lege
532 2089 676 2120 Valeria.
694 2091 727 2120 in
745 2101 809 2130 quo
825 2092 875 2120 in-

169 2133 390 2174 telligendum
418 2133 584 2174 Quintum
612 2133 786 2163 tribunum
810 2133 877 2174 ple-

171 2179 220 2210 bis
263 2178 412 2208 futurum
448 2176 546 2206 fuisse
576 2185 636 2215 per
667 2176 874 2206 Antonium:

163 2221 359 2262 proesz'dium
396 2218 632 2258 intelligendus
666 2217 757 2248 locus
787 2219 876 2249 urbis

170 2264 334 2299 munitus,
360 2266 396 2292 et
418 2260 635 2302 Capitolium,
659 2264 698 2291 ut
723 2261 757 2291 in
781 2266 875 2301 pote-

169 2312 257 2338 state
284 2306 419 2336 haberet
445 2304 573 2340 urbem,
596 2308 631 2334 et
653 2303 826 2334 defendere
841 2315 876 2335 se

167 2355 292 2391 posset,
308 2348 353 2378 ut'
361 2347 527 2387 quondam
547 2345 732 2377 Catilinarii
748 2353 874 2378 statue-

169 2397 248 2424 rant
260 2391 351 2422 urbis
365 2389 517 2431 praesidia
531 2399 700 2429 occupare.

214 2437 254 2467 38
278 2439 351 2466 tum
375 2443 438 2470 me,
455 2431 576 2472 inquit]
602 2433 689 2462 Sunt
702 2431 811 2463 Verba
831 2432 873 2473 Q.

170 2477 232 2509 filii
246 2489 287 2510 ex
301 2487 353 2518 ep.
369 2476 438 2515 ejus
454 2475 495 2506 ad
509 2478 648 2515 patrem.

213 2523 255 2555 39
278 2524 310 2551 et
323 2518 454 2559 quidem
478 2525 569 2549 cccc
594 2516 699 2557 certa]
726 2516 790 2549 Illa
804 2521 876 2548 arte

170 2566 206 2593 et
222 2561 336 2594 fraude
351 2561 474 2598 effecit,
488 2565 529 2592 ut
543 2565 638 2601 pater
651 2560 681 2592 ei
698 2569 788 2591 cccc
805 2560 874 2591 HS.

170 2605 249 2636 dare
280 2604 510 2636 constituerit:
547 2606 646 2643 atque
671 2603 774 2635 etiam
802 2603 875 2644 plus

169 2658 301 2689 sperare
315 2647 430 2687 possit.

214 2694 257 2722 40
279 2695 310 2721 et
322 2689 358 2719 id
369 2687 510 2729 gaudet]
535 2697 580 2718 se.
595 2693 702 2729 pater,
718 2689 773 2728 qui
790 2698 877 2728 aegre

170 2733 310 2771 tulerat,
323 2732 431 2763 filium
443 2730 586 2762 noluisse
598 2731 683 2762 ferre
693 2731 877 2772 Aquiliam,

173 2785 360 2808 novercam.

213 2822 251 2850 41
278 2816 390 2859 ἐποχὴν
411 2820 555 2847 vestram
579 2816 620 2847 de
641 2827 679 2848 re
696 2816 778 2848 Cani
799 2817 878 2847 deli-

169 2862 359 2902 berationis]
391 2859 425 2891 Si
447 2858 559 2900 ἔτοχὴν
580 2862 631 2890 est
658 2871 678 2890 a
704 2860 876 2896 Cicerone,

170 2904 412 2938 deliberationis
419 2902 458 2936 de
471 2902 579 2943 glossa
591 2902 672 2934 mibi
685 2906 876 2944 suspectum

921 2090 1045 2130 reliqua
1059 2090 1229 2130 pertinent
1241 2089 1282 2120 ad
1297 2088 1406 2119 dotem
1422 2091 1536 2126 Canae,
1551 2100 1625 2130 quae

921 2133 950 2163 ei
973 2143 1040 2163 non
1061 2132 1172 2163 soluta
1186 2137 1258 2162 erat
1281 2142 1300 2162 a
1317 2132 1436 2162 marito
1451 2133 1624 2173 superiori,

920 2174 975 2205 sed
998 2175 1104 2206 adhuc
1126 2175 1320 2211 debebatur,
1337 2184 1414 2204 cum
1437 2174 1553 2205 Cicero
1576 2186 1626 2206 re.

919 2219 1074 2249 stitutam
1091 2221 1252 2258 putasset.
1287 2216 1484 2248 Tunstallus
1500 2228 1532 2259 p.
1554 2221 1623 2252 1953.

920 2261 958 2291 de
973 2271 1009 2291 re
1025 2260 1107 2292 Cani
1122 2260 1259 2299 corrigit
1274 2260 1313 2291 de
1325 2260 1458 2299 regina,
1469 2270 1514 2291 sc.
1528 2261 1625 2291 Cleo-

919 2310 1028 2343 patra,
1043 2303 1083 2334 de
1097 2313 1162 2342 qua
1176 2312 1287 2343 supra.

959 2349 1001 2377 42
1024 2347 1071 2377 ad
1084 2345 1265 2385 Xenonem]
1292 2356 1322 2376 v.
1340 2344 1433 2382 XIV,
1452 2347 1503 2376 18.

960 2391 1000 2420 43
1024 2389 1124 2431 Quod
1137 2388 1254 2428 scribo]
1294 2388 1398 2428 Opus,
1426 2387 1557 2427 opinor,
1584 2388 1624 2420 de

918 2431 1045 2470 officiis,
1060 2432 1195 2462 mittam
1209 2431 1286 2468 tibi,
1302 2440 1379 2461 cum
1394 2429 1575 2463 absolvero,

960 2477 1001 2505 44
1024 2475 1130 2505 dicere
1143 2483 1176 2504 a.
1192 2474 1231 2504 de
1246 2472 1418 2513 militibus]
1436 2472 1501 2513 Qui
1515 2473 1623 2504 Brun—

918 2516 1040 2547 disium
1063 2517 1195 2547 venturi
1217 2515 1409 2547 viderentur
1429 2525 1448 2545 e
1469 2515 1624 2548 Macedo-

917 2560 985 2596 nia,
1001 2559 1087 2590 unde
1101 2569 1218 2599 parum
1234 2559 1279 2589 ibi
1294 2563 1387 2589 tutus
1402 2559 1517 2588 forem.

960 2605 1001 2633 45
1027 2607 1093 2632 tuoe
1103 2603 1244 2642 quinque
1260 2601 1359 2641 horoe]
1385 2599 1482 2641 Quod
1497 2600 1623 2632 dixeras

918 2645 1000 2675 mihi
1015 2644 1205 2684 aliquando,
1221 2644 1365 2683 quinque
1378 2643 1467 2674 horis
1482 2644 1517 2674 in
1534 2644 1625 2675 Grae-

920 2687 1006 2718 ciam
1024 2687 1171 2728 navigari
1185 2696 1290 2727 posse.

962 2730 1005 2761 46
1027 2731 1078 2760 hic
1103 2734 1217 2760 antem
1239 2740 1269 2770 q.
1294 2728 1344 2769 aa]
1370 2729 1456 2760 Puto
1478 2728 1626 2760 seriben-

921 2771 1002 2803 dum
1019 2773 1112 2803 hinc:
1136 2783 1174 2802 ex
1189 2782 1242 2810 eo,
1252 2782 1316 2812 quo
1331 2782 1421 2802 nunc
1435 2780 1523 2808 sum,
1538 2770 1624 2810 loco,

922 2815 949 2845 si
964 2816 1105 2847 transire
1121 2814 1253 2845 vellem.

962 2860 1003 2893 47
1028 2857 1162 2899 Sextus]
1189 2856 1362 2899 Pompeius
1380 2866 1418 2887 ex
1436 2856 1607 2898 Hispania.

851 2948 962 2985 313
