1940 3231
303 149 379 187 630
722 153 902 193 EPIST.
930 155 1009 192 AD
1035 155 1252 193 ATTICU
1264 155 1321 200 M,

305 269 403 296 cum
437 254 517 296 ista
547 256 749 298 mandata
779 258 966 300 dedisset
1004 260 1051 301 L.
1076 260 1254 310 Caesari,
1290 258 1440 301 debuit
1475 273 1566 299 esse
1599 258 1742 314 paullo

305 312 505 368 quietior,
527 312 626 354 dum
655 329 854 370 responsa
874 316 1143 358 referrentur.
1171 317 1327 358 dicitur
1350 327 1491 357 autem
1517 330 1628 356 nunc
1650 331 1741 358 esse

308 371 555 410 acerrimus.
615 370 842 413 Trebatius
878 374 1050 428 quidem
1083 375 1247 425 scribit,
1281 389 1324 415 se
1362 374 1415 414 ab
1450 373 1520 413 illo
1557 387 1609 415 ix
1648 373 1746 414 Kal.

309 425 435 468 Febr.
461 436 657 481 rogatum
682 443 787 479 esse,
807 439 853 469 ut
877 432 1080 471 scriberet
1102 432 1153 472 ad
1177 447 1259 481 me,
1279 441 1323 472 ut
1345 445 1477 471 essem
1502 430 1553 471 ad
1576 431 1746 471 urbem:

306 484 415 526 nihil
437 484 473 524 ci
499 499 567 524 me
590 485 752 540 gratius
777 485 914 527 facere
939 502 1075 542 posse.
1108 488 1200 529 haec
1217 489 1362 540 *verbis
1387 487 1594 544 plurimis.
1618 485 1744 527 intel-

307 541 393 581 lexi
420 556 472 581 ex
498 542 661 581 dierum
694 543 873 595 ratione,
894 555 942 585 ut
975 545 1156 600 primum
1181 546 1232 586 de
1254 546 1440 587 discessu
1475 555 1622 584 nostro
1646 543 1744 585 Cae-

310 613 378 640 sar
407 598 608 647 audisset,
642 598 832 640 laborare
864 614 962 642 eum
995 603 1195 656 coepisse,
1226 617 1278 643 ne
1310 617 1457 643 omnes
1488 603 1746 643 abessemus.

310 655 457 709 itaquo
481 669 562 695 non
587 655 755 705 dubito,
777 657 879 711 quin
903 658 955 699 ad
982 660 1198 709 Pisonem,
1220 659 1322 713 quin
1345 660 1397 700 ad
1421 660 1617 701 Servium
1647 657 1750 698 scri-

269 712 461 768 b·pserit.
486 711 583 752 illud
609 713 796 754 admiror
825 729 911 755 non
947 715 1087 771 ipsum
1121 717 1171 756 ad
1197 729 1265 756 me
1294 716 1526 771 scripsisse,
1555 730 1639 756 non
1673 718 1748 770 per

314 768 600 819 Dolabellam,
625 784 711 810 non
734 785 809 826 per
824 771 1013 813 Coellum
1029 773 1190 828 egisse:
1215 787 1473 827 quamquam
1498 788 1582 814 non
1605 784 1750 827 asper-

311 840 393 867 nor
413 825 605 866 Trebatii
637 827 814 879 litteras,
845 844 869 870 a
892 844 977 883 quo
1001 844 1069 870 me
1102 831 1227 870 unice
1261 829 1385 884 diligi
1419 829 1522 870 scio.
1551 828 1749 884 rescripsi

313 883 368 925 ad
398 882 665 935 Trebatium,
699 891 817 937 (nam
853 886 905 927 ad
944 886 1084 941 ipsum
1121 886 1352 937 Caesarem,
1389 887 1462 941 qui
1502 886 1607 927 mihi
1643 885 1748 926 nihil

315 940 570 995 scripsisset,
603 942 754 992 nolui‚)
777 957 903 997 quam
938 943 1041 985 illud
1075 943 1157 984 hoc
1191 952 1384 999 tempore
1416 952 1526 984 esset
1550 943 1747 984 difficile:

314 1011 385 1038 me
409 1009 550 1038 tamen
585 998 627 1038 in
661 1000 831 1054 praediis
854 1000 959 1041 meis
981 1015 1086 1051 esse,
1109 1015 1246 1055 neque
1268 1000 1478 1041 delectum
1510 1000 1656 1050 ullum,
1678 1014 1751 1039 ne-

314 1069 399 1109 que
419 1055 643 1110 negotium
668 1056 916 1112 suscepisse.
941 1058 983 1098 in
1007 1072 1092 1112 quo
1114 1059 1286 1113 quidem
1312 1060 1509 1109 manebo,
1530 1058 1631 1098 dum
1656 1070 1752 1112 spes

314 1111 435 1168 pacis
458 1112 565 1153 erit:
587 1113 650 1153 sin
675 1113 831 1155 bellum
856 1126 1052 1171 geretur3
1075 1130 1161 1156 non
1184 1116 1310 1156 deero
1333 1115 1493 1166 officio,
1513 1129 1591 1155 nec
1613 1113 1756 1170 digni-

315 1170 395 1211 tati
420 1184 541 1220 meae,
566 1184 718 1225 pueros
742 1174 949 1225 ὑπεκθέμενος
974 1173 1015 1214 in
1035 1173 1268 1215 Graeciam.
1291 1181 1422 1213 totam
1444 1173 1557 1213 enim
1583 1170 1753 1211 Italiam

316 1226 593 1282 flagraturam
631 1227 740 1269 bello
764 1227 972 1285 intelligo.
1004 1239 1171 1271 tantum
1201 1230 1300 1271 mali
1328 1229 1565 1270 excitatum
1598 1228 1754 1285 partim

315 1298 370 1324 ex
394 1284 617 1339 improbiS‚
641 1285 797 1340 partim
819 1300 873 1326 ex
897 1286 1053 1328 invidis
1076 1287 1259 1329 civibus.
1283 1287 1353 1327 sed
1380 1287 1471 1328 haec
1492 1286 1644 1342 >paucis
1666 1285 1756 1326 die-

316 1341 396 1381 bus
427 1342 468 1371 46
481 1355 536 1381 ex
567 1341 678 1383 illius
711 1342 763 1383 ad
796 1351 942 1385 nostra
972 1359 1175 1400 responsa
1205 1344 1418 1400 responsis
1447 1343 1757 1399 intelligentur,

316 1412 519 1453 quorsum
544 1413 722 1440 evasura
743 1399 844 1440 sint.
877 1409 967 1442 tum
993 1404 1046 1444 ad
1069 1411 1110 1442 te
1141 1402 1323 1443 scribam
1349 1401 1484 1458 plura,
1507 1402 1541 1442 si
1563 1401 1644 1442 erit
1667 1399 1756 1440 bel-

314 1456 431 1497 lum:
464 1456 529 1496 sin
548 1466 691 1498 autem
714 1456 845 1498 etiam
876 1457 1078 1510 induciae,
1102 1468 1144 1500 te
1176 1459 1331 1515 ipsum,
1354 1468 1402 1500 ut
1424 1473 1563 1515 spero,
1584 1457 1756 1499 videbo.

318 1511 415 1568 Ego
440 1527 540 1554 1111.
566 1513 683 1554 Non.
708 1513 834 1555 Febr.
856 1529 942 1569 quo
965 1516 1035 1557 die
1056 1516 1131 1557 has
1163 1516 1324 1558 litteras
1348 1516 1461 1566 dedi,
1487 1513 1540 1556 inv
1563 1513 1756 1557 Formia-

315 1584 388 1621 no,
427 1585 513 1625 quo
551 1570 702 1627 Capua
738 1571 961 1622 redieram,
1000 1573 1198 1614 mulieres
1237 1574 1568 1629 exspectabam:
1600 1572 1758 1627 quibus

315 1627 491 1682 quidem
526 1628 792 1684 scripseram,
817 1629 900 1670 tuis
934 1629 1085 1670 litteris
1119 1630 1378 1681 admonitus,
1401 1639 1448 1671 ut
1481 1629 1634 1670 Romae
1666 1643 1758 1668 ma-

316 1693 484 1725 nerent.
508 1685 579 1726 sed
603 1685 731 1726 audio
755 1685 961 1741 majorem
984 1688 1197 1742 quendam
1230 1688 1272 1728 in
1305 1688 1409 1728 urbe
1432 1688 1628 1728 timorem
1652 1699 1758 1726 esse.

320 1741 485 1797 Capuae
521 1742 637 1782 Non.
662 1742 788 1784 Febr.
816 1757 906 1784 esse
939 1744 1149 1795 volebam,
1172 1744 1273 1800 quia
1302 1744 1497 1786 consules
1524 1744 1757 1799 jusserant.

319 1799 527 1854 quidquid
553 1799 636 1841 huc
659 1801 739 1840 erit
761 1815 786 1841 a
809 1800 1018 1857 Pompeio
1035 1801 1226 1853 allatum,
1249 1802 1393 1843 statim
1416 1802 1466 1844 ad
1488 1811 1529 1842 te
1551 1801 1755 1842 scribam:

322 1865 501 1912 tuasque
524 1856 578 1898 de
598 1856 691 1898 istis
713 1858 839 1899 rebus
862 1858 1023 1901 litteras
1044 1860 1322 1917 exspectabo.

258 1936 308 1972 18
760 1948 995 1992 CICERO
1024 1949 1253 1993 ATTICO
1285 1951 1329 1992 s,

321 2003 596 2066 ›QUARTO
629 2021 746 2062 Non.
772 2022 896 2064 Febr.
919 2024 1116 2065 mulieres
1139 2033 1297 2066 nostrae
1321 2022 1514 2065 Formias
1538 2032 1758 2075 venerunt,

324 2088 482 2134 tuaque
515 2094 617 2135 erga
648 2094 690 2120 se
721 2080 879 2132 officia,
910 2081 1034 2137 plena
1059 2082 1120 2123 tui
1154 2082 1394 2124 suavissimi
1427 2080 1573 2131 studii,
1606 2080 1759 2122 attule-

324 2146 438 2177 runt.
460 2150 530 2176 eas
552 2151 649 2192 egO,
671 2138 812 2192 quoad
846 2138 1064 2190 sciremus,
1086 2148 1230 2180 utrum
1263 2139 1376 2195 turpi
1410 2153 1514 2194 pace
1543 2139 1682 2188 nobis,
1704 2152 1759 2178 an

325 2194 480 2234 misero
506 2194 616 2234 bello
637 2203 748 2235 esset
769 2195 991 2246 utendum,
1015 2197 1056 2236 in
1091 2196 1321 2238 Formiano
1343 2210 1433 2237 esse
1458 2195 1587 2246 volui,
1609 2205 1652 2235 ct
1673 2210 1759 2236 una

190 2243 572 2291 1³·¹1⁴·Cicer0nes.
616 2251 706 2307 ipse
741 2266 838 2293 cum
883 2251 1012 2294 fratre
1052 2252 1246 2309 Capuam
1289 2254 1341 2294 ad
1373 2253 1568 2294 consules
1598 2252 1765 2304 (Nonis

275 2298 306 2318 a.
323 2309 438 2349 enim
462 2308 732 2364 atlessejussi
757 2311 921 2360 sumus)
946 2325 1022 2352 111.
1053 2311 1169 2352 Non.
1192 2311 1409 2366 profectus
1433 2325 1540 2361 sum,
1563 2309 1759 2352 cum-has

322 2365 485 2406 litteras
507 2365 620 2406 dedi.
684 2365 907 2421 Responsa
930 2367 1128 2423 Pompeii
1162 2378 1284 2424 grata
1315 2368 1490 2423 populo,
1513 2375 1556 2408 et
1579 2367 1760 2423 probata

322 2423 521 2464 concioni
545 2437 635 2463 esse
657 2423 873 2464 dicuntur.
897 2424 957 2465 ita
979 2436 1189 2481 putaram.
1212 2441 1309 2480 quae
1332 2425 1503 2479 quidem
1530 2423 1599 2464 ille
1629 2424 1664 2463 si
1694 2437 1761 2464 re-

324 2479 526 2534 pudiarit,
555 2479 747 2534 jacebit:
779 2484 818 2514 47
834 2481 867 2521 si
907 2483 1149 2538 acceperit?
1196 2483 1351 2524 Utrum
1391 2482 1538 2537 igitur,
1575 2481 1758 2534 inquies,

322 2537 487 2578 mavis?
539 2537 854 2592 responderem,
897 2539 930 2579 si
973 2540 1335 2594 quemadmodum
1378 2538 1514 2594 parati
1555 2551 1757 2587 essemus,

326 2593 493 2635 scirem.
554 2592 767 2647 Cassium,
810 2604 901 2636 erat
943 2595 1013 2638 hic
1050 2597 1260 2649 auditum,
1298 2595 1526 2652 expulsum
1563 2594 1758 2645 Ancone,

280 2770 283 2771 .
363 2734 407 2765 46
420 2744 460 2764 ex
482 2734 573 2764 illins
595 2735 642 2765 ud
661 2739 775 2773 nostra
795 2745 946 2776 responsu
967 2748 1019 2768 re·
1061 2737 1177 2768 formae
1190 2740 1224 2768 et
1240 2736 1303 2768 alia
1317 2735 1466 2775 exempla
1479 2740 1568 2766 sunt.

320 2776 455 2816 sponsis]
480 2776 558 2806 Non
582 2776 689 2817 placet
714 2778 796 2808 idem
818 2779 952 2809 verbum
973 2780 1019 2810 sic
1102 2783 1142 2813 47
1157 2780 1184 2809 .ςί
1199 2778 1371 2819 acceperit]
1399 2779 1460 2809 int.
1484 2789 1546 2818 pax
1561 2778 1666 2817 turpis
1680 2785 1758 2807 con-

321 2819 371 2848 bis
395 2819 550 2859 positum.
596 2819 701 2850 Credo
715 2823 865 2860 responsa
880 2830 948 2852 esse
963 2821 1019 2851 de·
1060 2829 1224 2861 sequetur,
1249 2826 1308 2851 aut
1331 2821 1436 2854 simile
1458 2820 1532 2859 quid
1559 2820 1648 2857 mali,
1671 2818 1757 2858 quod

321 2859 467 2892 lendum.
490 2871 565 2892 mox
587 2862 639 2891 sin
653 2865 764 2892 autem
779 2862 850 2893 dedi
873 2873 931 2902 pro
946 2864 974 2894 si
986 2873 1018 2893 a.
1061 2864 1139 2895 mali
1157 2864 1275 2895 ominis
1291 2873 1386 2894 causa
1402 2862 1509 2893 noluit
1524 2863 1714 2903 exprimere.

322 2912 361 2932 ex
375 2903 448 2936 edd.
472 2913 524 2944 pr.
544 2908 584 2935 ut
603 2908 637 2934 et
652 2903 798 2935 Graevius
821 2905 923 2937 dedit.
948 2907 1020 2946 ejus
