1940 3231
661 108 849 149 EPIST.
866 108 945 148 AD
971 109 1247 148 BRUTUM.
1604 117 1681 153 949

233 213 487 271 praeclarum
531 223 611 257 est.
674 214 806 256 14Sed
847 213 946 255 haec
979 221 1021 254 te
1053 213 1168 254 malo
1211 214 1266 256 ab
1300 212 1409 255 aliis.
1446 229 1513 256 me
1550 215 1679 258 velim

233 273 288 313 tle
312 273 394 313 tuis
417 274 559 324 rebus,
585 271 861 327 consiliisque
892 270 1026 312 facias
1057 271 1389 327 diligentissime
1420 274 1677 316 certiorem:

230 329 424 385 illudque
455 330 714 380 consideres,
737 343 791 370 ne
825 339 899 370 tua
928 328 1163 370 liberalitas
1193 328 1443 370 dissolutior
1468 331 1678 372 videatur.

231 384 306 427 Sic
338 388 468 428 sentit
500 399 686 437 senatus,
716 386 779 428 sic
811 385 997 443 populus
1030 386 1269 437 Romanus,
1302 386 1440 427 nullos
1474 402 1678 443 umquam

228 440 378 485 hostes
401 445 619 501 digniores
642 443 761 485 omni
787 444 1001 501 supplicio
1025 444 1172 496 fuisse,
1193 459 1321 500 quam
1347 458 1421 484 eos
1452 444 1583 496 cives,
1605 446 1678 501 qui

228 499 317 543 hoc
340 502 451 543 bello
473 511 626 542 contra
648 501 832 557 patriam
854 516 975 543 arma
1001 512 1234 558 ceperunt:
1267 517 1376 558 quos
1398 502 1572 557 quidem
1596 517 1679 558 ego

229 560 434 600 omnibus
466 559 690 600 sententiis
722 558 920 613 ulciscor,
954 570 998 601 et
1031 573 1276 616 perse-quor,
1310 560 1514 601 omnibus
1556 560 1679 602 bonis

224 616 591 672 ³approbantibus.
651 615 717 658 Tu
739 617 844 672 quid
876 618 929 658 de
959 617 1041 659 hac
1063 632 1107 658 re
1129 617 1303 669 sentiam,
1330 617 1392 658 tui
1416 617 1576 674 judicii
1600 627 1679 659 est.

231 672 329 730 Ego
363 673 425 715 sic
459 675 613 726 sentio,
649 674 779 716 trium
815 674 997 716 fratrum
1034 690 1163 716 unam
1195 683 1239 716 et
1260 676 1438 716 eandem
1463 689 1556 716 esse
1578 691 1681 717 cau-

228 743 337 772 sam.
399 731 610 773 Consules
641 732 767 785 duos,
799 733 939 773 bonos
960 732 1151 788 quidem,
1175 733 1247 774 sed
1279 733 1495 774 duntaxat
1530 735 1681 784 bonos,

227 788 469 830 amisimus.
531 789 704 831 Hirtius
732 790 908 846 quidem
942 791 985 831 in
1024 791 1118 847 ipsa
1155 791 1337 832 victoria
1370 790 1546 842 occidit,
1580 806 1680 832 cum

226 847 379 902 paucis
403 847 555 888 diebus
578 862 739 904 magno
762 847 921 905 proel'ro
943 857 1044 889 ante
1070 848 1256 889 vicisset.
1309 847 1423 889 Nam
1449 848 1590 891 Pansa.
1614 849 1681 889 fu-

229 915 367 960 gerat,
402 905 650 946 vulneribus
695 904 901 962 acceptis,
934 921 1032 962 quae
1072 905 1182 947 ferre
1219 920 1306 947 non
1342 907 1499 962 potuit.
1564 906 1681 948 Reli—

227 964 351 1017 quias
381 962 571 1004 hostium
604 963 766 1004 Brutus
799 965 1085 1019 persequitur,
1109 973 1152 1004 et
1184 963 1346 1005 Caesar.
1412 963 1574 1005 Hostes
1605 979 1681 1006 au-

226 1030 315 1060 tem
357 1035 506 1061 omnes
537 1020 742 1076 judicati,
776 1022 850 1077 qui
886 1021 954 1062 M.
978 1022 1161 1062 Antonii
1197 1032 1358 1062 sectam
1395 1023 1531 1064 secuti
1566 1031 1681 1063 sunt.

228 1075 385 1133 Itaque
407 1079 450 1119 id
473 1087 646 1119 senatus
669 1078 914 1120 consultum
951 1079 1143 1135 plerique
1174 1079 1526 1134 interpretantur,
1548 1081 1681 1121 etiam

225 1136 280 1176 ad
309 1146 420 1187 tuos,
444 1137 534 1177 sive
555 1136 768 1192 captivos,
791 1137 882 1178 sive
913 1136 1142 1178 dediticios
1177 1137 1403 1193 pertinere.
1466 1136 1679 1193 Equidem

226 1193 338 1234 'nihil
361 1194 539 1235 disserui
562 1194 726 1245 durius,
747 1209 847 1236 cum
871 1194 1130 1237 nominatim
1155 1194 1208 1235 de
1232 1193 1283 1236 C.
1307 1193 1503 1235 Antonio
1535 1195 1681 1237 decer—

224 1263 390 1302 nerem,
413 1251 528 1307 quod
553 1252 614 1292 ita
638 1261 887 1303 statueram,
911 1267 936 1294 a
967 1262 1009 1294 te
1035 1254 1071 1283 ¹5
1083 1266 1348 1310 cognoscere
1379 1267 1552 1294 causam
1585 1253 1678 1309 ejus

227 1318 425 1350 senatum
451 1319 665 1368 oportere.
692 1325 722 1351 x
750 1309 935 1351 Kalend.
959 1310 1119 1352 Maias.

746 1401 857 1439 ARG
863 1401 1155 1439 UMENTUM.
1225 1423 1228 1427 ·
1688 1413 1716 1448 4

224 1463 433 1516 Respondet
457 1467 638 1515 superiori
672 1467 847 1514 epistolae,
877 1471 911 1502 et
938 1467 1249 1516 reprehensionem
1276 1469 1398 1504 nimiae
1427 1468 1463 1503 in
1494 1467 1533 1504 C.
1558 1468 1677 1503 Anto-

278 1522 377 1556 nium
399 1521 596 1556 clementia-2
615 1519 737 1555 diluit.
794 1519 936 1562 Monet,
956 1532 1000 1555 ne
1017 1521 1139 1556 nimiis
1158 1520 1351 1556 honoribus
1382 1522 1584 1556 Octaviano
1613 1522 1684 1556 tri-

276 1573 425 1609 buendis
452 1573 591 1608 malam
618 1572 820 1620 exemplum
848 1573 1057 1614 inducatur,
1078 1584 1148 1619 quo
1175 1574 1355 1620 regnandi
1384 1574 1507 1620 cupidi
1526 1573 1682 1609 abutan-

277 1631 350 1668 tur,
371 1630 482 1673 atque
501 1625 576 1660 illis
595 1626 649 1661 ita
678 1626 857 1672 regnandi
886 1626 1026 1661 occasio
1055 1625 1173 1668 detur,
1194 1627 1291 1674 quod
1317 1638 1354 1662 se
1383 1626 1606 1662 vehementer
1634 1627 1680 1662 tt-

274 1690 372 1715 mere
389 1678 560 1715 ostendit·

616 1745 860 1788 BRUTUS
894 1745 1206 1790 CICERONI
1239 1748 1284 1790 S.

226 1801 501 1865 QUANTA
533 1813 612 1856 sim
645 1814 799 1856 laetitia
829 1814 1027 1868 affectus,
1058 1817 1249 1873 cognitis
1281 1816 1408 1857 rebus
1442 1815 1567 1858 Bruti
1600 1831 1679 1857 no-

225 1874 318 1923 stri,
341 1883 384 1914 et
417 1872 660 1924 consulum,
697 1872 866 1914 facilius
903 1884 970 1915 est
999 1874 1078 1915 tibi
1114 1875 1379 1925 existimare,
1403 1889 1532 1930 quarn
1568 1874 1812 1919 1nihip.275.

223 1931 428 1972 scribere.
490 1930 602 1972 Cum
638 1929 721 1972 alia
756 1930 899 1983 laudo,
922 1941 966 1972 et
999 1932 1169 1988 gaudeo
1201 1932 1424 1984 accidisse,
1448 1943 1536 1972 tum
1562 1931 1721 1987 quoda·

225 1987 352 2030 Bruti
375 1989 546 2045 eruptio
569 2003 656 2029 non
681 1988 818 2029 solum
843 1989 925 2045 ipsi
960 1990 1160 2032 salutaris
1194 1990 1293 2041 fuit,
1316 1990 1389 2030 sed
1422 1989 1552 2031 etiam
1590 2004 1682 2031 ma-

223 2046 346 2088 ximo
380 2047 433 2088 ad
470 2046 696 2088 victoriam
730 2046 1000 2102 adjumento.
1063 2048 1195 2095 Quod
1229 2048 1398 2099 scribis,
1432 2048 1559 2089 trium
1588 2047 1682 2089 An-

224 2105 444 2146 toniorum
469 2119 598 2145 unam
623 2113 752 2160 atque
774 2105 955 2146 eandem
979 2120 1154 2147 causam
1184 2120 1303 2148 esse:
1336 2105 1440 2162 quid
1470 2120 1553 2161 ego
1586 2120 1683 2146 sen·

222 2162 345 2214 tiam,
388 2162 472 2203 mei
501 2162 661 2218 judicii
702 2176 822 2203 esse:
866 2172 1010 2205 statuo
1050 2163 1173 2215 nihil,
1216 2163 1297 2204 nisi
1341 2163 1451 2205 hoc:
1496 2163 1681 2204 Senatus

223 2229 300 2261 aut
334 2220 483 2277 populi
521 2219 709 2261 Romani
737 2220 956 2275 judicium
995 2236 1087 2262 esse
1114 2222 1168 2263 de
1202 2221 1252 2262 iis
1286 2221 1470 2273 civibus,
1493 2221 1566 2277 qui
1602 2235 1683 2277 pu-

220 2287 407 2333 gnantes
441 2293 530 2319 non
567 2278 823 2319 interierint.
885 2278 947 2320 At
984 2278 1069 2320 hoc
1106 2279 1265 2335 ipsum,
1303 2279 1486 2334 inquies,
1531 2278 1681 2333 inique

222 2334 346 2387 facis,
383 2336 457 2391 qui
498 2335 668 2377 hostilis
709 2336 842 2377 animi
881 2336 924 2377 in
965 2337 1280 2393 rempublicam
1315 2337 1529 2388 homines,
1563 2336 1681 2377 cives

223 2393 429 2450 appelles.
492 2393 634 2435 Immo
660 2393 919 2449 justissime.
983 2395 1115 2442 Quod
1147 2395 1263 2436 enim
1291 2394 1483 2436 nondum
1508 2403 1682 2435 senatus

219 2453 405 2503 censuit,
427 2466 522 2493 >nec
556 2451 742 2508 populus
778 2451 1004 2494 Romanus
1038 2452 1188 2507 jussit,
1222 2452 1264 2494 id
1303 2461 1556 2509 arroganter
1593 2466 1682 2493 non

221 2509 481 2565 praejudico,
513 2523 653 2565 neque
684 2524 842 2551 revoco
875 2510 929 2551 ad
967 2510 1196 2554 arbitrium
1228 2525 1388 2552 meum.
1451 2509 1563 2551 Illud
1587 2510 1684 2566 qui-

221 2565 320 2608 dem
345 2582 432 2608 non
468 2576 607 2619 muto,
630 2567 746 2623 quod
782 2568 837 2619 ei,
862 2582 992 2624 quem
1027 2582 1098 2611 me
1127 2567 1327 2610 occidere
1361 2582 1427 2611 res
1461 2582 1549 2609 non
1580 2567 1684 2614 co'e-

224 2624 306 2680 git,
350 2639 489 2681 neque
532 2625 764 2667 crudeliter
806 2625 1043 2683 quidquam
1094 2626 1249 2685 eripui,
1292 2640 1433 2682 neque
1474 2624 1682 2666 dissolute

218 2682 460 2738 quidquam
495 2682 666 2726 remisi:
700 2682 920 2740 habuique
955 2683 998 2725 in
1031 2698 1130 2725 mea
1162 2693 1394 2741 potestate,
1418 2683 1563 2739 quoad
1590 2682 1681 2723 bel-

268 2816 308 2844 14
330 2812 398 2845 Sed
413 2814 479 2844 hoec
493 2819 524 2845 te
539 2816 627 2846 malo
641 2815 683 2846 ab
703 2814 794 2855 aliis]
820 2814 926 2846 Omisi
1018 2818 1056 2847 15
1074 2825 1263 2856 cognoscere
1277 2812 1617 2854 causam-oportere]
1634 2823 1680 2845 sc.

221 2857 353 2894 audire,
376 2857 463 2896 quod
489 2858 522 2888 in
547 2858 613 2888 fine
637 2857 764 2888 addunt
787 2858 929 2899 vulgati.
973 2863 1066 2899 ante,
1080 2869 1178 2900 quam
1187 2859 1353 2901 judicaret
1370 2869 1407 2889 ac
1423 2857 1627 2889 decerneret.

221 2899 316 2935 abest
328 2898 380 2931 ed.
395 2899 493 2931 Rom.
510 2901 597 2931 Vict-
611 2906 647 2931 οἵ
664 2901 744 2932 Μεε.
761 2901 864 2933 Paria
883 2949 909 2985 3
983 2949 1009 2986 3

934 2957 960 2986 Ρ
