1940 3231
341 161 418 201 872
760 158 943 196 EPIST.
970 158 1047 196 AD
1073 157 1360 201 ATTICUM,

777 262 1009 305 CICERO
1040 261 1267 304 ATTICO
1299 261 1344 302 S.

346 318 555 372 NONIS
575 330 722 386 accepi
756 345 781 371 a
812 341 853 370 te
876 331 979 371 (luas
1010 330 1236 386 epistolas:
1268 341 1446 383 quarum
1475 325 1649 368 alteram
1674 323 1772 366 Kal.

345 388 535 438 dederas,
558 387 730 428 alter-nn
768 388 916 442 piQidie
950 388 1080 442 igitur
1114 401 1229 441 prius
1263 387 1314 426 ad
1345 385 1621 440 superiorem.
1681 382 1775 423 No-

347 455 480 486 strum
501 459 608 499 opus¹
632 445 709 484 tibi
735 427 904 498 piobari
927 443 1076 484 laetor:
1109 457 1162 483 ex
1185 458 1270 497 quo
1291 446 1331 476 75
1345 447 1423 486 van
1453 442 1545 497 ipsa
1578 439 1773 504 posuisti,

346 516 444 557 quae
478 502 582 542 mihi
618 501 836 542 florentio:
841 516 864 540 a
891 510 989 540 sunt
1026 501 1114 539 xisa
1146 510 1220 540 tuo
1248 500 1432 554 judicio.
1463 499 1624 539 cerulas
1659 496 1776 537 enim

348 569 442 600 tuas
465 557 708 598 ininiatulas
740 557 828 597 illas
861 557 1212 598 extimescebam.
1273 556 1340 597 De
1377 557 1475 597 Sica
1494 556 1608 596 75ita
1628 563 1706 604 est,
1729 560 1778 592 ut

349 616 514 657 scribis.
547 624 611 654 ast
645 628 758 668 aegre
791 627 859 653 me
893 616 1026 654 tenui.
1065 614 1208 668 itaque
1241 614 1525 669 perstringam
1565 613 1654 653 sine
1688 609 1774 650 ulla

349 672 610 713 contumelia
632 671 743 712 Sicae
766 680 839 711 aut
858 671 1078 726 Septimiae
1099 687 1108 711 ε
1143 680 1323 720 tantum,
1345 679 1392 710 ut
1411 671 1546 711 sciant
1567 671 1681 714 παῖδες
1696 673 1778 710 παί-

349 732 407 769 δων
430 731 469 762 77
484 729 573 768 sine
595 728 688 769 sillo
714 727 965 777 Lucilliano,
987 741 1082 768 eum
1106 741 1158 767 ex
1192 726 1242 767 C.
1268 727 1388 767 Facili
1411 727 1498 767 fitia
1526 726 1681 767 liberos
1703 725 1780 766 ha-

351 785 507 826 buisse.
538 796 666 840 atque
690 785 852 825 utinam
874 799 970 825 eum
995 784 1104 825 diem
1131 784 1311 834 videam,
1336 798 1432 824 cum
1457 784 1538 824 ista
1559 784 1696 825 oratio
1719 784 1780 823 ita

349 843 482 883 libere
513 854 705 898 vagetur,
726 852 772 882 ut
801 843 928 882 etiam
954 842 997 881 in
1032 841 1142 881 Sica·
1165 842 1340 881 domum
1363 841 1570 881 introeat!
1602 840 1673 881 sed
1705 839 1778 881 illo

350 909 544 954 tempore
565 914 673 955 opus
703 910 782 948 est,
804 902 843 931 73
862 899 978 952 quod
1009 898 1092 938 fuit
1115 897 1194 938 illis
1226 898 1473 938 triumviris.
1505 897 1675 948 moriar,
1697 897 1779 938 nisi

351 957 503 998 facete.
538 968 581 998 tu
608 970 705 997 v·elo
728 955 842 1011 leges
865 956 1015 1005 Sexto,
1039 955 1446 1010 ejusqnejudieium
1472 955 1577 995 mihi
1602 954 1781 1010 perscri-

352 1014 441 1054 bes,
472 1016 511 1059 213
535 1018 601 1066 ἐμοὶ
619 1033 738 1068 paveam.
800 1012 948 1053 Caleni
973 1014 1276 1062 interventtmni
1299 1022 1341 1053 et
1365 1011 1565 1053 Calvenae
1593 1012 1779 1053 cavebis.

322 1071 483 1116 »Quod
511 1070 678 1120 vereris,
700 1073 740 1104 ’⁴9
754 1084 806 1109 ne
827 1072 1017 1122 ‹ibono-5505·
1051 1069 1154 1109 mihi
1183 1072 1258 1110 tu?
1289 1069 1384 1124 quis
1419 1070 1588 1110 minus?
1626 1069 1709 1119 cui,
1732 1078 1781 1110 ut

352 1127 630 1182 Aristophani
671 1126 920 1167 Archilochi
957 1127 1148 1181 jambuS,
1198 1127 1259 1167 sic
1307 1126 1491 1182 epistola
1531 1101 1782 1181 longissima

351 1199 533 1240 qnaeque
577 1185 744 1239 optima
788 1184 968 1224 videtur.
1031 1183 1158 1230 Quod
1203 1197 1270 1224 me
1312 1184 1544 1224 admones:
1595 1195 1637 1222 tu
1680 1197 1781 1226 vero

350 1242 519 1283 etiamsi
543 1241 903 1295 deprehenderes,
940 1255 1023 1281 non
1068 1241 1196 1281 modo
1235 1240 1360 1281 facile
1399 1251 1580 1296 paterer,
1617 1240 1689 1280 sed
1719 1249 1784 1281 et-

351 1300 437 1340 iam
479 1298 667 1339 laetarer:
716 1298 879 1352 quippe
913 1312 1009 1337 cuin
1043 1297 1086 1337 in
1128 1298 1455 1353 reprehensione
1494 1308 1559 1338 est
1600 1297 1785 1353 pruden-

352 1357 414 1397 tia
443 1371 541 1397 cuin
571 1360 719 1408 εὐμενειᾳ.
755 1355 814 1394 ita
844 1354 1028 1395 libenter
1064 1369 1114 1395 ea
1147 1355 1375 1410 corrigam,
1406 1370 1503 1410 quae
1543 1370 1569 1395 a
1612 1364 1654 1396 te
1692 1356 1784 1395 ani-

350 1413 576 1454 madversa
607 1424 719 1462 sunt,
753 1411 937 1452 ssoeodem
956 1413 1070 1468 jure,
1101 1426 1178 1466 qno
1221 1410 1442 1453 Rubriano
1474 1412 1632 1468 potius,
1653 1426 1783 1467 quam

352 1485 430 1525 quo
474 1468 699 1524 Scipionis.-
749 1479 792 1509 et
830 1469 934 1510 eide
974 1469 1171 1510 laudibus
1216 1468 1453 1510 Dolabellae
1495 1470 1666 1510 dex-uam
1711 1483 1786 1510 cu·-

351 1526 554 1567 mulum„
582 1535 770 1567 attamen
816 1534 880 1567 est
927 1526 1009 1567 isto
1055 1526 1149 1567 loco
1192 1526 1316 1576 bella,
1359 1536 1407 1567 ut
1457 1526 1561 1567 mihi
1601 1526 1783 1576 videtur,

351 1588 499 1643 εἰςωνεία,
531 1583 646 1641 quod
684 1597 781 1629 eum
820 1591 882 1623 ter
920 1593 1070 1625 contra
1112 1583 1228 1624 cives
1265 1583 1308 1623 in
1352 1584 1458 1625 acie.
1506 1583 1609 1625 illud
1651 1584 1781 1625 etiam

394 1733 434 1764 75
458 1730 534 1764 ἄνθη
556 1731 642 1770 ipsa]
679 1730 731 1761 Sic
756 1731 838 1760 bene
861 1741 877 1761 e
906 1730 1047 1762 lectione

354 1773 489 1810 vulgata
516 1778 593 1809 ante
619 1774 640 1803 i.
669 1773 748 1802 fecit
775 1773 964 1803 Lambinus.
1008 1774 1047 1803 In

355 1815 479 1852 codice,
497 1827 514 1845 e
530 1825 594 1855 quo
610 1815 660 1845 ed.
685 1815 780 1845 Rom.
796 1816 883 1850 faeta,
904 1822 967 1852 est,
984 1815 1047 1847 fuit

356 1861 455 1887 cmr‘ea
470 1859 549 1898 ipsa,
560 1868 597 1887 ex
609 1858 712 1893 ἄνθεα,
732 1857 828 1888 Forte
838 1865 888 1887 est
902 1858 1048 1890 clausula

356 1908 466 1929 versus
490 1905 562 1930 tum
590 1905 681 1937 nota,
709 1900 802 1930 ἄνθεα
824 1900 914 1929 αὐτά.
958 1901 1051 1931 Tun-

355 1941 474 1971 st'illus
498 1953 530 1982 ι).
552 1944 619 1972 153⁰.
642 1943 781 1979 conjecit
803 1943 884 1972 αὐτὰ
899 1944 973 1982 ipse.
997 1943 1053 1973 sed

356 1984 389 2021 ὴ,
390 1993 422 2012 St
437 1983 489 2014 hic
511 1985 534 2014 ᾗ
534 1985 655 2023 igeret.
700 1986 811 2015 Sermo
827 1989 964 2025 putatur
984 1994 1052 2015 esse

359 2025 405 2055 de
415 2025 436 2055 li
442 2026 498 2056 ¹)ro
522 2027 560 2056 de
581 2026 706 2064 Gloiio,
723 2037 818 2066 quern
842 2026 952 2068 paullo
975 2033 1052 2058 ante

357 2067 492 2098 miserat
509 2069 580 2098 Atti
585 2078 634 2098 eo,

398 2110 439 2143 76
460 2111 510 2141 zta
536 2114 593 2147 est,
620 2115 658 2141 ut
681 2111 806 2150 scribis]
846 2113 869 2142 i.
891 2121 920 2141 e.
947 2121 1054 2142 causae

358 2152 485 2182 idoneae
511 2158 601 2189 sunt,
625 2163 724 2191 quare
749 2153 779 2182 ei
805 2163 950 2192 parcam,
975 2154 1054 2184 dum

359 2196 545 2234 perstringo
560 2195 675 2232 alium,
692 2196 896 2225 Antonium:
922 2195 977 2226 sed
993 2196 1054 2225 nii-

360 2236 396 2265 hi
419 2235 548 2267 difficile
570 2237 643 2272 fuit,
661 2238 694 2267 in
717 2248 755 2268 eo
779 2237 859 2267 mihi
885 2237 1055 2268 moderari.

359 2276 484 2309 verum
509 2278 598 2315 huic,
613 2289 674 2318 oeg.
691 2290 740 2310 me
764 2280 867 2317 tenni,
883 2289 949 2310 uon
977 2289 1051 2310 con-

360 2320 455 2350 venit
462 2323 702 2361 perstringam,
714 2322 863 2354 futurum
878 2322 1056 2361 praeterito‚

363 2362 449 2401 quod
471 2364 606 2402 requirit
622 2364 814 2403 perstrinxi.
831 2363 960 2394 defendi
982 2369 1056 2404 pot-

361 2409 411 2435 est
439 2406 497 2442 sic,
526 2411 566 2436 ut
598 2406 632 2435 in
662 2407 764 2443 tenui,
794 2406 987 2446 respiciatur
1015 2406 1055 2437 ad

359 2452 471 2476 actum
499 2447 672 2484 scribendi,
703 2448 736 2478 iu
757 2449 985 2489 perstringam
1015 2448 1056 2480 ad

359 2489 537 2519 editionem
554 2490 724 2520 orationis.

402 2533 441 2564 77
465 2532 532 2560 sine
553 2533 624 2562 sillo
641 2531 843 2571 Lucilliano]
871 2531 952 2563 Silla
966 2536 1016 2561 est
1035 2543 1052 2562 e

359 2573 562 2603 correctione
575 2574 646 2604 Jac.
662 2574 1054 2613 Gronovii,·1uamserva-

359 2614 479 2651 vimus,
495 2616 570 2653 quia
592 2622 679 2646 certe
694 2616 756 2646 boc
780 2616 920 2655 intelligi
937 2620 1054 2656 potest.

360 2655 437 2687 edd.
462 2662 497 2686 ct
522 2657 603 2687 Mss.
628 2659 713 2687 vallo
738 2658 788 2688 vel
810 2660 890 2695 ullo,
916 2667 1056 2697 quorum

360 2703 514 2729 neutrum
540 2709 651 2729 verum
668 2703 716 2729 est
740 2706 797 2730 aut
813 2710 942 2731 sensum
966 2710 1055 2730 com-

359 2740 494 2771 modum
519 2739 628 2771 habet.
672 2742 788 2772 Bosius
802 2742 891 2773 dedit
905 2753 923 2771 e.
946 2743 1056 2780 conje-

360 2788 455 2813 ctura
471 2782 572 2823 ὕθλῳ,
588 2784 734 2814 Gra-rius
751 2784 895 2814 malebat
905 2786 984 2814 sale.
999 2783 1056 2814 sed

361 2825 393 2855 id
407 2825 510 2855 lenius
524 2833 586 2863 est,
602 2835 701 2865 quam
719 2835 766 2855 res
782 2826 939 2865 postulat.

404 2870 442 2899 78
467 2868 552 2907 qnod
564 2867 643 2907 suit
664 2868 730 2898 illis
753 2866 951 2906 triumviris]
977 2868 1056 2898 Fru-
1083 2872 1086 2875 '

361 2915 429 2941 stra
454 2918 487 2940 se
510 2909 543 2940 in
573 2910 603 2942 h.
627 2910 649 2941 1.
671 2910 863 2951 explieando
886 2914 1056 2941 torserunt

1091 1734 1296 1773 interpretes.
1333 1730 1511 1762 Triumviri
1527 1735 1600 1761 tum
1616 1730 1699 1761 nulli
1714 1731 1784 1762 fue-

1090 1781 1179 1811 rant,
1220 1774 1274 1813 qui
1303 1774 1432 1814 proprie
1466 1773 1665 1804 dicerentur.
1701 1783 1788 1804 unus

1090 1818 1178 1847 enim
1205 1820 1341 1847 tantum
1368 1816 1595 1846 triumviratus
1625 1816 1701 1852 fuit,
1730 1816 1786 1847 sed

1092 1864 1164 1898 post
1192 1858 1273 1888 illud
1302 1863 1445 1897 tenipuS‚
1469 1868 1532 1896 quo
1556 1858 1627 1888 haee
1647 1859 1787 1898 epistola

1095 1901 1214 1941 scripta
1237 1905 1296 1930 est.
1336 1900 1435 1931 Latet
1453 1899 1554 1939 igitur
1576 1901 1629 1930 hic
1651 1901 1785 1940 aliquid,

1096 1943 1180 1981 qnod
1196 1943 1236 1973 ad
1250 1941 1422 1982 epistolam
1439 1942 1541 1972 Attici
1556 1943 1712 1981 pertinet,
1729 1953 1790 1974 nee

1095 1986 1164 2016 sine
1186 1996 1224 2015 ea
1238 1985 1377 2024 intelligi
1398 1989 1527 2024 potest3
1551 1984 1678 2025 fuitque
1694 1987 1791 2026 jocus

1097 2028 1210 2063 Attici,
1233 2028 1287 2065 qui
1314 2028 1462 2058 Ciceroni
1486 2027 1622 2066 placuit,
1637 2032 1676 2057 ut
1700 2039 1718 2058 e
1741 2038 1791 2060 se-

1095 2069 1270 2108 quentibns
1295 2073 1405 2109 patet:
1445 2078 1521 2098 nam
1550 2069 1619 2106 illa,
1649 2071 1788 2108 moriar,

1095 2112 1157 2141 nisi
1160 2110 1287 2149 facete,
1304 2120 1369 2141 uon
1385 2111 1425 2141 ad
1441 2112 1632 2142 Ciceronem
1645 2113 1790 2152 pertine-

1097 2164 1130 2184 re
1160 2154 1322 2183 videntur.
1371 2153 1485 2192 itaque
1513 2155 1638 2193 optime
1667 2155 1788 2186 Manu-

1097 2196 1176 2232 tius,
1193 2197 1246 2234 qui
1271 2196 1311 2225 ab
1326 2195 1597 2235 interpretatione
1613 2196 1709 2236 hujus
1725 2197 1790 2231 loci

1099 2238 1269 2268 abstinuit.
1316 2237 1454 2267 Sex‘um
1494 2238 1652 2278 intelligit
1687 2240 1790 2270 Pedu-

1097 2290 1216 2316 caeum,
1234 2287 1272 2309 ut
1285 2289 1393 2319 supra.

1140 2326 1180 2357 79
1203 2332 1243 2351 πε
1257 2320 1341 2352 &Bam
1333 2320 1431 2362 axos]
1451 2322 1512 2352 int.
1526 2322 1662 2354 videaris
1677 2323 1711 2354 in
1725 2325 1795 2366 epi-

1099 2364 1184 2395 stola
1198 2368 1256 2394 tua
1273 2365 1332 2394 fuis
1336 2374 1380 2396 se.

1142 2409 1181 2437 80
1203 2407 1310 2437 eodem
1325 2406 1421 2447 jure,
1436 2416 1497 2446 quo
1518 2405 1693 2438 Rubrz’ana
1716 2408 1789 2448 &c.]

1100 2449 1248 2480 Pertinet
1277 2449 1338 2479 hoc
1365 2449 1405 2480 ad
1431 2448 1541 2479 locum
1571 2448 1737 2480 Ciceronis
1756 2451 1792 2481 in

1098 2491 1192 2522 Orat.
1217 2490 1301 2521 Phil.
1325 2491 1372 2528 11,
1392 2491 1439 2521 16.
1463 2491 1518 2520 ubi
1539 2492 1724 2530 scripserat,
1741 2503 1792 2523 eo-

1098 2533 1169 2563 dem
1186 2533 1321 2571 inquies,
1336 2543 1380 2564 sc.
1398 2534 1487 2572 jure,
1502 2542 1561 2571 quo
1575 2533 1611 2561 in
1634 2532 1794 2573 Scipionis

1096 2575 1266 2614 -ssroeclia
1287 2585 1333 2605 sc.
1359 2574 1528 2605 advolasti.
1551 2584 1609 2613 pro
1631 2585 1669 2605 eo
1686 2578 1793 2607 moni.

1096 2623 1151 2647 tus
1168 2618 1208 2647 ab
1230 2618 1342 2647 Attico
1368 2617 1497 2657 scripsit
1521 2615 1649 2654 deinde,
1673 2627 1735 2657 quo
1749 2619 1792 2652 L.

1098 2659 1219 2690 Rubrii
1234 2659 1365 2699 praedia.

1142 2705 1178 2732 81
1203 2702 1242 2732 de
1256 2702 1405 2731 laudibus
1418 2700 1610 2740 Dolabellae]
1636 2700 1743 2731 Locus
1757 2701 1792 2732 in

1097 2743 1210 2773 eadem
1226 2744 1374 2775 oratione
1386 2748 1436 2773 est
1450 2753 1478 2773 c.
1492 2746 1544 2775 50.
1557 2744 1708 2773 cumulus
1721 2743 1791 2774 lau-

1098 2786 1189 2821 dum,
1206 2795 1302 2824 quem
1324 2785 1549 2817 detracturum
1574 2794 1607 2816 se
1629 2785 1718 2821 dicit,
1733 2785 1793 2815 ho-

1098 2827 1148 2856 dic:
1164 2837 1230 2856 non
1244 2832 1293 2857 est
1310 2827 1342 2857 in
1358 2828 1526 2868 exemplis,
1539 2827 1696 2867 adeoque,
1711 2837 1792 2868 quas

1097 2869 1137 2900 lis
1152 2869 1264 2907 suerit,
1281 2870 1464 2910 ignoratur.
