1940 3231
326 152 402 186 534
749 147 926 185 EPIST.
955 147 1029 185 AD
1055 146 1340 190 ATTICUM,

328 253 516 294 ‹liatores
538 251 666 293 audio
691 266 882 308 pugnare
916 252 1109 293 mirifice.
1134 252 1166 293 si
1190 252 1330 293 locare
1354 250 1573 302 voluisses,
1595 251 1764 294 duobus

329 310 397 351 his
428 310 676 351 muneribus
708 309 942 350 liberasses.
1005 310 1088 350 Sed
1129 309 1222 350 haec
1254 308 1480 365 posterius.
1515 318 1560 349 tu
1593 308 1661 350 fac
1695 323 1766 350 ve-

334 367 450 409 nias:
483 376 526 408 et
548 367 600 407 de
622 366 819 416 librariis,
842 367 875 406 si
899 380 967 406 me
988 380 1119 417 amas,
1141 365 1385 421 diligenter.

764 447 999 490 CICERO
1030 447 1260 490 ATTICO
1292 448 1337 489 S.

336 507 460 560 AIN
486 519 558 558 tu?
590 531 641 556 an
666 530 734 556 me
757 515 980 557 existimas
1004 517 1058 556 ab
1082 515 1167 556 ullo
1199 515 1323 556 malle
1345 530 1439 556 mea
1460 515 1544 571 legi
1578 514 1772 570 probari-

337 590 434 630 que,
465 588 592 629 quam
630 588 654 613 a
698 573 765 614 te?
806 587 881 613 cur
921 572 1053 628 igitur
1097 572 1296 626 cuiquam
1330 573 1425 613 misi
1461 575 1605 628 prius?
1647 585 1772 626 urge-

337 634 413 673 bar
442 634 482 662 ‘¹8
496 631 550 670 ab
581 644 647 680 eo,
678 629 730 670 ad
762 643 889 684 quem
932 629 1043 679 misi,
1074 638 1117 669 et
1158 644 1244 669 non
1286 628 1495 670 habebam
1540 629 1775 684 exemplar.

336 688 467 744 quid?
519 687 649 727 etiam
691 687 871 739 (dudum
915 687 1029 727 enim
1072 686 1358 736 circumrodo,
1401 687 1516 740 quod
1565 687 1774 727 devoran-

338 753 440 786 (ium
490 745 572 793 est)
620 742 916 799 subturpicula
958 743 1064 784 mihi
1109 742 1335 784 videbatur
1385 756 1476 783 esse
1515 746 1555 778 49
1572 744 1772 796 παλινῳδία.

339 802 412 843 sed
448 801 615 841 valeant
657 809 786 850 recta,
826 814 939 849 vera,
977 799 1158 840 honesta
1190 799 1384 840 consilia.
1416 814 1502 840 non
1539 810 1604 840 est
1639 799 1776 840 credi-

340 858 441 909 bile,
463 873 560 913 quae
583 858 638 899 sit
660 856 839 913 perfidia
861 857 902 897 in
927 856 1018 897 istis
1052 856 1333 912 principibus,
1356 865 1404 896 ut
1434 856 1584 896 volunt
1605 871 1711 907 esse,
1733 866 1777 896 et

341 927 389 958 ut
411 922 567 965 essent,
591 915 624 955 si
647 915 877 970 quicquam
897 913 1106 954 haberent
1127 912 1242 953 fidei.
1276 926 1504 962 senseram,
1527 927 1690 963 noram,
1713 913 1779 953 in-

341 972 511 1022 duetus,
535 971 722 1023 relictus,
739 971 958 1027 projectus
982 971 1035 1011 ab
1059 971 1134 1022 iis;
1167 980 1309 1011 tamen
1332 969 1417 1010 hoc
1439 978 1531 1009 erat
1553 970 1594 1010 in
1618 970 1779 1019 animo,

343 1040 391 1072 ut
412 1044 509 1071 cum
538 1029 588 1069 iis
622 1030 664 1070 in
687 1028 907 1084 republica
937 1028 1239 1069 consentirem.
1264 1026 1393 1067 iidem
1425 1036 1560 1076 erant,
1582 1026 1654 1082 qui
1687 1026 1779 1067 fue-

341 1096 452 1128 rant.
476 1087 549 1127 vix
581 1085 826 1141 aliquando,
851 1096 892 1126 te
925 1095 1114 1134 auctore,
1138 1084 1311 1139 resipui.
1374 1082 1521 1134 Dices,
1544 1098 1594 1124 ea
1624 1094 1666 1124 te
1688 1094 1780 1124 mo-

343 1145 499 1195 nuisse,
519 1144 714 1193 suasisse,
732 1158 829 1198 quae
854 1142 1034 1183 facerem
1053 1159 1063 1194 3
1094 1155 1181 1182 non
1201 1141 1331 1182 etiam
1354 1150 1400 1181 ut
1423 1141 1666 1181 scriberem.
1697 1154 1780 1196 ego

343 1201 586 1244 mehercule
619 1200 725 1241 mihi
762 1200 1060 1241 necessitatem
1100 1198 1214 1239 volui
1249 1199 1469 1253 imponere
1502 1197 1629 1251 hujus
1652 1212 1780 1238 novae

345 1258 694 1313 conjunctionis3
725 1272 778 1298 ne
802 1272 888 1312 qua
919 1257 1023 1297 mihi
1055 1256 1202 1297 liceret
1232 1255 1319 1296 labi
1350 1255 1401 1296 ad
1428 1254 1536 1304 illos,
1558 1257 1598 1285 50
1615 1254 1687 1310 qui
1719 1265 1784 1294 et-

347 1315 433 1357 iam
455 1326 562 1365 tum,
583 1330 682 1356 cum
705 1315 893 1355 misereri
923 1314 1006 1354 inei
1031 1313 1205 1363 debent,
1226 1327 1312 1353 non
1344 1312 1546 1352 desinunt
1579 1311 1784 1352 invidere.

238 1382 269 1427 ρ’.
286 1386 336 1416 58.
350 1373 421 1414 sed
444 1382 587 1414 tamen
611 1371 770 1413 modici
802 1371 960 1412 fuimus
984 1373 1144 1417 ὑποθέσει,
1168 1378 1215 1410 ut
1237 1369 1402 1425 scripsi.
1434 1369 1590 1410 erimus
1613 1368 1786 1409 uberio-

303 1438 334 1459 a.
349 1445 428 1481 reS,
451 1430 484 1471 si
504 1439 548 1470 et
566 1429 635 1470 ille
656 1428 839 1470 libenter
858 1427 1058 1484 accipiet,
1073 1437 1117 1467 et
1139 1428 1183 1468 hi
1203 1427 1524 1481 subringentur,
1543 1426 1616 1482 qui
1642 1425 1782 1466 villam

349 1502 417 1528 me
450 1486 629 1528 moleste
667 1485 810 1527 ferunt
843 1485 1015 1535 habere,
1038 1499 1135 1539 quae
1171 1483 1316 1525 Catuli
1350 1485 1505 1534 fuerat,
1525 1486 1605 1523 5¹a
1637 1482 1786 1524 Vettio

346 1545 501 1586 emisse
540 1559 625 1584 non
663 1543 886 1599 cogitant3
928 1542 1003 1598 qui
1041 1542 1219 1583 domum
1251 1550 1411 1595 negant
1440 1539 1682 1596 oportuisse
1717 1553 1788 1580 me

349 1601 578 1652 aedificare,
601 1603 641 1631 52
655 1601 837 1641 vendere
861 1601 983 1640 aiunt
1004 1599 1261 1655 oportuisse.
1292 1597 1364 1638 sed
1388 1597 1491 1652 quid
1514 1597 1565 1637 ad
1591 1597 1701 1638 hoc?
1737 1596 1787 1645 si,

349 1660 507 1714 quibus
537 1657 760 1699 sententiis
796 1657 903 1707 dixi,
926 1658 1039 1712 quod
1064 1664 1107 1696 et
1139 1656 1222 1712 ipsi
1255 1654 1500 1711 probarent,
1522 1654 1657 1695 laetati
1689 1663 1790 1694 sunt

351 1725 511 1766 tamen,
530 1729 599 1756 me
619 1723 771 1756 contra
794 1713 991 1770 Pompeii
1015 1712 1281 1754 voluntatem
1300 1711 1489 1752 dixisse?
1520 1713 1560 1742 53
1576 1711 1694 1752 finis:
1716 1709 1789 1751 sed

351 1773 573 1828 quoniam,
607 1772 681 1828 qui
713 1771 821 1812 nihil
857 1780 1050 1826 possunt,
1080 1770 1108 1810 ii
1149 1784 1218 1811 me
1251 1768 1403 1809 nolunt
1431 1781 1598 1818 amare3
1640 1768 1791 1808 demus

353 1844 544 1886 operam,
576 1839 623 1870 ut
645 1829 788 1879 abiis,
818 1828 891 1883 qui
917 1836 1110 1883 possunt,
1140 1827 1386 1882 diligamur.
1448 1824 1606 1866 Dices:
1640 1824 1792 1865 vellem

348 1886 627 1943 jampridem.
660 1886 749 1927 scio
782 1896 824 1926 te
860 1885 1057 1935 voluisse,
1098 1887 1138 1915 54
1153 1893 1196 1925 et
1233 1897 1301 1923 me
1338 1882 1504 1923 asinum
1539 1896 1791 1937 germanum

356 1944 501 1985 fuisse.
533 1944 603 1984 sed
621 1943 716 1999 jam
753 1951 922 1999 teinpus
945 1952 1010 1983 est
1032 1956 1099 1983 me
1130 1941 1270 1998 ipsum
1293 1955 1318 1980 a
1345 1954 1415 1981 me
1448 1939 1597 1990 amari,
1619 1939 1792 1993 quando

296 461 322 496 5

796 2088 906 2118 Caesar
928 2086 1054 2117 intelli-

397 2092 438 2120 48
461 2089 503 2119 ab
525 2099 571 2126 eo,
587 2088 676 2128 adq.
700 2088 761 2128 m.]

357 2131 482 2171 gendus
497 2136 555 2161 aut
578 2131 764 2170 Pompeius,
781 2130 820 2160 de
835 2131 926 2167 cujus
951 2129 1055 2159 laudi-

1140 2088 1180 2116 52
1202 2086 1339 2116 vendere
1353 2085 1449 2116 aiunt
1463 2084 1653 2124 oportuisse]
1681 2093 1727 2115 sc.
1744 2083 1797 2114 vel

1098 2127 1267 2158 modestiae
1292 2137 1402 2164 causa,
1433 2137 1475 2157 ne
1502 2127 1670 2167 depressus
1697 2126 1796 2156 exilio

357 2174 417 2204 bus
432 2174 466 2203 iu
480 2183 519 2203 eo
533 2173 629 2210 libro,
645 2172 684 2203 de
699 2182 763 2212 quo
779 2182 887 2202 sermo
899 2178 962 2208 est,
979 2171 1011 2202 h.
1027 2181 1056 2201 e.

358 2216 397 2246 de
413 2215 586 2246 consulatu
602 2225 671 2245 suo.

399 2260 442 2292 49
464 2256 640 2297 παλινῳδία]
672 2255 879 2288 Retractatio
907 2255 1056 2292 laudum,

358 2309 438 2339 quas
463 2301 626 2331 tribuerat
654 2300 788 2335 Caesari,
818 2298 975 2338 Pompeio
999 2299 1056 2328 διο.

359 2352 440 2382 quos
452 2343 615 2383 principes
630 2351 706 2372 mox
722 2344 830 2371 vocat.

405 2387 444 2414 50
466 2385 522 2425 qui
546 2387 646 2415 etiam
670 2389 755 2420 tum,
777 2392 852 2413 cum
875 2392 918 2412 m.
939 2392 982 2413 m.
1006 2383 1058 2412 de-

361 2426 450 2466 bent]
476 2428 590 2457 Sermo
605 2431 654 2457 est
669 2426 708 2457 de
727 2430 877 2466 tempore
893 2425 1057 2463 praescnti.

361 2468 471 2507 itaque
486 2469 587 2499 etiam
609 2473 681 2499 tum
694 2473 743 2498 est
759 2477 818 2508 pro
841 2466 940 2497 etiam
957 2476 1058 2497 nunc.

362 2510 424 2541 nisi
456 2510 628 2549 legendum
660 2510 841 2540 etiamdum
867 2508 916 2538 vel
943 2510 1059 2539 etiam-

362 2561 457 2583 num.
492 2553 602 2583 Tacit.
624 2552 664 2583 A.
687 2552 752 2589 111,
776 2552 829 2583 61.
852 2556 965 2581 tamen
989 2555 1061 2582 tum

363 2595 463 2624 etiam
478 2595 579 2625 habet
594 2604 653 2634 pro
667 2595 860 2625 etiamnum.

407 2639 442 2667 51
469 2646 491 2666 α
508 2637 612 2666 Vettio
633 2646 685 2666 me
705 2636 830 2676 emisse]
856 2635 906 2666 Ab
926 2634 1061 2665 homine

363 2678 462 2718 longe
487 2689 538 2708 me
554 2678 719 2709 inferiori:
748 2679 802 2717 qui
818 2678 843 2707 si
860 2677 972 2708 villam
999 2678 1061 2708 Ca-

363 2721 427 2751 tuli
442 2721 561 2751 habere
576 2721 698 2760 potuit,
713 2729 773 2750 cur
792 2729 859 2750 non
871 2724 904 2749 et
919 2729 993 2757 ego,
1010 2724 1061 2749 et-

363 2763 389 2792 si
405 2763 505 2793 horno
521 2772 636 2799 novus,
649 2768 763 2793 tamen
776 2761 956 2792 consularis
969 2763 980 2792 ?
1001 2762 1062 2792 Ce-

363 2812 472 2835 terum
489 2815 510 2834 α
528 2805 635 2835 Vectio
650 2808 698 2834 est
714 2815 731 2834 e
748 2804 811 2834 Ms.
827 2803 942 2834 Paci-ni
956 2816 962 2832 :
987 2804 1060 2834 edd.

365 2856 414 2885 pr.
439 2856 506 2877 non
529 2847 666 2884 habent,
680 2855 753 2886 quae
776 2855 836 2876 nec
859 2845 981 2877 habent
1000 2855 1060 2877 me.

357 2890 476 2928 jtaque
493 2890 553 2920 hoc
569 2889 699 2929 quidem
716 2888 830 2919 delevi.

1100 2170 1274 2209 magnifice
1301 2169 1498 2207 habitarem,
1524 2169 1574 2199 vel
1599 2179 1640 2199 ne
1667 2174 1797 2198 sumtus

1101 2212 1328 2242 aedificationis
1350 2213 1482 2248 fierent,
1505 2212 1623 2250 quibus
1645 2220 1705 2250 ego
1729 2218 1797 2241 non

1098 2255 1292 2284 sufficerem.
1338 2254 1416 2284 Post
1435 2254 1520 2284 forte
1547 2252 1736 2294 legendum,
1758 2256 1800 2283 ut

1100 2296 1178 2328 alibi
1191 2300 1253 2333 est,
1269 2296 1325 2325 secl
1337 2297 1373 2326 id
1385 2306 1414 2336 q.
1432 2305 1464 2327 a.
1483 2298 1515 2327 Ιι.

1144 2342 1183 2369 53
1195 2339 1290 2379 finis.
1308 2339 1364 2368 sed
1375 2339 1543 2379 quoniam]
1573 2337 1626 2367 Sic
1640 2337 1690 2367 ed.
1703 2336 1796 2368 Jens.

1101 2381 1165 2411 Sed
1193 2390 1308 2411 omnes
1343 2382 1514 2420 proximae,
1542 2380 1642 2411 etiam
1672 2387 1744 2418 qu'ae
1779 2390 1799 2410 e

1100 2423 1303 2453 Sensoniana
1327 2423 1436 2453 duetae
1455 2427 1547 2459 sunt,
1563 2422 1800 2461 omisere-finis.

1103 2465 1189 2504 quod
1213 2470 1248 2495 et
1263 2465 1312 2495 ecl.
1334 2466 1431 2496 Rom.
1448 2465 1549 2495 abest.
1571 2475 1588 2494 e
1605 2464 1686 2494 Mss.
1707 2473 1800 2503 repo-

1103 2516 1197 2538 suere
1219 2507 1334 2537 Rosius
1361 2511 1394 2537 et
1418 2507 1496 2538 alii:
1531 2506 1678 2536 Graevius
1698 2507 1800 2545 conji-

1105 2549 1225 2580 ciebat.
1270 2548 1362 2580 Finis
1377 2551 1430 2586 sit,
1447 2550 1610 2589 quonium.
1627 2547 1802 2586 vulgatum

1104 2591 1201 2622 hodie
1216 2591 1333 2622 melius
1348 2597 1440 2632 puto.
1469 2589 1664 2622 Tunstallus
1678 2600 1708 2630 p.
1731 2592 1800 2620 ill.

1104 2635 1240 2673 corrigit
1261 2634 1351 2664 sinis.
1370 2638 1466 2674 putat
1481 2633 1631 2663 Atticum
1654 2631 1735 2671 fingi
1751 2631 1799 2661 di·

1104 2686 1177 2706 cere
1205 2686 1251 2712 se,
1283 2677 1388 2707 sinere
1415 2679 1449 2705 et
1479 2675 1574 2705 facile
1602 2675 1671 2714 pati
1703 2675 1798 2704 istam

1103 2718 1314 2759 optimatium
1330 2717 1589 2758 improbitatem.

1148 2763 1188 2791 54
1209 2764 1240 2790 ec
1256 2770 1307 2790 vme
1324 2762 1455 2791 asinum
1467 2758 1798 2800 germanum-fuisse]

1105 2802 1206 2832 Plane
1221 2803 1402 2841 stupidum,
1415 2802 1470 2841 qui
1494 2811 1559 2831 non
1575 2806 1609 2834 te
1631 2802 1799 2832 audierim.

1105 2845 1168 2875 Sed
1191 2844 1290 2875 lectio
1313 2849 1363 2875 est
1388 2855 1406 2875 e
1428 2845 1620 2884 conjectura
1640 2855 1658 2874 c
1675 2844 1802 2874 vitiosae

1105 2886 1264 2918 librorum
1279 2888 1449 2928 scripturae
1462 2886 1618 2927 vestigiis.
