1940 3231
656 117 862 164 LIBER
903 122 954 161 11.
1451 127 1474 161 9

469 225 727 269 MARCUS
761 227 817 274 Q.
850 224 1080 267 FRATRI
1112 225 1156 267 S.

88 284 159 342 Α.
184 292 239 337 D.
265 310 348 338 1111
375 295 491 336 Non.
513 295 616 338 Jun.
637 310 723 350 quo
746 295 815 336 die
839 294 1024 335 Romam
1046 294 1159 343 veni,
1176 293 1322 348 accepi
1340 301 1432 335 tuas
1453 293 1525 335 lit·

89 361 216 404 teras,
262 354 303 384 86
316 354 436 394 datas
478 353 724 394 Placentia:
777 352 931 393 deinde
964 351 1115 392 alteras
1149 351 1371 406 postridie,
1404 351 1524 397 datas

88 408 383 461 Blandenone,
405 425 502 450 cum
533 409 716 450 Caesaris
750 409 917 459 litteris,
942 408 1108 449 refertis
1130 408 1249 449 omni
1276 408 1437 459 officio,
1459 408 1524 448 di-

87 466 281 521 ligentia,
321 469 545 508 suavitate.
608 466 718 507 Sunt
753 468 833 508 ista
864 466 1038 521 quidem
1073 480 1244 522 magna,
1281 465 1347 506 vel
1379 465 1523 521 potius

87 525 293 565 maxima.
356 524 535 565 Habent
568 524 680 564 enim
721 525 804 564 xim
842 538 1040 569 macnam
1075 523 1127 564 ad
1144 500 1357 578 Ogloriam,
1396 532 1439 563 et
1470 521 1524 563 ad

88 595 300 622 summam
325 582 598 637 dignitatem.
639 581 720 622 Sed
746 581 851 622 mihi
875 568 1014 630 crede,
1037 595 1165 635 quem
1190 580 1316 631 nosti,
1339 579 1455 636 quod
1480 581 1522 620 in

89 638 182 678 istis
215 640 341 680 rebus
372 653 454 693 ego
484 638 653 694 plurimi
679 639 863 689 aestimo,
897 638 939 678 id
969 638 1062 692 jam
1099 638 1261 679 habeo:
1296 647 1337 677 te
1359 637 1525 678 scilicet

88 697 276 752 primum
302 705 388 736 tam
413 696 713 737 inservientem
737 695 957 736 communi
985 695 1215 750 dignitati:
1248 695 1402 736 deinde
1426 694 1524 736 Cae-

89 767 193 794 saus
227 763 395 793 tantum
431 753 473 793 in
514 767 581 793 me
620 767 833 794 amorem:
867 766 995 807 quem
1031 753 1231 792 omnibus
1261 751 1326 792 his
1349 752 1525 794 honori-

89 811 184 859 bus,
207 825 314 866 quos
337 825 405 850 me
427 826 452 850 ·ι
477 825 519 850 56
541 821 792 858 exspectare
816 809 920 861 vult,
942 819 1174 865 antepono.
1224 809 1399 851 Litterae
1424 824 1524 852 vero

86 868 181 923 ejus
216 883 299 908 una
321 868 432 908 datae
455 883 553 908 cum
585 868 683 918 tuis,
706 882 886 922 quarum
918 867 1088 907 initium
1121 876 1199 918 est,
1222 881 1349 921 quam
1381 867 1524 908 suavis

88 926 127 966 ei
152 935 249 966 tuus
278 925 485 965 adventus
509 924 652 976 fuerit,
674 934 718 965 et
741 925 979 966 recordatio
1012 925 1163 965 veteris
1188 925 1373 974 amoris;
1403 924 1525 966 dein-

89 983 157 1034 de,
187 998 230 1023 se
259 982 528 1032 effecturum,
554 994 600 1022 ut
622 997 703 1038 630
728 983 769 1022 in
793 982 934 1022 medio
958 981 1118 1033 dolore,
1141 997 1190 1022 ac
1212 981 1422 1023 desiderio
1445 982 1524 1033 tui,

89 1050 146 1092 te,
167 1055 265 1082 cum
291 1055 316 1080 a
336 1054 404 1080 me
431 1041 614 1089 01165565,
650 1039 921 1095 potissimum
945 1054 1090 1080 secum
1117 1053 1207 1079 esse
1236 1038 1426 1081 laetarer:
1460 1040 1526 1080 in-

89 1098 352 1140 credibiliter
385 1097 665 1138 delectar.unt
728 1097 873 1144 Quare
904 1096 1009 1137 facis
1045 1107 1089 1137 tu
1115 1096 1289 1152 quidem
1324 1096 1525 1148 fraterne,

89 1156 206 1212 quod
241 1170 309 1196 me
343 1155 541 1205 hortaris,
564 1154 636 1195 sed
669 1154 912 1196 mehercule
933 1164 1173 1195 currentem
1199 1168 1313 1195 nunc
1335 1154 1525 1209 quidem,

90 1223 138 1254 ut
160 1213 307 1254 omnia
335 1227 430 1253 ine-1
459 1212 633 1253 studia
625 1226 668 1252 in
697 1212 827 1253 istum
851 1226 984 1252 unum
1007 1211 1242 1253 conferam.
1306 1211 1399 1267 Ego
1422 1226 1524 1253 v·eio

89 1274 130 1304 87
144 1270 307 1312 ardenti
342 1270 515 1325 quidem
548 1269 690 1310 studio
714 1270 797 1310 hoc
826 1269 1006 1310 fortasse
1038 1270 1239 1334 efficiam,
1264 1270 1379 1325 quod
1409 1283 1526 1325 saepe

89 1328 465 1378 xmt0r1bus‚cum
501 1337 746 1391 properant,
779 1328 947 1368 evenit:
982 1337 1043 1378 ut,
1067 1327 1101 1368 si
1130 1327 1277 1377 serius,
1299 1342 1425 1382 quam
1450 1341 1528 1367 vo-

88 1385 275 1436 luerunt,
301 1384 412 1426 forte
443 1385 729 1436 surrexerint3
763 1385 1047 1440 properando,
1070 1385 1197 1426 etiam
1230 1384 1373 1435 citius,
1397 1399 1527 1449 quam

89 1443 125 1485 si
158 1444 211 1485 de
245 1443 378 1484 multa
412 1452 538 1483 nocte
573 1442 838 1498 tigilassenss
869 1443 1118 1497 perveniant
1154 1458 1239 1498 quo
1277 1442 1432 1483 velint:
1467 1441 1528 1482 sic

88 1515 187 1558 ego,
210 1501 412 1557 quoniam
437 1501 481 1540 in
505 1500 587 1541 isto
607 1499 781 1541 homine
803 1499 983 1541 colendo
1016 1511 1100 1540 tam
1125 1499 1356 1541 indormivi
1375 1499 1463 1550 diu,
1487 1508 1529 1539 te

91 1546 335 1600 mehercule
349 1572 464 1613 saepe
481 1558 714 1608 excitante,
734 1572 857 1598 cursu
874 1559 1088 1613 coriigam
1108 1557 1370 1606 tarditatem,
1384 1560 1423 1588 88
1437 1566 1529 1597 tum

90 1617 227 1672 equis,
250 1625 342 1656 tum
362 1629 461 1656 v·e10
482 1616 631 1670 (quoni
639 1630 707 1655 am
727 1615 876 1656 scribis
900 1615 992 1684 poe
996 1630 1054 1655 ia
1073 1616 1126 1656 ab
1145 1630 1195 1656 eo
1218 1625 1411 1656 nostrum
1431 1629 1530 1670 pro-

90 1674 201 1739 bari)
224 1673 444 1729 quadrigis
476 1672 674 1728 poeticis.
703 1673 831 1713 modo
850 1673 955 1713 miili
977 1673 1074 1714 date
1094 1672 1380 1721 Britanniam,
1400 1687 1527 1726 quam
1543 1687 1573 1717 P-
1589 1676 1660 1712 315--

90 1732 268 1788 pingam
292 1729 510 1771 coloribus
536 1731 633 1780 tuis,
658 1732 795 1785 penic:
788 1730 857 1771 ilo
883 1745 993 1771 meo.
1047 1731 1128 1771 Sed
1152 1731 1255 1786 quid
1279 1741 1390 1786 agos
1413 1730 1572 1785 quoda·

91 1789 198 1831 mihi
222 1797 406 1844 tempus,
430 1787 585 1828 Romae
613 1788 866 1844 praesertim.
899 1798 943 1828 ut
969 1788 1047 1828 iste
1072 1803 1138 1828 me
1160 1799 1299 1845 rogat,
1324 1803 1361 1827 m
1369 1788 1530 1838 anenti,

93 1862 279 1888 vacuum
302 1846 504 1887 ostendit
499 1859 571 1886 ir.
604 1845 675 1885 sed
705 1846 866 1886 videro.
901 1845 1081 1886 fortasse
1113 1846 1226 1886 enim
1255 1821 1321 1898 (iit
1345 1845 1412 1895 fit)
1437 1844 1531 1884 vin-

91 1914 161 1945 cet
195 1913 292 1945 tuus
326 1917 446 1944 amor
475 1917 623 1943 omnes
647 1903 829 1944 difficult
834 1912 937 1944 ates.
997 1903 1247 1944 Trebatium
1273 1903 1387 1959 quod
1410 1902 1461 1943 ad
1486 1917 1531 1942 se

91 1962 297 2012 miserim,
321 1960 517 2025 persalse,
537 1970 580 2001 et
604 1960 846 2001 humaniter
862 1961 991 2001 etiam
1018 1962 1174 2006 ·›1·atias
1197 1961 1302 2002 mihi
1327 1960 1433 2016 agit.
1455 1974 1531 2000 ne-

91 2030 168 2077 gat
185 2019 315 2069 enim,
335 2033 375 2058 in
398 2017 655 2059 tantaimult
647 2028 704 2059 ἐι·
713 2019 810 2059 dine
824 2033 939 2059 eoru·
933 2034 987 2069 11,
1008 2019 1081 2073 qui
1103 2034 1187 2059 una
1205 2029 1361 2069 essent,
1381 2033 1530 2072 quem-

90 2092 220 2132 quam
244 2051 390 2127 fui'sse,
412 2076 484 2131 qui
507 2076 799 2117 vadimonium
823 2077 1050 2133 concipere
1074 2087 1232 2132 posset.
1285 2076 1351 2117 M
1377 2075 1532 2118 Curtio

92 2135 251 2176 tribun
243 2143 360 2175 itum
385 2135 438 2174 ab
461 2148 512 2174 eo
535 2134 685 2189 petivi,
713 2138 832 2186 (nam
858 2121 1079 2175 Domitius
1111 2149 1154 2175 56
1175 2134 1355 2175 deiideri
1387 2143 1534 2189 putas-

93 2202 172 2243 set,
195 2192 229 2233 si
252 2200 362 2232 esset
390 2206 415 2232 a
447 2206 514 2232 me
537 2201 737 2247 rogatus:
771 2192 854 2233 hoc
878 2192 992 2232 enim
1015 2201 1079 2232 cst
1101 2192 1193 2247 ejus
1216 2192 1534 2247 quotidianum,

94 2264 138 2290 se
159 2264 214 2290 ne
238 2249 459 2290 tribunum
483 2248 669 2289 militum
690 2249 862 2304 quidem
888 2250 1053 2291 facere:
1077 2252 1208 2290 etiam
1228 2251 1269 2290 in
1296 2259 1443 2290 senatu
1468 2248 1534 2288 lu-

93 2308 151 2349 sit
173 2307 366 2363 Appium
400 2305 625 2362 collegam,
665 2316 892 2363 propterea
924 2307 1006 2347 isse
1036 2308 1088 2348 ad
1114 2307 1345 2357 Caesnrem,
1376 2318 1425 2347 ut
1457 2306 1534 2347 ali-

93 2380 222 2420 quem
259 2364 527 2405 tribunatum
564 2363 750 2405 auferret
766 2367 795 2414 :)
828 2365 898 2405 sed
934 2365 975 2405 in
1012 2365 1188 2406 alterum
1219 2379 1393 2405 annum.
1426 2363 1468 2404 id
1491 2372 1534 2404 et

96 2423 273 2465 Curtius
297 2422 357 2462 ita
384 2421 567 2463 volebat.
611 2420 692 2472 TU,
713 2423 1077 2477 quemadmodum
1103 2435 1143 2462 te
1167 2437 1312 2463 censes
1335 2431 1534 2478 oportere

94 2495 185 2521 esse
205 2480 246 2520 in
269 2479 487 2536 republica
506 2489 548 2520 et
570 2479 610 2519 in
633 2480 788 2520 nostris
812 2480 1051 2521 inimicitiis
1069 2497 1079 2531 3
1104 2481 1164 2520 ita
1181 2490 1224 2521 et
1242 2495 1348 2530 6556,
1367 2489 1408 2520 et
1428 2479 1534 2529 fore,

95 2537 287 2580 auricula
319 2537 469 2579 infima
497 2537 608 2578 scito
633 2536 888 2579 molliorem.
955 2537 1039 2578 Res
1064 2537 1277 2579 Romanae
1311 2552 1354 2578 56
1378 2538 1438 2578 516
1462 2536 1536 2577 ha-

1475 126 1498 161 «0

1504 126 1526 160 u!

138 2678 179 2709 86
201 2678 298 2710 datas
327 2678 518 2718 Placentia]
545 2679 597 2709 Sic
622 2678 707 2709 edidi
736 2689 796 2719 pro
839 2679 884 2709 sie
900 2679 980 2711 T'u‘ss.
998 2679 1062 2710 duo
1079 2680 1160 2711 Pau.
1183 2677 1280 2721 vulgo
1294 2690 1383 2711 nunc
1398 2684 1448 2710 est
1464 2679 1539 2710 ard.

95 2721 230 2761 vulgato
270 2721 471 2752 Placentioe:
511 2731 587 2752 nani
629 2732 706 2752 mox
733 2729 795 2758 est,
839 2733 868 2762 q.
886 2724 1010 2753 studio:
1034 2725 1224 2763 (resonasse
1237 2723 1392 2764 efficiam.

97 2764 332 2796 Blandenone.-
368 2769 402 2793 et
428 2764 473 2794 sie
503 2774 632 2804 semper
660 2765 793 2795 Cicero:
883 2768 922 2795 88
945 2770 1017 2796 mm
1045 2768 1144 2806 equis,
1172 2757 1252 2797 turn²
1271 2776 1343 2796 vero
1373 2764 1446 2804 &c.]
1480 2764 1543 2794 Pro

94 2813 133 2840 ut
147 2816 199 2845 ep.
213 2815 320 2845 super.
334 2806 485 2836 Arimino
499 2807 607 2837 datas.
841 2818 915 2837 vero
931 2808 1058 2839 1113551
1081 2809 1154 2839 edd.
1171 2809 1369 2838 vett.1⁴irLs.·
1393 2806 1473 2837 illud
1491 2817 1544 2836 ve-

139 2850 175 2882 87
201 2848 332 2878 ardenti
353 2849 459 2878 studio
488 2851 545 2880 hoc
558 2849 706 2890 jin-tasse
727 2848 797 2889 (ffi—
842 2859 914 2880 rum
931 2856 992 2881 est.
1017 2853 1095 2881 citis
1110 2851 1140 2881 h·
1136 2852 1184 2881 iic
1207 2850 1279 2880 loeo
1293 2860 1359 2880 non
1377 2850 1543 2897 convenit,

96 2890 196 2929 ciana]
223 2891 276 2921 Sic
289 2890 416 2925 edidere
428 2891 605 2929 Jenscnus,
621 2891 722 2923 Aldus
739 2895 796 2922 dcc.
840 2902 920 2932 μ’·ο]
925 2898 975 2923 ter
989 2904 1084 2933 sequ:
1082 2903 1126 2924 115
1141 2894 1279 2933 qums-ig
1281 2893 1312 2922 is
1320 2895 1394 2933 po?
1383 2893 1464 2923 eicis.
