1940 3231
369 158 449 192 850
785 150 964 188 EPIsT.
992 149 1070 187 AD
1096 146 1383 192 ATTICUM,

371 258 485 299 idem
509 255 588 297 tibi
611 254 745 297 videri
768 263 888 311 puto.
945 253 1094 296 Habes
1115 253 1169 294 ad
1191 252 1469 308 superiorem.
1491 265 1606 294 nunc
1627 253 1726 294 audi
1749 251 1802 296 ad

371 315 563 356 alteram.
622 312 686 354 Tu
712 327 811 354 vero
834 312 954 362 facis,
977 320 1024 352 ut
1045 309 1341 366 omnia,-quod
1363 309 1556 351 Serviliae
1582 324 1669 351 non
1690 310 1804 361 dees,

372 372 418 413 id
449 381 527 422 est,
555 370 707 412 Bruto.
769 369 838 410 De
869 369 1018 424 regina
1047 369 1214 423 gaudeo
1248 378 1290 408 te
1322 381 1410 408 non
1442 366 1660 418 laborare3
1691 376 1806 408 certe

374 429 506 470 etiam
537 430 571 458 13
583 428 661 468 tibi
696 426 882 482 probari.
943 424 1086 465 Erotis
1117 425 1302 465 rationes
1324 434 1368 464 et
1389 438 1443 465 ex
1465 423 1624 464 Tirone
1645 437 1809 479 cogno-

374 487 433 537 vi,
464 495 507 526 et
540 483 689 525 vocavi
720 483 878 538 ipsum.
938 481 1259 530 Gratissimum,
1281 481 1396 535 quod
1427 480 1656 537 polliceriS,
1683 480 1811 522 Cice-

375 543 467 584 roni
501 541 608 582 nihil
639 539 911 580 defuturum:
944 538 996 579 de
1017 553 1102 593 quo
1133 538 1347 578 mirabilia
1377 537 1592 589 Messala;
1623 538 1697 592 qui
1729 537 1819 578 La·-

329 599 522 648 b-nuvio,
559 596 725 637 rediens
762 596 816 637 ab
845 595 942 645 illis,
978 596 1094 636 venit
1128 595 1181 635 ad
1203 608 1296 636 me:
1328 604 1372 635 et
1402 594 1645 636 mehercule
1677 594 1812 650 ipsius

376 658 530 698 litterae
552 654 612 695 sic
634 662 678 694 et
695 655 899 708 φιλοςόςγως
922 661 965 692 et
984 655 1112 697 εὐπινῶς
1134 652 1322 707 scriptae,
1339 660 1387 692 ut
1409 666 1479 692 eas
1497 652 1562 692 vel
1585 652 1628 692 in
1646 650 1810 692 acroasi

377 714 557 755 audeam
598 711 763 766 legere:
796 723 884 764 quo
925 708 1064 764 magis
1105 708 1166 749 illi
1210 708 1517 763 indulgendum
1561 718 1682 764 puto.
1744 707 1813 749 De

378 769 605 811 Buciliano
638 767 838 808 Sextium
870 776 976 822 puto
1007 780 1094 806 non
1125 765 1304 806 moleste
1335 765 1457 805 ferre.
1519 765 1629 821 Ego,
1653 766 1686 806 si
1708 764 1813 807 Tiro

377 828 428 868 ad
455 841 536 874 me,
556 825 703 881 cogito
728 824 770 865 in
789 822 1096 864 Tusculanum.
1127 821 1194 863 Tu
1216 836 1332 874 vero,
1349 822 1558 878 quidquid
1579 823 1674 874 erit,
1696 822 1813 878 quod

376 899 446 926 me
469 884 576 924 scire
600 896 674 939 par
696 881 765 932 sit,
788 880 951 921 statim.

814 968 1050 1011 ClCERO
1080 967 1310 1010 Arrrco
1343 967 1389 1009 S.

380 1029 921 1083 SEPTIMODECIMO
955 1036 1053 1079 Kal.
1075 1037 1154 1078 etsi
1187 1036 1288 1077 satis
1312 1035 1488 1077 videbar
1514 1034 1732 1091 scripsisse
1761 1034 1817 1077 ad

378 1109 436 1150 te,
464 1097 613 1153 l4quid
645 1096 752 1137 mihi
783 1111 891 1151 opus
922 1103 1047 1146 esset,
1070 1104 1113 1134 et
1133 1094 1237 1150 quid
1261 1103 1303 1134 te
1324 1092 1465 1134 facere
1487 1092 1653 1144 vellem,
1676 1093 1711 1133 si
1734 1092 1816 1134 tibi

377 1156 655 1198 commodum
678 1162 812 1195 esset:
846 1162 1004 1204 tamen,
1027 1166 1125 1193 cum
1158 1150 1376 1206 profectus
1408 1164 1560 1202 essem,
1581 1159 1626 1191 et
1650 1149 1696 1191 in
1720 1148 1817 1191 lacu

378 1214 647 1270 navigarem,
667 1211 871 1252 Tironem
894 1209 1024 1250 statui
1047 1209 1099 1249 ad
1124 1218 1166 1249 te
1187 1223 1278 1250 esse
1301 1207 1576 1259 mittendum,
1597 1216 1647 1248 ut
1669 1207 1720 1247 iis
1744 1221 1820 1248 ne-

380 1271 526 1327 gotiis,
559 1285 656 1325 quae
690 1278 933 1324 agerentur,
967 1267 1214 1307 interesset:
1253 1274 1382 1321 atque
1415 1265 1547 1306 etiam
1580 1264 1731 1320 scripsi
1765 1263 1818 1305 ad

380 1328 668 1377 Dolabellam,
702 1340 785 1376 me,
815 1325 848 1366 si
882 1326 920 1365 ei
955 1324 1183 1373 videretur,
1209 1323 1318 1363 velle
1351 1322 1584 1378 proficisci,
1621 1321 1815 1378 petiique

379 1386 436 1427 ab
469 1400 519 1426 eo
560 1384 660 1425 ¹5de
693 1382 818 1423 mulis
855 1391 1041 1423 vecturae
1075 1380 1270 1422 itineris:
1306 1380 1397 1421 lGet
1427 1381 1472 1420 in
1503 1379 1578 1430 eis,
1614 1379 1822 1435 quoniam

381 1442 577 1499 intelligo
610 1452 651 1482 te
673 1440 1029 1481 distentissimum
1052 1452 1157 1488 esse,
1180 1452 1265 1492 qua
1294 1437 1346 1478 de
1372 1436 1631 1487 Buthrotiis,
1654 1451 1739 1491 qua
1762 1435 1816 1477 de

382 1500 536 1550 Bruto,
558 1499 681 1553 cujus
704 1498 834 1539 etiam
856 1497 1054 1538 ludorum
1086 1509 1275 1536 seorsum
1299 1509 1460 1545 curam,
1482 1494 1613 1535 etiam
1636 1492 1821 1535 admini-

383 1557 635 1598 strationem
669 1555 863 1610 suspicor
895 1569 949 1595 ex
988 1567 1147 1609 magna
1180 1561 1300 1608 parte
1333 1552 1385 1593 ad
1419 1561 1462 1592 te
1495 1551 1734 1607 pertinere;
1773 1558 1823 1592 ut

383 1629 487 1670 ergo
527 1614 569 1655 in
608 1612 821 1668 ejusmodi
862 1626 922 1662 re,
956 1610 1116 1651 tribues
1152 1609 1279 1651 nobis
1317 1608 1506 1664 paullum
1541 1622 1700 1664 operae.
1741 1621 1822 1649 nec

383 1674 498 1713 enim
521 1670 704 1712 multum
727 1684 836 1726 opus
858 1677 937 1710 est.
959 1667 1067 1708 mihi
1089 1681 1153 1708 res
1180 1667 1233 1707 ad
1264 1666 1442 1716 caedem,
1465 1674 1509 1707 et
1529 1680 1623 1706 eam
1645 1663 1822 1721 quidem

383 1729 686 1785 propinquam,
709 1735 901 1783 spectare
925 1725 1106 1766 videtur.
1137 1724 1255 1764 vides
1285 1723 1508 1775 homines;
1540 1722 1657 1764 vides
1688 1736 1821 1763 arma.

385 1800 557 1842 prorsus
579 1799 665 1825 non
688 1784 794 1826 mihi
818 1784 966 1825 videor
989 1796 1080 1823 esse
1103 1790 1235 1823 tutus.
1263 1781 1328 1821 sin
1361 1791 1406 1822 tu
1437 1779 1560 1821 aliter
1582 1779 1729 1831 sentis,
1751 1793 1824 1821 ve-

381 1843 459 1884 lim
496 1843 549 1884 ad
587 1856 656 1882 me
689 1842 865 1884 scribas.
900 1840 1019 1882 domi
1051 1838 1167 1880 enim
1200 1852 1387 1890 manere,
1417 1838 1452 1879 si
1484 1846 1600 1879 recte
1631 1850 1822 1894 possum,

384 1900 523 1943 multo
545 1899 673 1941 malo.

327 1985 378 2030 19

316 973 365 1011 18

822 1968 1057 2012 CICERO
1089 1968 1318 2010 ATTICO
1351 1968 1395 2009 S.

390 2031 708 2090 QUIDNAM
731 2048 810 2090 est,
832 2038 948 2094 quod
979 2036 1221 2079 audendum
1253 2036 1438 2093 amplius
1468 2035 1522 2077 de
1553 2033 1826 2076 Buthrotiis?

389 2099 426 2131 ¹7
438 2097 606 2139 stetisse
638 2096 753 2138 enim
788 2106 830 2137 te
864 2095 1022 2138 frustra
1053 2095 1220 2136 scribis.
1255 2097 1292 2125 18
1304 2093 1408 2149 quid
1440 2101 1585 2135 autem
1621 2106 1665 2134 se
1696 2090 1828 2133 refert

387 2247 507 2274 annus,
524 2247 686 2274 annuum,
703 2243 742 2268 ut
763 2237 876 2267 docuit
899 2236 1034 2276 Popma,
1050 2240 1084 2265 et

386 2287 438 2311 est
457 2281 536 2310 satis
560 2285 676 2310 notum
700 2279 904 2319 antiquariis.
927 2278 1086 2317 intelligi-

387 2327 445 2352 tur
461 2322 608 2362 pecunia,
623 2331 695 2361 quae
718 2322 751 2351 iu
775 2331 899 2352 annum
923 2320 1001 2351 data
1015 2325 1086 2350 emt

389 2365 540 2395 Ciceroni
566 2364 647 2394 filio.
693 2363 779 2394 Aliae
803 2363 875 2394 edd.
902 2362 1026 2393 habent
1051 2367 1086 2392 Δ.

388 2407 475 2445 quod
505 2406 621 2437 volunt
648 2405 733 2437 diem
762 2409 816 2437 30.
848 2405 982 2441 mensis,
1011 2405 1033 2434 i.
1056 2416 1086 2436 e.

389 2449 475 2479 diem
500 2448 687 2485 solutionis
704 2458 795 2479 more
819 2448 947 2485 Graeco,
963 2447 1087 2486 signifi-

390 2500 476 2522 care.
494 2490 525 2520 id
539 2497 588 2521 est
604 2491 727 2520 durius.

393 2574 413 2604 b
440 2535 474 2562 13
498 2533 554 2563 tihi
570 2532 722 2573 probari]
747 2531 843 2572 Quod
865 2532 932 2572 ipse
955 2540 1022 2561 non
1042 2532 1088 2562 la-

415 2584 483 2604 oro.

440 2619 476 2646 14
497 2617 578 2656 quid
599 2617 679 2646 mihi
702 2626 779 2655 opus
799 2616 893 2655 esset]
919 2615 947 2646 E
969 2617 1011 2646 sit
1026 2616 1088 2646 feci

390 2664 479 2694 esset,
509 2659 676 2688 latinitate
705 2658 912 2698 postulante:
949 2668 1023 2689 nam
1055 2666 1090 2688 et

392 2701 527 2731 videbar
540 2701 701 2739 scr-Ipsisse
712 2700 879 2740 praecedit,
894 2705 928 2731 et
942 2702 1090 2740 sequitur

392 2744 520 2780 vellem,
535 2747 622 2772 esset.

440 2788 476 2815 15
505 2786 544 2815 de
573 2785 672 2815 mulis
698 2788 838 2814 vecturoe
865 2783 918 2822 it.]
963 2783 1088 2823 Quibus

393 2827 474 2857 mihi
497 2827 538 2858 ad
560 2828 634 2863 iter,
655 2831 693 2856 ut
717 2826 838 2866 legato,
862 2835 943 2865 opus
965 2830 1027 2862 est,
1051 2832 1089 2856 ut

394 2878 448 2899 eos
479 2869 556 2899 mihi
593 2868 847 2910 suppeditandos
877 2867 1004 2908 publice
1033 2877 1089 2898 cu·

374 2924 376 2926 ’
395 2917 457 2940 ret.

1173 2235 1210 2265 16
1232 2238 1263 2265 et
1278 2235 1315 2264 in
1329 2236 1374 2265 eis
1389 2233 1464 2273 &c.]
1488 2238 1520 2264 ec
1542 2233 1672 2264 restitui
1693 2242 1733 2263 ex
1750 2231 1824 2262 edd.

1128 2287 1178 2318 pr.
1192 2287 1250 2317 pro
1262 2287 1325 2316 quo
1340 2277 1427 2307 male
1439 2277 1477 2306 P.
1486 2276 1660 2306 Manutius
1672 2274 1761 2306 dedit
1773 2279 1824 2307 ut,

1129 2319 1215 2359 quod
1230 2328 1343 2349 omnes
1366 2324 1550 2349 servarunt.
1564 2318 1635 2348 haec
1657 2326 1723 2347 non
1746 2326 1827 2356 pen-

1128 2362 1206 2392 dent
1222 2361 1262 2391 ab
1274 2362 1354 2400 petii
1364 2374 1379 2399 ‚-
1400 2360 1455 2391 sed
1471 2366 1521 2391 est
1543 2360 1619 2390 novi
1633 2358 1722 2399 quid,
1739 2358 1825 2397 quod

1131 2404 1170 2434 ad
1193 2404 1342 2434 Atticum
1365 2403 1522 2443 pertinet,
1549 2402 1605 2432 sed
1630 2411 1706 2432 cum
1730 2410 1826 2440 supe-

1130 2447 1208 2476 riori
1224 2448 1439 2485 eonjunctum
1454 2450 1522 2476 est:
1546 2449 1580 2474 et
1594 2443 1629 2474 in
1643 2443 1739 2474 malis
1761 2442 1827 2473 illis

1130 2488 1281 2519 curandis
1300 2488 1424 2518 tribues
1447 2487 1540 2518 nobis
1560 2485 1683 2524 aliquid
1705 2494 1826 2525 operae.

1131 2530 1194 2561 Sed
1215 2536 1250 2561 et
1271 2540 1330 2570 pro
1345 2531 1499 2570 quoniam
1521 2528 1696 2567 legendum
1710 2537 1827 2568 quam·

1131 2583 1240 2612 quam.
1255 2573 1325 2603 edd.
1341 2582 1390 2612 pr.
1405 2572 1528 2602 habent
1542 2580 1656 2610 quum.

1179 2618 1212 2648 17
1236 2616 1357 2644 stetisse
1383 2614 1427 2653 te]
1460 2614 1601 2644 Causam
1631 2612 1734 2652 egisse
1760 2610 1830 2641 Bu-

1131 2657 1344 2692 throtiorum,
1366 2656 1432 2685 sive
1457 2655 1565 2694 potius
1587 2659 1775 2695 expectasse
1796 2663 1828 2683 v,

1133 2710 1161 2729 c.
1180 2700 1212 2729 in
1229 2698 1350 2728 aedibus
1365 2697 1507 2728 consulis
1522 2703 1555 2727 et
1570 2696 1712 2727 aliorum
1734 2704 1827 2726 sena-

1133 2741 1350 2777 tornm‚>dun1
1365 2740 1599 2778 impetraretur
1613 2736 1747 2777 aliquid.

1178 2787 1214 2814 18
1237 2783 1315 2822 quid
1328 2793 1362 2812 se
1374 2781 1476 2820 reffert
1491 2781 1636 2820 Brutus]
1655 2781 1718 2811 int.
1733 2787 1828 2810 actu-

1133 2835 1205 2855 rum
1239 2826 1272 2855 in
1304 2824 1364 2855 hac
1391 2823 1521 2863 quidem
1550 2832 1660 2861 causa,
1687 2822 1824 2862 opinor:

1133 2877 1208 2897 nam
1223 2867 1302 2897 alias
1317 2869 1402 2897 esset
1410 2870 1521 2896 totum
1537 2865 1644 2896 alieno
1659 2865 1744 2896 loco.
1754 2868 1828 2896 tum

1132 2919 1208 2941 vero
1222 2909 1254 2940 id
1270 2908 1415 2951 postulat
1418 2906 1510 2948 fert,
1525 2917 1591 2939 non
1607 2907 1721 2948 refert.
