1940 3231
283 790 309 829 8

225 1799 232 1807 .
248 1779 301 1810 97.

199 1785 221 1816 p
293 1819 457 1861 ·litates
480 1820 732 1875 aucupaturi
766 1834 947 1861 eramus.
970 1821 1031 1860 ita
1053 1829 1194 1861 tamen
1219 1822 1566 1876 properabamuS‚
1589 1832 1636 1862 ut
1658 1837 1744 1863 non

331 137 405 173 602,
749 131 927 170 EPIST.
956 133 1033 172 AD
1060 132 1348 178 ATTICUM,

321 233 450 290 jussi,
473 243 519 276 ut
551 235 769 276 confectas
804 236 989 279 rationes
1026 237 1119 294 lege
1148 238 1266 280 ,Iulia
1298 239 1411 295 apud
1434 240 1538 281 duas
1559 242 1756 288 civitates

326 292 489 347 possim
524 292 774 348 relinquere.
837 293 1043 335 Rhodum
1077 296 1172 336 volo
1213 310 1439 350 puerorum
1473 312 1625 341 causa:
1659 301 1757 344 inde

327 350 646 406 quamprimum
668 349 886 392 Athenas:
919 351 997 391 etsi
1020 353 1165 393 etesiae
1189 352 1309 393 valde
1331 354 1508 395 reflant:
1538 357 1610 397 sed
1633 357 1757 412 plane

326 405 426 447 volo
445 407 510 447 his
533 407 870 462 magistratibuS,
886 422 1068 461 quorum
1093 409 1354 451 voluntatem
1379 411 1421 451 in
1445 412 1758 467 supplicatione

326 477 421 504 sum
451 474 670 520 expertuS.
731 462 797 504 Tu
829 473 972 504 tamen
1003 465 1128 506 mitte
1158 466 1279 518 mihi,
1301 482 1462 522 quaeSO,
1484 470 1656 510 obviam
1685 471 1758 512 lit-

325 529 451 571 teras,
483 520 693 575 numquid
727 529 849 575 putes
881 521 1130 576 reipublicae
1169 524 1342 565 nomine
1375 525 1628 567 tardandum
1663 542 1755 569 esse

323 578 467 618 nobis.
526 576 628 617 Tiro
667 576 720 617 ad
756 586 796 617 te
834 577 1021 618 dedisset
1059 578 1235 630 litteras,
1273 581 1355 621 nisi
1390 597 1488 622 cum
1520 585 1760 639 22graviter

324 648 490 690 aegrum
520 634 799 689 reliquissem.
831 634 903 675 sed
936 635 1150 686 nuntiant,
1180 636 1330 678 melius
1361 652 1465 679 esse.
1495 653 1578 694 ego
1609 651 1753 684 tamen

323 705 474 747 angor.
497 690 605 732 nihil
627 691 742 732 enirn
765 690 837 732 illo
859 691 1128 734 adolescente
1147 693 1320 745 castius,
1343 695 1450 736 nihil
1471 696 1734 753 diligentius,

751 780 985 822 CICERO
1017 781 1244 824 ATTICO
1276 783 1320 824 S.

323 835 469 890 CUM
501 848 780 889 instituissem
815 848 868 889 ad
892 857 932 889 te
955 849 1152 900 scribere,
1175 850 1471 907 calamumque
1493 853 1750 907 sumsissem,

320 905 551 947 Battonius
591 920 613 946 e
652 906 749 946 navi
789 915 905 946 recta
939 906 991 947 ad
1030 920 1098 947 me
1132 907 1248 947 venit
1281 908 1457 949 domum
1494 908 1667 966 Ephesi,
1705 921 1750 953 et

319 962 546 1019 epistolam
578 972 695 1004 tuam
730 962 913 1004 reddidit
950 977 987 1004 11
1025 962 1122 1004 Kal.
1147 963 1374 1005 Octobres.
1435 965 1625 1009 Laetatus
1655 983 1750 1011 sum

318 1019 527 1061 felicitate
548 1019 837 1076 navigationis
861 1030 962 1071 tuae,
985 1021 1308 1076 opportunitate
1342 1022 1479 1074 Piliae,
1501 1024 1628 1065 etiam
1660 1040 1751 1066 me-

316 1076 491 1118 hercule
515 1091 708 1118 sermone
731 1077 921 1132 ejusdem
945 1077 997 1118 de
1019 1078 1225 1134 conjugio
1247 1077 1400 1120 Tulliae
1425 1095 1545 1122 meae.
1598 1081 1750 1124 Batto-

316 1134 414 1176 nius
438 1143 579 1175 autem
604 1135 733 1175 miros
758 1145 935 1175 terrores
963 1134 1015 1175 ad
1047 1149 1114 1176 me
1145 1135 1289 1176 attulit
1323 1135 1621 1180 Caesarianos:
1653 1153 1753 1181 cum

319 1191 457 1247 Lepta
486 1193 616 1233 etiam
651 1191 770 1247 plura
801 1192 969 1232 locutus
997 1202 1084 1233 est:
1119 1207 1256 1248 spero,
1279 1192 1398 1243 falsa,
1421 1194 1493 1235 sed
1514 1205 1628 1236 certe
1650 1195 1750 1236 hor-

315 1249 485 1290 ribilia:
518 1250 756 1289 exercitum
780 1248 894 1289 nullo
918 1249 1046 1289 modo
1069 1249 1371 1292 dimissurum:
1405 1265 1502 1292 eum
1535 1252 1608 1292 illo
1641 1267 1750 1308 prae-

316 1315 430 1346 tores
463 1306 724 1361 designat05‚
750 1305 944 1347 Cassium
978 1306 1197 1347 tribunum
1222 1307 1370 1362 plebis,
1396 1307 1623 1350 Lentulum
1646 1324 1750 1350 con-

317 1364 451 1403 sulem
484 1363 646 1404 facere:
682 1362 890 1418 Pompeio
928 1363 969 1403 in
1003 1364 1147 1404 animo
1177 1379 1281 1414 esse,
1317 1365 1464 1406 urbem
1494 1366 1746 1421 relinquere.

317 1420 401 1461 Sed
438 1420 539 1460 heus
575 1429 635 1470 tu,
661 1420 867 1475 numquid
901 1419 1078 1460 moleste
1113 1421 1196 1461 fers
1225 1424 1264 1452 23
1278 1421 1331 1462 de
1361 1421 1447 1474 illo,
1469 1423 1542 1478 qui
1573 1438 1616 1463 se
1639 1423 1748 1464 solet

315 1477 528 1519 anteferre
564 1488 716 1532 patruo
746 1477 899 1518 sororis
937 1487 1022 1518 tuae
1046 1478 1121 1518 filii
1143 1481 1155 1519 ἓ
1186 1488 1228 1518 at
1251 1493 1275 1519 a
1297 1479 1453 1533 quibus
1477 1480 1642 1522 victus?
1674 1481 1747 1522 sed

316 1534 369 1575 ad
392 1548 495 1574 rem.
557 1534 649 1575 Nos
679 1535 823 1575 etesiae
847 1534 1220 1575 vehementissime
1247 1536 1481 1577 tardarunt.
1505 1540 1546 1568 24
1558 1537 1747 1578 detraxit

317 1604 384 1632 xx
422 1592 536 1647 ipsos
564 1591 653 1632 dies
687 1592 817 1632 etiam
849 1591 1078 1647 aphractus
1114 1591 1399 1634 Rhodiorum.
1468 1593 1560 1634 Kal.
1585 1593 1745 1635 Octob.

317 1647 490 1704 Epheso
522 1649 856 1690 conscendentes
889 1649 998 1690 hanc
1020 1649 1244 1705 epistolam
1267 1649 1461 1691 dedimus
1494 1650 1543 1691 L.
1566 1649 1747 1707 Tarqui-

316 1706 394 1756 tio,
418 1705 542 1746 simul
565 1720 587 1745 e
609 1714 736 1762 portu
772 1706 1023 1761 egredienti,
1046 1706 1117 1746 sed
1139 1706 1381 1761 expeditius
1404 1707 1642 1763 naviganti.
1666 1723 1745 1749 nos

317 1762 590 1804 Rhodiorum
624 1763 853 1818 aphractis,
881 1763 1117 1818 ceterisque
1152 1763 1292 1818 longis
1325 1765 1504 1805 navibus
1537 1765 1745 1820 tranquil-

314 1887 460 1933 posset
490 1878 642 1932 magis.
704 1876 772 1918 De
802 1877 1058 1918 raudusculo
1091 1877 1344 1928 Puteolano,
1367 1888 1552 1933 gratum.
1613 1879 1743 1920 Nunc

313 1935 443 1976 velim
469 1934 671 1990 dispicias
703 1949 767 1975 res
800 1934 1043 1976 Romanas:
1076 1934 1218 1975 videas
1241 1935 1343 1990 quid
1374 1936 1499 1976 nobis
1519 1936 1571 1976 de
1594 1937 1743 1976 trium-

311 1991 402 2048 pho
434 1992 714 2046 cogitandum
751 2002 904 2048 putes3
935 1993 987 2032 ad
1019 2006 1148 2047 quem
1180 1993 1306 2034 amici
1342 2007 1409 2032 mc
1445 2002 1616 2034 vocant.
1644 2008 1743 2049 ego,

310 2049 395 2090 nisi
427 2049 624 2100 Bibulus,
647 2049 736 2103 qui,
758 2051 797 2080 25
811 2049 911 2090 dum
947 2064 1055 2090 unus
1091 2048 1227 2089 hostis
1257 2049 1300 2090 in
1325 2049 1449 2106 Syria
1470 2049 1569 2100 fuit,
1589 2050 1742 2106 pedem

310 2162 361 2194 ed.
375 2163 485 2200 Rom,
500 2173 600 2202 eaque
615 2162 754 2204 optima,
768 2167 915 2193 revocata
933 2174 951 2193 τι
967 2163 1002 2193 Ρ.
1047 2163 1104 2193 bat
1120 2162 1506 2204 detraxere—aphractos
1516 2176 1527 2193 .·
1547 2162 1634 2194 unde
1646 2163 1740 2194 Tun-

309 2205 478 2243 mamutio,
494 2205 655 2236 Lambino
671 2207 730 2237 ἃς.
776 2206 814 2235 In
830 2205 900 2236 aliis
915 2212 954 2235 ut
969 2206 1002 2235 in
1046 2204 1161 2235 stallns
1186 2216 1217 2245 p.
1250 2210 1319 2238 144.
1347 2208 1443 2237 fecit:
1473 2207 1684 2237 detra-reram
1709 2210 1740 2236 el

309 2248 439 2288 scriptis
455 2248 541 2279 varie
556 2249 774 2288 interpolatus
789 2252 848 2277 est.
1035 2246 1116 2288 jum
1142 2249 1316 2287 aphractos
1342 2249 1544 2280 Rhodiorum
1557 2265 1600 2271 ——
1613 2247 1741 2287 Epheso

350 2292 391 2321 22
402 2292 554 2329 graviter
567 2300 696 2329 aegrum
710 2291 772 2321 Issi
786 2289 997 2329 reliquissem]
1044 2291 1292 2322 conscendentes.
1329 2291 1516 2322 Detrasrere
1539 2299 1652 2320 verum
1679 2299 1739 2329 pu·

308 2331 372 2364 Issi
393 2338 442 2364 est
464 2343 482 2363 e
505 2334 696 2372 conjectura
718 2333 752 2363 P.
769 2333 924 2364 Manutii.
948 2332 1002 2362 alii
1045 2337 1095 2362 to:
1127 2333 1333 2372 pertinetque
1356 2333 1396 2364 ad
1421 2333 1548 2363 etesias.
1570 2337 1641 2361 tum
1664 2336 1739 2371 post

307 2374 397 2405 aliud
434 2384 555 2405 nomen
593 2375 778 2415 exsculpere
811 2386 828 2405 e
862 2374 1002 2404 lectione

306 2416 398 2446 Jens.
420 2416 516 2447 Esca>
537 2417 588 2447 vel
610 2418 795 2457 excogitare
816 2421 1002 2447 tentarunt.

306 2457 500 2489 Tunstallus
523 2470 556 2499 p.
589 2461 658 2490 144.
681 2470 763 2490 corr.
785 2459 900 2500 ἀσιτίᾳ.
945 2459 1002 2489 Nil

305 2500 424 2531 melius
440 2511 538 2540 quam
554 2503 644 2540 sequi
660 2503 709 2532 ed.
726 2503 822 2534 Rom.
839 2512 912 2542 quae
926 2507 1000 2532 tan-

304 2546 380 2573 tum
395 2543 495 2574 habet
509 2544 595 2582 quod
609 2544 706 2575 edidi.

348 2587 388 2615 23
411 2586 449 2615 de
471 2586 541 2625 illo]
571 2587 732 2617 Corradus
762 2588 796 2617 in
826 2588 999 2627 Quaestura

303 2625 464 2667 intelligit
491 2628 540 2658 M.
565 2627 738 2666 Catonem,
762 2629 816 2660 alii
842 2629 996 2659 Hirrum:

303 2669 392 2708 quod
405 2670 523 2701 verius.
539 2672 564 2700 is
580 2670 681 2709 igitur
698 2672 895 2711 competitor
908 2671 1001 2701 Cice-

301 2712 392 2742 tonis
413 2713 448 2743 in
462 2718 638 2752 auguratu,
655 2713 710 2752 qui
732 2714 832 2744 etiam
849 2715 882 2744 in
898 2712 999 2742 aedili-

301 2754 380 2784 tatis
404 2755 563 2794 petitione
591 2765 611 2785 a
641 2755 744 2785 Coelio
775 2756 861 2786 Rufo
888 2755 994 2785 victus

300 2800 382 2833 erat,
398 2801 437 2827 ut
451 2807 469 2827 e
485 2797 577 2828 Coelii
592 2797 731 2837 epistola
743 2800 773 2828 3.
788 2801 930 2828 constat.

340 2840 384 2870 24
406 2839 785 2880 detraxit—-aphractus]
822 2840 896 2870 Hoc
923 2839 992 2869 sine

300 2880 399 2913 dubio
412 2882 567 2914 vitiosum
582 2886 642 2915 est.
684 2882 748 2914 Ms.
763 2882 874 2914 Ursini
895 2880 992 2913 habe-

1045 2375 1112 2405 (lies
1147 2375 1391 2415 interpungam.
1430 2376 1529 2405 etiam
1563 2375 1741 2414 aphractus

1046 2417 1111 2448 Ra.
1129 2426 1174 2446 sc.
1190 2416 1331 2448 detraxit
1346 2417 1438 2448 nobis
1455 2416 1577 2456 aliquid
1599 2415 1737 2446 dierum.

1044 2469 1162 2499 nempe
1177 2464 1312 2500 propter
1325 2458 1584 2490 imbecillitatem
1601 2457 1737 2496 navigii,

1044 2511 1142 2541 quam
1156 2502 1275 2532 tribuit
1289 2502 1452 2542 aphractis
1467 2501 1509 2537 V,
1528 2503 1574 2530 13.
1589 2505 1624 2529 et
1639 2500 1736 2530 infra.

1084 2546 1123 2575 25
1147 2544 1225 2573 dum
1248 2554 1333 2574 unus
1354 2544 1448 2573 Ιιοείίε
1469 2543 1504 2572 in
1528 2542 1627 2581 Syria
1640 2540 1733 2580 fuit]

1043 2585 1095 2615 Sic
1111 2595 1177 2616 non
1192 2586 1336 2616 dubitavi
1352 2585 1524 2615 rescribere
1547 2594 1606 2624 pro
1630 2586 1738 2624 hospes

1041 2638 1080 2657 ex
1095 2638 1145 2668 ep.
1162 2632 1192 2658 2.
1213 2628 1253 2660 L.
1269 2628 1343 2658 VII.
1359 2627 1413 2657 ubi
1429 2626 1566 2657 eandem
1588 2636 1657 2656 rem
1680 2636 1735 2656 eo-

1041 2669 1115 2700 dem
1141 2670 1238 2701 modo
1269 2669 1368 2699 dicit:
1405 2670 1461 2708 qui
1481 2669 1598 2708 pedem
1624 2672 1734 2707 portu,

1041 2713 1147 2750 quoad
1162 2713 1256 2742 hostis
1271 2712 1315 2742 cis
1336 2711 1546 2751 Euphratem
1557 2709 1646 2749 fuit,
1669 2719 1735 2740 non

1037 2756 1319 2794 ernnust—quam
1346 2754 1437 2784 domo
1457 2763 1518 2783 sua
1541 2762 1586 2783 sc·
1617 2753 1732 2783 Romae

1036 2797 1071 2826 in
1094 2796 1289 2832 Consulatu,
1314 2805 1389 2826 cum
1417 2805 1474 2835 per
1499 2800 1575 2825 octo
1603 2803 1731 2825 menses

1036 2847 1101 2868 non
1131 2849 1274 2879 egressus
1296 2843 1347 2870 est
1369 2838 1480 2875 domo,
1505 2841 1596 2868 metu
1623 2838 1729 2868 Caesa-

1035 2890 1089 2911 ris.

1918 1216 1940 1406 §wie-rae.-
1919 1150 1923 1157 ⁴
