1940 3231
308 162 389 202 718
737 155 917 195 EPIST.
945 156 1022 195 AD
1048 154 1332 200 ATTICUM,

311 262 457 317 itaque
489 259 669 317 posthac
702 276 787 303 non
826 262 1009 303 scribam
1044 262 1098 304 ad
1122 271 1177 313 te,
1210 261 1313 317 quid
1337 259 1527 302 facturus
1553 257 1649 309 sim,
1671 257 1743 300 sed

311 319 416 375 quid
447 318 636 360 fecerim.
667 333 816 360 omnes
838 320 952 360 enim
974 326 1158 374 Κωξυκοιῒοι
1183 319 1378 361 videntur
1409 314 1744 383 subauscultare,

286 410 289 411 γ
312 391 410 432 quae
433 375 597 431 loquor.
621 375 686 416 Tu
703 386 860 426 tamen,
881 377 914 416 si
937 375 1038 431 quid
1059 375 1112 415 de
1132 375 1371 432 Hispaniis,
1390 375 1480 415 sive
1494 373 1599 429 quid
1616 371 1745 422 aliud,

313 448 444 490 perge
483 448 629 488 quaeso
662 433 872 483 scribe1e;
904 447 983 474 nec
1014 446 1130 472 meas
1160 433 1322 474 litteras
1353 431 1631 489 exspectaris,
1663 429 1746 469 nisi

312 505 428 542 cum,
451 506 536 545 quo
561 500 680 551 opt0,
703 489 1037 545 pervenerimus,
1059 498 1134 529 aut
1156 493 1193 524 19
1209 491 1242 531 si
1265 490 1368 546 quid
1390 504 1443 530 ex
1468 502 1609 529 cursu.
1661 485 1747 527 Sed

314 547 397 589 hoc
419 561 590 603 quoque
615 547 763 586 timide
786 547 943 588 scribo.
980 547 1041 587 ita
1061 546 1206 588 omnia
1227 548 1368 589 adhuc
1389 547 1510 588 talda
1531 555 1574 586 et
1597 543 1748 599 spissa.

314 607 355 636 ⁰0
374 605 430 645 Ut
451 605 560 644 male
583 603 804 659 posuimus
838 603 976 653 initia,
998 603 1059 643 sic
1082 613 1223 644 cetera
1243 616 1491 660 sequuntur
1554 600 1747 642 Formias

314 676 429 702 nunc
459 661 691 714 sequimur,
713 660 863 701 eadem
892 676 968 702 nos
992 660 1173 702 fortasse
1193 661 1316 702 furiae
1341 669 1660 717 persequentur
1693 670 1750 697 ex

315 718 441 759 Balbi
474 727 616 759 autem
640 731 848 768 sermone,
881 732 1009 773 quem
1032 726 1176 759 tecum
1209 717 1375 769 habuit,
1398 733 1482 760 non
1517 717 1749 773 probamus

311 775 364 815 de
385 774 554 815 Melita.
593 775 764 816 dubitas
786 775 935 831 igitur,
957 776 1061 830 quin
1083 789 1160 816 nos
1193 775 1235 816 in
1257 750 1448 816 hostium
1472 787 1647 816 numero
1670 772 1748 812 ha-

312 832 438 874 beat?
471 832 621 888 scripsi
643 832 843 886 equidem
863 808 1016 896 Balbo,
1036 842 1078 872 te
1100 832 1153 873 ad
1172 847 1240 874 me
1258 833 1311 873 de
1334 831 1622 873 benivolentia
1643 828 1758 870 scri--

312 889 461 945 psisse,
482 899 527 930 et
548 890 600 930 de
622 889 883 945 suspicione.
916 889 986 946 egi
1010 890 1184 946 gratias.
1215 889 1268 930 de
1290 889 1421 930 altero
1444 889 1482 929 ei
1506 903 1572 929 me
1594 900 1746 944 purga.

311 960 491 1001 ecquem
526 956 571 987 tu
594 946 815 987 hominem
836 947 1142 988 infelicioiffem
1133 949 1146 974 Ρ
1177 961 1263 988 non
1300 946 1454 1002 loquor
1476 945 1610 1001 plura,
1630 957 1683 984 ne
1705 953 1748 983 te

311 1017 483 1066 quoque
520 1004 780 1045 excruciem.
832 1005 923 1061 ipse
965 1004 1187 1054 conficior,
1223 1018 1390 1045 venlsse
1424 1012 1608 1058 tempus,
1646 1014 1747 1042 cum

303 1075 398 1116 jam
421 1075 502 1103 nec
520 1061 704 1113 sortiter,
726 1076 805 1103 nec
831 1062 1062 1118 prudenter
1083 1061 1319 1118 quidquam
1341 1060 1481 1102 facere
1503 1059 1679 1116 possim.

357 1177 394 1209 19
416 1176 444 1206 si
457 1176 538 1215 quid
549 1186 589 1206 ex
603 1175 716 1216 eursu]
745 1175 786 1207 In
808 1176 879 1217 ipso
894 1177 1012 1208 itinere
1098 1179 1138 1206 20
1167 1175 1211 1207 Ut
1239 1177 1325 1206 male
1348 1175 1520 1215 posuimus
1546 1170 1658 1211 initia]
1696 1170 1751 1204 An

313 1227 386 1248 meo
402 1218 442 1248 ad
457 1223 490 1249 te
503 1219 676 1258 scripsero.
1055 1221 1142 1250 male
1157 1223 1207 1249 est
1221 1228 1241 1249 a
1255 1218 1434 1258 glossatore
1448 1218 1460 1247 ?

592 1401 676 1455 M.
715 1400 999 1455 TULLII
1041 1400 1471 1457 CICERONIS

505 1522 1563 1591 EPISTOLARUM

1002 1656 1058 1681 An

780 1740 824 1786 A
854 1739 897 1786 Τ
925 1739 968 1786 T
999 1739 1023 1786 I
1057 1738 1097 1787 C
1128 1739 1178 1787 U
1211 1739 1284 1793 M,

879 1858 1068 1901 LIBER
1101 1858 1190 1902 XI.

821 2042 1230 2081 ARGUMENTUM.

308 2108 473 2145 Stlentur
492 2120 624 2145 menses
632 2107 719 2157 fere
735 2119 872 2144 novem.
928 2107 1141 2144 Conscendit
1159 2109 1266 2149 enim,
1286 2111 1328 2143 ut
1346 2107 1395 2144 ad
1413 2107 1627 2155 Pompeium
1645 2110 1747 2144 navi·

356 2166 477 2209 garet,
499 2173 560 2197 vn
591 2160 648 2198 Id.
679 2160 800 2203 Junii,
822 2160 978 2196 Lentulo
1001 2164 1036 2195 et
1063 2159 1242 2196 Marcello
1267 2161 1361 2196 Coss.
1381 2164 1421 2196 at
1449 2164 1496 2195 ex'
1509 2161 1663 2208 epistola
1683 2172 1742 2195 vn

357 2215 407 2250 ad
431 2214 636 2249 Terentiam
655 2214 820 2261 cognosci
837 2217 955 2260 potest
966 2227 979 2252 ;
1009 2217 1044 2247 et
1062 2225 1104 2248 ex
1127 2225 1167 2248 eo
1188 2218 1346 2260 tempore
1361 2213 1507 2260 scriptce
1535 2213 1678 2254 litterae,
1698 2213 1747 2248 acl

355 2278 511 2302 ‘mensem
538 2266 786 2307 Februarium,
804 2269 937 2313 proeter
956 2266 1096 2312 primas
1116 2265 1199 2301 libri
1228 2264 1344 2311 hujus,
1364 2265 1474 2300 nullae
1501 2266 1746 2300 inveniuntur.

357 2319 455 2354 Nam
474 2330 554 2354 cum
584 2318 715 2359 Caesar,
734 2331 757 2354 α
777 2318 957 2365 colloquio
977 2317 1043 2352 illo
1073 2317 1266 2359 Ciceronis,
1287 2329 1357 2365 quo
1385 2318 1429 2353 de
1443 2318 1647 2366 penultima
1670 2319 1745 2364 epi-

355 2371 452 2406 stola
468 2372 628 2418 proximi
657 2371 740 2406 libri
758 2372 894 2418 agitur,
915 2369 1071 2405 Romam
1099 2382 1137 2405 se
1155 2370 1388 2410 contulisset;
1425 2370 1685 2417 pecuniamque
1702 2380 1743 2403 er

355 2424 536 2458 sanctiore
555 2425 698 2465 aerario,
717 2423 962 2470 nequidquam
986 2427 1211 2470 repugnante
1229 2422 1270 2458 L.
1292 2422 1445 2458 ,Metello
1477 2421 1632 2457 Tri-buno
1649 2421 1744 2468 pleb.

356 2475 586 2511 abstulisset:
617 2475 720 2511 rebus
747 2475 931 2511 nonnullis
953 2475 1002 2510 ad
1019 2486 1123 2510 suum
1150 2475 1342 2510 arbitrium
1372 2474 1589 2512 constitutis,
1611 2473 1744 2509 Italia-

357 2538 425 2573 que
457 2527 620 2562 Antonio
653 2528 795 2563 tradita
825 2531 861 2562 et
892 2527 1155 2569 commendata,
1187 2528 1262 2574 ipse
1294 2528 1332 2562 in
1362 2526 1581 2573 Hispaniam
1615 2530 1745 2561 contra

360 2579 528 2626 Pompeii
557 2579 696 2626 legatos
714 2581 911 2615 exercitum
937 2580 1065 2615 duxit:
1096 2591 1164 2626 quo
1184 2584 1342 2627 tempore
1362 2578 1485 2614 Cicero
1513 2578 1551 2612 in
1570 2576 1743 2613 Macedo-

354 2632 457 2666 niam
488 2641 549 2666 v11
583 2631 639 2668 Id.
658 2631 777 2672 Junii,
807 2636 848 2667 ut
876 2632 1044 2673 diximus,
1065 2632 1281 2671 transmisit,
1300 2631 1395 2666 ‘elude
1418 2631 1559 2677 priores
1587 2634 1744 2676 quatuor

357 2683 519 2730 epistolae
537 2683 633 2718 datae
648 2688 757 2719 sunt:
785 2684 847 2719 sed
867 2683 905 2719 C.
925 2683 1063 2719 Caesare
1082 2695 1115 2719 11
1134 2687 1169 2718 et
1187 2682 1341 2718 Servilio
1362 2682 1523 2718 Isaurico
1546 2681 1640 2718 Coss.
1661 2686 1747 2718 ante

353 2747 517 2783 pugnam
529 2734 798 2778 Pharsalicam,
812 2737 952 2783 partim
966 2747 1008 2771 esc
1023 2736 1151 2770 castris
1171 2735 1350 2782 Pompeii,
1365 2736 1504 2782 partim
1523 2734 1747 2781 Dyrrachio.

356 2788 455 2823 Nam
486 2787 618 2829 Ca’sar,
649 2788 798 2823 devictis
830 2788 960 2834 legatis
990 2788 1077 2826 illis,
1107 2787 1369 2834 Hispaniaeque
1394 2786 1496 2822 rebus
1525 2787 1747 2833 compositis,

355 2838 514 2875 Romam
531 2850 703 2881 reversae,
723 2840 916 2886 consulque
933 2851 1013 2875 cuni
1033 2839 1194 2875 Isaurico
1214 2840 1432 2880 declaratus,
1453 2843 1613 2880 exeunte,
1630 2842 1672 2874 ut
1690 2839 1746 2873 ait

354 2890 447 2934 Dio,
466 2896 506 2928 ut
535 2891 758 2929 Plutarchus
786 2892 892 2929 Prid.
914 2891 1007 2931 Non.
1033 2891 1120 2930 Jan.
1130 2890 1214 2938 jam
1239 2893 1434 2930 exercitum
1454 2893 1489 2928 in
1510 2891 1665 2940 Epirum
1683 2891 1744 2926 de-
