1940 3231
319 141 396 173 456
744 133 923 172 EPIST.
949 134 1024 172 AD
1049 135 1334 178 ATTICUM,

319 239 536 295 degustes.
567 253 665 280 nam
683 248 826 280 cetera
848 254 933 280 non
957 247 1136 295 possunt
1156 238 1315 281 habere
1337 253 1474 294 neque
1495 238 1595 289 vim,
1617 243 1757 293 neque

319 306 604 346 venustatem,
626 307 792 337 remoto
816 297 886 337 illo
909 296 1051 337 studio
1073 296 1378 347 contentionis,
1400 311 1527 351 quem
1545 297 1661 341 ἀγῶσι
1681 308 1757 335 vos

322 353 561 410 appellatis.
587 353 715 404 Nam,
739 365 784 394 ut
818 353 929 394 Idib.
954 352 1063 394 Maii
1088 354 1130 393 in
1163 364 1356 394 senatum
1377 352 1672 403 convenimuS,
1691 365 1760 392 ro·

323 421 448 465 gatus
471 426 552 467 ego
584 412 855 461 sententiam,
880 410 1015 450 multa
1046 410 1138 451 dixi
1162 411 1214 451 de
1245 425 1411 452 summa
1434 408 1669 466 republica,
1691 416 1757 449 at-

324 483 407 523 que
441 468 509 509 ille
538 468 656 508 locus
683 468 882 508 inductus
911 482 934 507 a
967 481 1035 507 me
1067 477 1131 508 est
1163 468 1402 510 divinitus:
1435 483 1501 518 ne,
1526 481 1609 508 una
1630 466 1758 522 plaga

278 533 517 580 b.accepta,
541 523 681 581 patres
709 524 944 579 conscripti
977 524 1267 575 conciderent,
1292 540 1343 566 ne
1375 525 1634 566 deficerent:
1667 522 1759 563 vul-

324 595 402 622 nus
426 597 516 623 esse
546 582 774 637 ejusmodi,
796 581 908 636 quod
934 580 1040 622 mihi
1066 596 1143 622 nec
1170 581 1539 632 dissimulandum,
1563 595 1640 621 nec
1663 593 1759 635 per-

324 639 636 680 timescendum
667 639 900 680 videretur:
934 652 986 678 ne
1010 648 1083 679 aut
1112 639 1342 680 metuendo
1366 637 1648 695 ignavissimi,
1684 643 1760 677 aut

324 697 563 752 ignorando
587 695 824 737 stultissimi
842 695 1160 750 judicaremur:
1183 697 1247 737 bis
1270 697 1513 737 absolutum
1533 709 1624 736 esse
1647 693 1759 734 Len-

325 754 477 804 tulum,
501 754 565 794 bis
598 753 855 794 Catilinam:
891 752 1003 793 hunc
1036 754 1207 794 tertium
1233 754 1326 809 jam
1355 767 1446 794 esse
1481 768 1506 793 a
1535 751 1760 807 judi-cibus

324 813 364 842 8²3
388 811 429 851 in
453 810 763 866 rempublicam
786 810 1039 850 immissum.
1104 809 1243 861 Erras,
1261 809 1403 861 Clodi,
1425 825 1510 850 non
1535 807 1761 863 tejudices

324 868 434 918 urbi,
458 868 529 908 sed
552 867 710 908 carceri
730 874 1025 916 reservarunt3
1063 880 1199 921 neque
1231 877 1271 907 te
1294 868 1474 908 retinere
1496 868 1539 907 in
1569 864 1763 916 civitate,

345 928 365 955 3
388 925 461 965 sed
494 923 626 965 exilio
652 923 819 979 privare
851 923 1094 966 voluerunt.
1157 924 1467 975 Quamobrem,
1491 933 1632 980 patres
1656 935 1762 963 con-

324 982 489 1038 scripti,
508 981 662 1036 erigite
695 980 875 1030 animos,
903 980 1082 1020 retinete
1105 991 1286 1021 vestram
1310 980 1585 1036 dignitatem.
1613 986 1762 1020 manet

323 1037 395 1079 illa
419 1041 460 1079 in
495 1038 715 1094 republica
750 1038 961 1079 bonorum
995 1039 1241 1079 consensio:
1271 1037 1392 1078 dolor
1421 1038 1601 1079 accessit
1636 1035 1760 1077 bonis

324 1095 441 1147 viris,
468 1096 600 1136 virtus
624 1109 708 1136 non
733 1105 797 1136 est
829 1095 1084 1137 imminuta:
1116 1095 1222 1136 nihil
1245 1104 1308 1136 est
1329 1094 1474 1135 damni
1497 1094 1659 1135 factum
1683 1107 1762 1133 no-

326 1153 391 1195 vi:
437 1153 524 1203 sed,
543 1153 658 1208 quod
682 1162 786 1202 erat,
811 1152 1032 1192 inventum
1060 1162 1138 1193 est.
1179 1153 1221 1192 in
1246 1153 1370 1193 unius
1393 1152 1580 1192 hominis
1603 1149 1760 1207 perditi

317 1209 488 1265 judicio
512 1210 651 1265 plures
689 1209 846 1250 similes
882 1209 1032 1265 reperti
1067 1219 1180 1250 sunt.
1242 1210 1324 1250 Sed
1355 1209 1457 1264 quid
1492 1210 1606 1264 ago?
1639 1220 1763 1263 paene

324 1268 562 1308 orationem
595 1267 637 1307 in
669 1266 894 1322 epistolam
926 1266 1093 1307 inclusi.
1156 1266 1304 1308 Redeo
1335 1267 1387 1307 ad
1421 1265 1762 1307 altercationem.

325 1324 474 1380 Surgit
508 1323 743 1380 pulchellus
776 1338 906 1379 puer:
936 1323 1092 1378 objicit
1125 1324 1246 1374 mihi,
1270 1338 1337 1364 me
1373 1323 1425 1364 ad
1458 1323 1586 1364 Baias
1616 1321 1760 1363 fuisse.

324 1384 364 1412 8⁴
383 1382 558 1423 falsum:
593 1381 665 1421 sed
695 1389 836 1421 tamen
863 1381 966 1435 quid
997 1381 1106 1422 hoc?
1139 1381 1276 1421 simile
1309 1391 1388 1431 est,
1421 1381 1612 1435 inquam,
1636 1378 1756 1434 quasi

324 1438 441 1479 dicas
457 1440 503 1479 in
527 1448 679 1494 operto
698 1437 842 1478 fuisse.
884 1438 1017 1489 Quid,
1036 1439 1243 1493 inquit‚85
1258 1438 1420 1479 homini
1444 1437 1645 1492 Arpinati
1663 1450 1765 1477 cum

322 1496 443 1551 aquis
465 1495 625 1537 caldis?
667 1509 804 1546 narra,
834 1495 1025 1550 inquam,
1047 1496 1087 1526 86
1102 1505 1282 1551 patrono
1306 1506 1396 1545 tuo,
1415 1495 1489 1550 qui
1511 1497 1550 1528 87
1571 1493 1758 1550 Arpina-

323 1554 376 1592 tis
407 1568 537 1608 aquas
567 1553 847 1608 concupivit:
891 1555 930 1583 83
950 1552 1060 1593 nosti
1099 1553 1212 1593 enim
1254 1553 1452 1594 marinas
1504 1551 1760 1606 Quousque,

323 1610 476 1665 inquit,
502 1611 616 1650 hune
641 1624 786 1666 regem
810 1609 1020 1651 l'eremus?
1053 1624 1197 1665 regem
1221 1610 1423 1666 appellas,
1445 1610 1638 1665 inquam,
1656 1622 1758 1650 cum.

321 1666 419 1708 Rex
446 1668 505 1708 tui
531 1669 793 1707 mentionem
826 1667 984 1707 nullam
1017 1666 1200 1709 fecerit?
1232 1668 1320 1720 (ille
1342 1677 1485 1708 autem
1504 1667 1651 1722 ‘Regis
1680 1665 1758 1706 he-

322 1725 542 1766 reditatem
582 1739 656 1781 spe
689 1724 949 1774 devorarat.)
1012 1724 1219 1776 Domum,
1243 1723 1398 1780 inquit,
1426 1724 1584 1766 emisti.
1615 1732 1757 1780 putes,

361 1873 400 1900 82
439 1871 472 1899 in
502 1881 602 1910 remp.
635 1870 832 1909 immissum]
867 1879 911 1900 sc.
949 1880 1016 1900 non
1060 1870 1178 1910 placet,
1193 1880 1270 1900 nam
1286 1870 1331 1900 sic
1354 1869 1426 1900 edd.
1443 1880 1493 1910 pr.
1517 1874 1551 1901 et
1575 1870 1692 1901 melius
1707 1880 1759 1901 re·

318 1910 526 1950 danmand03
550 1918 588 1943 ut
607 1915 679 1953 jam
707 1919 816 1953 posset
841 1913 1016 1953 rempubli-
1059 1912 1198 1952 spondet
1212 1912 1440 1942 antecedenti:
1459 1912 1538 1951 quid
1553 1914 1674 1944 homini
1688 1913 1755 1944 Ar-

319 1965 390 1983 cam
407 1965 531 1985 vexare.
1054 1956 1177 1994 pinati.
1221 1954 1283 1984 Sed
1298 1954 1352 1984 ille
1380 1954 1538 1994 intelligit
1560 1955 1672 1992 Marii,
1701 1955 1758 1994 qui

362 1999 400 2028 83
433 1998 488 2027 sed
515 1997 609 2027 arilia
633 1997 784 2037 privare]
819 1997 948 2038 Nempe
977 2004 1016 2028 ut

319 2037 418 2076 bono,
445 2040 621 2069 beneficio:
659 2039 745 2078 quod
779 2041 860 2070 bene
886 2040 1015 2070 consul-

318 2085 393 2110 tum
423 2087 579 2121 putarent
611 2081 739 2118 Clodio,
765 2082 791 2112 si
819 2081 852 2110 in
880 2082 1014 2112 exilium

317 2121 493 2153 damnatus
529 2125 652 2154 abiret:
691 2134 767 2153 cum
795 2133 883 2154 nune
911 2134 1015 2164 poenae

316 2167 456 2203 graviori
475 2165 722 2205 relinqueretur.

361 2210 400 2238 84
410 2207 561 2247 falsum]
585 2207 780 2238 Tunstallus
795 2207 964 2247 eleganter
978 2218 1015 2238 ac

316 2258 403 2286 vere,
435 2261 466 2290 p.
493 2253 543 2281 31.
570 2250 706 2289 corrigit
733 2252 867 2280 salsum.
897 2259 1014 2289 nempe

317 2290 379 2321 hoe
394 2299 443 2322 est
458 2292 683 2332 respondentis
701 2292 816 2323 Clodio
835 2293 1012 2323 Ciceronis.

316 2339 391 2372 post
420 2336 648 2375 interpungit:
683 2336 741 2365 sed
772 2339 883 2365 tamen
908 2335 1013 2374 quid?

317 2377 373 2405 Ιεοι·
388 2382 434 2407 est
446 2378 564 2413 simile,
580 2377 666 2416 quod
682 2386 747 2407 non
772 2377 890 2417 placet.
935 2377 1014 2407 Vul-

316 2423 430 2456 gatum
448 2429 558 2449 verum
575 2425 639 2449 est:
665 2419 753 2458 quid,
769 2424 827 2449 aut
840 2419 935 2458 quale
949 2424 1012 2456 est,

316 2461 401 2499 quod
419 2461 497 2491 mihi
514 2462 714 2501 exprobras?
740 2462 829 2501 quasi
853 2461 914 2491 hue
929 2467 1010 2492 esset

313 2503 394 2539 tale,
424 2503 518 2543 quale
546 2510 643 2534 tuum
673 2508 723 2534 est
744 2503 839 2542 illud,
867 2504 953 2543 quod
977 2504 1011 2534 in

314 2551 429 2585 operto
445 2546 548 2576 Bonae
565 2545 646 2576 Deae
659 2546 763 2578 fuisti.

356 2591 395 2618 85
430 2589 552 2618 homini
578 2588 749 2627 Arpinati]
775 2589 796 2619 i.
815 2599 841 2619 e.
872 2589 1008 2625 rustico,

312 2639 407 2669 quem
423 2639 490 2659 non
505 2631 623 2660 decent
637 2631 777 2660 lautitiae
792 2631 879 2662 vitae.

355 2673 396 2702 86
412 2677 554 2712 patrono
576 2672 644 2711 tuo]
671 2672 794 2703 Clodiae
808 2674 924 2711 sorori,
939 2683 1011 2713 quae

312 2719 345 2743 te
362 2724 419 2754 per
432 2715 570 2744 amasios
585 2724 660 2744 suos
675 2719 799 2744 tuetur.

354 2760 392 2790 87
415 2757 591 2795 Arpinates
619 2757 735 2796 aquas]
767 2756 896 2796 Nempe
916 2758 1008 2788 Cice-

311 2807 424 2828 ronem
442 2799 498 2828 illa
521 2798 636 2829 Clodia
650 2798 866 2839 appetiverat,
885 2805 921 2828 ut
938 2805 1005 2830 tra-

310 2840 358 2869 ‹lit
388 2841 582 2870 Plutarchus
623 2842 656 2870 in
687 2841 855 2871 Cicerone.
916 2841 1005 2871 Idem

309 2881 504 2914 'su-nstallus
531 2883 666 2923 corrigit
693 2883 891 2924 Ανρὲηαίίες
921 2884 1008 2923 quod

1059 2002 1093 2027 et
1119 1998 1186 2037 ipse
1209 1997 1347 2037 Arpinas
1370 1996 1444 2033 fuit,
1461 1997 1554 2027 villas
1580 1998 1620 2028 ad
1642 1999 1754 2033 Baias,

1059 2049 1137 2078 quas
1155 2040 1201 2069 M.
1218 2040 1353 2070 Crassus
1377 2040 1593 2079 appetiverat,
1609 2050 1707 2080 quern
1721 2044 1758 2070 et

1059 2083 1189 2120 patroni
1205 2083 1339 2111 nomine
1361 2081 1541 2120 intelligit:
1565 2082 1650 2121 quod
1673 2082 1756 2113 mihi

1058 2124 1203 2154 alienum
1219 2124 1356 2159 videtur,
1371 2134 1430 2155 nec
1453 2125 1608 2155 convenit
1622 2132 1756 2154 senten-

1059 2166 1116 2196 tiae
1143 2167 1321 2196 universae:
1361 2176 1433 2206 quae
1463 2168 1606 2206 pertinet
1633 2167 1674 2197 ad
1696 2167 1755 2197 do-

1060 2208 1212 2245 cendum,
1227 2209 1401 2248 Arpinates
1423 2209 1574 2239 homines
1597 2218 1663 2239 non
1686 2219 1756 2240 esse

1057 2250 1180 2280 alienos
1204 2251 1243 2280 ab
1264 2251 1443 2290 elegantia:
1461 2257 1495 2281 et
1518 2251 1570 2282 vix
1593 2261 1685 2292 aquoe
1708 2252 1755 2282 sic

1057 2293 1198 2331 intelligi
1214 2300 1362 2331 possunt.

1099 2338 1138 2365 853
1155 2336 1235 2364 nosti
1251 2337 1336 2365 enim
1352 2335 1514 2375 marinas]
1531 2335 1582 2365 Sic
1597 2335 1647 2366 ed.
1658 2334 1752 2367 Jens.

1057 2376 1095 2406 In
1110 2376 1214 2406 Rom..
1231 2382 1265 2407 et
1280 2380 1412 2408 Ascens.
1429 2389 1476 2418 pr.
1495 2383 1544 2407 est
1559 2377 1751 2415 lllttrianns,

1055 2429 1093 2448 ex
1104 2419 1153 2449 ed.
1166 2419 1255 2450 Med.
1268 2420 1396 2460 opinor.
1408 2420 1495 2460 quod
1507 2421 1658 2451 nonnulli
1671 2429 1754 2460 prae-

1054 2461 1173 2498 tulere,
1199 2463 1330 2500 praefert
1352 2464 1452 2492 etiam
1478 2462 1687 2498 Turranius,
1715 2466 1755 2494 ut

1055 2504 1265 2534 consentiens
1288 2513 1354 2534 suae
1376 2505 1654 2544 interpretationi.
1679 2514 1752 2534 ma-

1054 2546 1147 2576 rinas
1162 2546 1355 2586 intelligunt
1377 2546 1415 2576 de
1428 2547 1544 2578 Clodio
1567 2550 1718 2587 stuprato
1734 2557 1756 2578 a

1054 2589 1180 2627 piratis,
1190 2598 1328 2627 quorum
1342 2589 1376 2618 in
1387 2599 1502 2619 manus
1514 2590 1592 2619 olim
1603 2593 1750 2620 venerat.

1055 2630 1171 2660 Fateor
1197 2640 1250 2660 me
1278 2640 1398 2661 nexum
1433 2631 1531 2669 hujus
1560 2631 1751 2661 scommatis

1053 2682 1127 2703 cum
1143 2672 1361 2712 superioribus
1378 2682 1444 2703 non
1459 2673 1577 2704 videre.
1607 2672 1669 2704 Sed
1683 2682 1752 2707 non

1054 2715 1158 2753 magis
1172 2717 1207 2745 in
1223 2715 1328 2745 altera
1342 2714 1483 2746 lectione
1498 2716 1576 2746 satis
1591 2714 1759 2756 perspicio

1052 2762 1167 2796 aptum
1183 2765 1330 2787 sensum:
1352 2766 1428 2787 nam
1444 2758 1470 2787 si
1487 2758 1648 2788 Marianae
1657 2767 1751 2796 aquae

1050 2804 1128 2828 sunt
1156 2798 1242 2828 villae
1274 2799 1352 2836 illae,
1384 2800 1563 2831 secundum
1583 2799 1766 2832 Tonstalli'

1053 2842 1226 2878 rationem,
1239 2841 1325 2873 idem
1342 2842 1390 2872 bis
1406 2841 1538 2873 dieitur.
