1940 3231
228 2023 260 2054 p.
274 2015 350 2044 233.

368 149 448 186 826
788 143 971 183 EPIST.
998 144 1077 182 AD
1104 145 1389 189 ATTICUM,

368 263 556 304 cumque
585 263 662 290 nos
692 249 1022 299 commovimus,
1044 250 1095 291 ad
1132 249 1316 292 Caesaris
1339 265 1425 291 non
1450 250 1578 292 modo
1600 257 1711 302 acta,
1736 267 1802 294 ve·

368 321 463 347 rum
503 307 634 348 etiam
675 308 868 363 cogitata
907 322 1169 348 revnocamui
1225 307 1345 349 Del
1328 307 1560 359 Montano,
1598 309 1801 364 quoniam

370 363 564 405 Flamma
588 365 718 414 venit,
744 364 921 405 videbis.
947 374 1051 419 puto
1076 379 1162 404 rem
1187 364 1360 406 meliore
1383 364 1478 406 loco
1502 380 1593 406 esse
1614 366 1783 407 debeime

571 452 805 495 CICERO
840 452 1227 494 DOLABELL²E
1256 454 1385 497 COS.
1419 455 1536 498 SUO
1561 455 1605 497 S.

371 509 517 563 ETSI
552 530 780 562 contentus
814 535 944 571 elam,
976 521 1034 560 mi
1071 520 1311 574 Dolabella,
1335 533 1408 564 tna
1441 523 1592 579 gloria,
1615 522 1802 579 satisque

367 593 420 619 ex
456 592 507 619 ea
541 592 742 633 magnam
776 577 971 619 laetitiam
1001 577 1350 635 voluptatemque
1376 582 1626 645 capiebam:
1660 591 1802 622 tamen

365 650 454 676 non
489 649 663 692 possum
697 650 783 676 non
820 635 1032 698 confiteri,
1065 635 1272 676 cumulari
1307 651 1375 678 me
1407 639 1599 678 maximo
1627 637 1802 693 gaudio,

367 693 483 747 quod
509 691 637 747 vulgo
662 692 885 733 hominum
909 692 1058 748 opinio
1081 693 1246 733 socium
1280 709 1348 735 me
1369 695 1584 736 adscribat
1606 696 1690 736 tuis
1712 695 1803 736 lau-

367 750 508 790 dibus.
543 749 757 790 neminem
792 750 1001 801 conveni3
1032 751 1245 791 convenio
1267 760 1410 792 autem
1442 753 1635 806 quotidie
1671 752 1803 809 pluri-

366 820 486 848 mos:
519 816 618 847 sunt
643 807 757 847 enim
793 807 993 871 permulti
1015 808 1169 862 optimi
1194 808 1288 859 viri,
1311 809 1384 863 qui
1408 809 1653 850 valitudinis
1675 825 1804 851 causa

365 863 411 905 in
434 863 500 904 his
522 863 628 904 locis
650 867 690 897 89
703 865 988 916 conveniant3
1022 875 1229 919 praeterea
1250 880 1304 906 ex
1329 865 1576 922 municipiis
1603 866 1802 922 frequen-

367 931 431 961 tes
457 921 679 963 necessarii
717 921 826 973 mei;
858 923 930 977 qui
955 936 1118 973 omneS‚
1141 936 1237 963 cum
1264 932 1306 963 te
1327 924 1504 963 summis
1533 922 1729 965 laudibus
1751 924 1804 965 ad

366 978 522 1020 caelum
555 978 818 1029 extuleiQunt
850 978 956 1020 mihi
990 980 1197 1020 continno
1228 980 1439 1021 maximas
1472 980 1632 1037 gratias
1654 990 1800 1037 agant.

367 1045 530 1092 negant
552 1037 667 1076 enim
697 1051 740 1077 se
773 1011 985 1087 diibitare,
1018 1037 1121 1092 quin
1151 1046 1196 1077 tu
1221 1038 1325 1078 meis
1349 1014 1577 1094 praeceptis
1600 1046 1643 1078 et
1664 1039 1804 1079 consi-

367 1071 451 1134 liis
457 1094 776 1149 obtemperans,
801 1094 1202 1150 praestantissimum
1238 1105 1279 1135 te
1302 1095 1456 1146 civem,
1479 1105 1523 1136 et
1545 1095 1804 1150 singularem

367 1151 587 1192 consulem
626 1152 833 1207 praebeas.
867 1153 1024 1207 quibus
1055 1165 1137 1207 ego
1169 1167 1429 1207 quamquam
1453 1152 1673 1193 verissime
1705 1167 1804 1208 pos-

368 1223 462 1249 sum
495 1209 766 1272 respondem
799 1224 896 1264 quae
928 1186 1107 1260 facias,0
1100 1219 1173 1250 tuo
1201 1209 1370 1264 judicio
1394 1218 1438 1250 et
1469 1219 1544 1251 tua
1565 1220 1718 1265 sponte
1741 1208 1804 1250 fa-

367 1280 477 1316 cere,
501 1280 579 1306 nec
600 1281 855 1330 cujusquam
878 1280 1004 1322 egere
1026 1266 1231 1308 consilio:
1265 1277 1408 1308 tamen
1432 1281 1570 1323 neque
1593 1267 1718 1331 plane
1740 1281 1806 1308 as-

369 1324 545 1373 sentior,
569 1337 620 1363 ne
651 1323 906 1364 imminuam
905 1301 1047 1364 omnm
1069 1323 1252 1375 laudern,
1277 1325 1309 1364 si
1329 1339 1468 1365 omms
1491 1340 1515 1365 a
1538 1325 1641 1365 meis
1665 1324 1806 1365 consi-

365 1379 434 1420 liis
458 1355 652 1436 prolecta
674 1380 894 1433 videatur3
926 1395 1064 1436 neque
1089 1381 1209 1422 valde
1232 1396 1357 1438 nego.
1381 1396 1474 1422 sum
1501 1382 1616 1422 enim
1639 1381 1805 1422 avidior

365 1437 512 1488 etiam,
535 1452 663 1492 quam
689 1438 790 1478 satis
813 1448 891 1489 est,
914 1438 1080 1493 gloriae.
1102 1448 1145 1479 et
1168 1448 1309 1479 tamen
1334 1453 1419 1479 non
1444 1439 1628 1480 alienum
1653 1447 1718 1479 est
1740 1439 1804 1480 di-

365 1495 533 1551 gnitate
555 1505 642 1546 tua‚
667 1496 815 1550 quod
806 1496 885 1551 ipsi
909 1495 1245 1551 Agamemnoni,
1268 1511 1416 1552 regum
1441 1496 1548 1552 regi,
1569 1495 1652 1537 fuit
1672 1496 1805 1537 hone—

365 1563 494 1603 stum,
518 1552 675 1593 habere
695 1552 914 1608 aliquem
906 1531 1160 1594 111⁰c0nsiliis
1185 1553 1404 1608 capiendis
1433 1529 1673 1594 Nestorem.
1696 1553 1803 1594 mihi

365 1624 466 1650 vero
489 1610 740 1666 gloriosum,
764 1610 1026 1665 tejnvenem
1051 1610 1269 1651 consulem
1294 1611 1446 1651 florere
1469 1611 1681 1661 laudibus,
1699 1625 1804 1665 qua-

366 1667 400 1708 si
434 1666 652 1708 alumnum
688 1667 927 1723 disciplinae
963 1681 1086 1708 meae.
1137 1668 1186 1708 L.
1217 1667 1388 1722 quidem
1425 1668 1585 1718 Caesar,
1617 1682 1715 1708 cum
1749 1667 1803 1708 ad

363 1739 461 1765 eum
487 1736 702 1779 aegrotum
727 1724 956 1781 Neapolim
986 1725 1209 1775 venissem,
1232 1739 1491 1779 quamquam
1515 1735 1606 1765 erat
1628 1739 1805 1780 oppres-

365 1796 434 1822 sus
460 1783 591 1823 totins
614 1783 807 1852 corporis
841 1781 1077 1845 doloribus,
1111 1792 1250 1822 tamen
1284 1793 1397 1833 ante,
1428 1797 1556 1837 quam
1589 1797 1657 1822 me
1681 1781 1805 1838 plane

364 1839 581 1890 salutavit,
613 1840 719 1879 omi
753 1839 923 1889 Ciceio,
958 1840 1113 1894 inquit,
1145 1839 1336 1895 8ιη3ὶυ1οι
1370 1840 1466 1889 tibi,
1500 1854 1596 1880 cum
1634 1849 1802 1880 tantum

365 1895 477 1937 vales
501 1897 614 1960 apud
647 1895 934 1945 Dolabellam,
953 1906 1163 1952 quantum
1179 1896 1220 1936 5ἰ
1244 1911 1325 1951 ego
1349 1897 1462 1952 apud
1487 1896 1642 1937 sororis
1668 1896 1802 1937 filium

363 1953 563 2004 valerem,
590 1968 685 2009 jam
719 1953 823 1995 salvi
857 1968 948 1994 esse
982 1968 1217 2009 possemus.
1270 1930 1509 1995 Dolabellae
1541 1968 1642 1994 vero
1665 1963 1740 1994 tuo
1762 1962 1806 1994 et

364 2011 636 2067 glatu101,et
669 2011 828 2068 gratias
862 2026 970 2067 ago:
1003 2026 1129 2066 quem
1160 2010 1349 2066 quidem,
1383 2022 1482 2067 post
1506 2021 1546 2052 te
1568 2010 1804 2062 consulem,

343 2068 498 2109 'solum
535 2083 710 2124 possum
744 2083 840 2109 veie
872 2068 1091 2109 consulem
1126 2068 1280 2109 dicere.
1305 2068 1404 2109 dein
1439 2068 1573 2109 multa
1602 2069 1655 2109 de
1686 2067 1803 2109 facto

362 2141 412 2166 ac
443 2126 495 2166 de
530 2140 592 2166 re
607 2136 742 2183 gesta.
776 2136 865 2166 tum
902 2125 1007 2166 nihil
1037 2125 1401 2181 magnificentius,
1425 2125 1531 2166 nihil
1556 2125 1801 2182 praeclarius

362 2191 504 2224 actum
533 2159 875 2247 umquam,nihil
899 2183 1150 2238 reipublicae
1174 2183 1423 2225 salutarius:
1450 2192 1579 2238 atque
1602 2183 1697 2224 haec
1722 2197 1805 2223 una

362 2254 449 2281 vox
473 2241 668 2281 omnium
691 2250 769 2281 est.
820 2239 860 2281 A
884 2250 925 2281 te
954 2250 1097 2281 autem
1133 2250 1247 2296 peto,
1271 2240 1332 2281 uti
1357 2255 1424 2281 me
1446 2240 1558 2281 hanc
1579 2240 1700 2295 quasi
1724 2238 1804 2280 fal-

363 2312 454 2338 sam
476 2298 759 2348 hereditatem
782 2297 932 2338 alienae
964 2297 1113 2353 gloiiae
1137 2313 1250 2338 SlnaS
1273 2312 1460 2348 cernere,
1483 2312 1637 2362 meque
1660 2298 1802 2359 aliqua

362 2369 417 2395 ex
439 2365 557 2411 parte
577 2355 618 2396 in
642 2356 889 2396 societatem
909 2364 1078 2395 tuarum
1098 2355 1271 2418 laudum
1292 2356 1437 2396 veniie
1455 2355 1631 2410 patiare.
1651 2369 1802 2410 quam-

362 2427 506 2467 quam,
530 2413 588 2453 mi
615 2412 854 2464 Dolabella,
874 2412 921 2465 <h
926 2428 989 2453 ec
1008 2413 1122 2452 enim
1138 2411 1314 2467 jocatus
1338 2414 1466 2464 sum,)
1483 2412 1686 2453 libentius
1705 2425 1798 2452 om-

361 2483 436 2509 nes
469 2484 600 2519 meas,
625 2470 658 2510 si
681 2470 812 2511 modo
836 2479 934 2510 sunt
965 2469 1119 2524 aliquae
1152 2484 1274 2519 meae,
1297 2469 1440 2511 laudes
1470 2469 1522 2510 ad
1548 2479 1589 2510 te
1613 2468 1799 2509 transfu-

360 2526 512 2576 derim,
534 2542 663 2581 quam
685 2527 871 2582 aliquam
895 2537 1059 2583 partem
1083 2526 1354 2567 exhauserim
1378 2541 1431 2567 ex
1456 2527 1554 2566 tuis.
1578 2540 1676 2566 nam
1700 2540 1800 2567 cum

361 2593 404 2624 te
427 2597 594 2638 semper
616 2593 783 2625 tanturn
817 2584 1062 2634 dilexerim,
1094 2594 1302 2639 quantum
1328 2595 1372 2625 tu
1397 2583 1634 2637 intelligere
1659 2584 1801 2638 potui-

361 2640 443 2692 sti3
475 2649 566 2681 tum
601 2640 666 2681 his
697 2641 779 2682 tuis
804 2641 928 2682 factis
957 2642 1017 2682 sic
1041 2642 1237 2682 incensus
1261 2656 1369 2691 sum,
1395 2650 1442 2681 ut
1464 2639 1570 2680 nihil
1593 2654 1799 2696 umquam

359 2698 402 2739 in
426 2711 571 2739 amore
592 2697 723 2739 fuerit
745 2699 977 2740 ardentius.
1039 2698 1160 2740 Nihil
1184 2708 1247 2739 est
1268 2699 1398 2748 enim,
1422 2697 1527 2738 mibi
1551 2698 1690 2750 crede,
1714 2697 1799 2738 vir-

355 2832 410 2854 sus
426 2822 624 2861 est‚quoties
637 2821 677 2854 de
688 2823 824 2854 Caesaris
838 2823 920 2853 actis
932 2826 966 2853 et
978 2831 1055 2852 con·
1141 2825 1182 2856 89
1214 2821 1572 2861 conveniunt—agunt]
1597 2822 1636 2852 In
1659 2831 1733 2862 epp.
1759 2819 1802 2854 ad

356 2864 436 2896 siliis
445 2865 621 2895 scribendis
633 2866 829 2905 cogitamus,
842 2865 1056 2901 deterremur,
1099 2864 1175 2895 Div.
1191 2864 1252 2902 lx,
1271 2867 1319 2895 14.
1333 2865 1479 2900 veniant,
1491 2865 1573 2895 item
1588 2873 1667 2897 mox
1682 2868 1801 2906 agant»

354 2917 562 2946 revocamur,
579 2913 672 2939 metu
685 2916 731 2940 sc.
1100 2907 1237 2939 rectius:
1262 2906 1348 2938 unde
1362 2907 1497 2938 correxi.
