1940 3231
332 131 407 163 546
754 124 932 163 EI‘IST.
963 123 1038 163 AD
1065 122 1345 168 ATTICUM,

335 229 435 270 tius.
464 231 504 260 28
517 228 621 270 certi
652 240 773 270 erant
801 229 1010 271 consules.
1040 231 1080 263 29
1097 237 1141 269 at
1172 237 1341 269 senatus
1372 224 1576 275 decrevit,
1608 232 1658 267 ut
1693 232 1758 266 ta-

335 287 471 327 citum
494 285 709 341 judicium
731 296 831 327 ante
860 286 1036 327 comitia
1066 285 1200 326 fieret.
1231 285 1336 325 30ab
1362 283 1414 325 iis
1434 280 1640 332 consiliis,
1661 296 1759 335 quae

314 354 457 390 ,erant
477 343 675 384 omnibus
698 344 849 384 sortita
870 343 911 383 in
936 342 1126 398 singulos
1148 341 1412 390 candidatos,
1428 352 1609 394 magnus
1632 337 1761 378 timor

333 400 675 441 candidatorum.
697 400 770 440 sed
802 399 973 454 quidam
990 397 1176 453 judices,
1197 398 1240 439 in
1275 398 1340 439 his
1365 396 1565 452 Opimius
1590 406 1763 435 νΕιΕΝ.

335 470 447 498 Tno.
508 456 681 506 Antius,
713 456 906 496 tribunos
938 455 1074 510 plebis
1104 454 1386 509 appellarunt,
1404 467 1457 493 ne
1490 451 1652 507 injussu
1684 464 1762 505 po-

333 514 423 569 puli
439 513 700 569 judicarent.
730 515 766 542 3¹
791 525 854 552 res
885 511 1014 552 cedit.
1037 511 1214 552 comitia
1241 511 1373 553 dilata
1393 525 1447 551 ex
1468 515 1638 549 senatus
1659 520 1764 547 con-

335 570 462 620 sulto,
483 569 585 610 dum
607 569 676 609 lex
706 568 759 608 de
785 567 918 609 tacito
933 567 1102 622 judicio
1127 566 1322 608 ferretur.
1377 566 1508 607 Venit
1530 564 1613 620 legi
1644 562 1760 604 dies:

333 625 557 667 Terentius
579 625 832 666 intercessit.
882 624 1106 674 Consules,
1127 623 1199 679 qui
1223 623 1326 665 illud
1346 623 1431 665 levi
1453 621 1630 664 brachio
1652 619 1765 676 egis-

336 692 443 733 sent,
465 696 554 723 rem
575 682 628 722 ad
659 691 849 722 senatum
881 681 1138 722 detulerunt.
1171 679 1240 721 hic
1269 679 1456 730 Abdera,
1477 694 1564 721 non
1596 685 1765 718 tacente

334 753 419 781 me.
442 739 573 789 dices,
594 747 734 780 tamen
761 748 805 779 tu
831 753 915 778 non
937 737 1120 793 quiescis
1140 740 1152 778 ?
1175 736 1365 792 ignosce,
1389 736 1461 776 vix
1486 748 1672 791 possum.
1694 747 1767 774 ve-

336 804 571 836 tumtamen
595 794 698 850 quid
722 803 807 836 tam
823 795 1075 836 ridiculum?
1096 794 1277 834 Senatus
1298 793 1556 843 decreverat,
1578 805 1630 832 ne
1650 790 1767 847 prius

335 852 514 893 comitia
535 851 807 901 haberentur,
830 865 957 905 quam
979 850 1046 891 lex
1070 850 1155 890 lata
1175 858 1310 891 esset:
1342 849 1375 889 si
1398 848 1470 903 qui
1503 847 1765 888 intercessis-

338 917 417 958 set,
439 923 502 949 rcs
534 908 702 964 integra
731 907 972 948 referretur.
1003 909 1043 938 32
1057 915 1205 961 coepta
1226 906 1324 946 ferri
1354 905 1532 946 leviter:
1564 905 1766 945 interces-

339 980 432 1006 sum
455 979 541 1006 non
573 965 746 1016 invitis3
778 979 842 1005 res
872 964 925 1005 ad
957 972 1150 1003 senatum
1169 979 1179 1003 ε
1201 962 1254 1003 de
1275 977 1325 1003 ea
1349 975 1393 1002 re
1414 961 1474 1001 ita
1496 968 1767 1010 censuerunt,

338 1022 516 1062 coniitia
538 1022 676 1077 primo
712 1035 883 1076 quoque
905 1030 1096 1075 tempore
1119 1019 1280 1069 haberi,
1299 1033 1388 1059 esse
1410 1032 1433 1058 e
1451 1031 1509 1058 re.
1569 1016 1769 1066 Scaurus,

339 1078 410 1133 qui
432 1087 522 1119 erat
541 1078 686 1134 paucis
703 1078 853 1119 diebus
872 1077 951 1118 illis
965 1075 1200 1126 absolutus,
1221 1078 1261 1106 33
1275 1089 1374 1116 cum
1396 1089 1478 1130 ego
1495 1082 1659 1130 partem
1675 1073 1769 1127 ejus

339 1135 609 1176 ornatissime
625 1135 924 1184 defendissem,
938 1132 1340 1175 obnuntiationibus
1360 1146 1433 1187 per
1447 1129 1685 1172 Scaevolam
1705 1130 1770 1169 in-

340 1191 572 1247 terpositiS,
594 1192 772 1247 singulis
795 1192 945 1232 diebus
975 1204 1110 1245 usque
1139 1189 1191 1230 ad
1224 1189 1360 1245 pridie
1384 1187 1480 1229 Kal.
1502 1187 1661 1228 Octob.
1683 1200 1770 1241 quo

340 1263 423 1304 ego
446 1248 540 1289 haec
562 1248 630 1289 die
653 1248 818 1304 scripsi,
842 1247 1035 1297 sublatis,
1052 1246 1212 1302 populo
1239 1245 1432 1287 tributim
1450 1245 1565 1285 domi
1595 1258 1682 1284 suae
1704 1257 1771 1283 sa-

344 1304 578 1346 tisfecerat.
599 1306 670 1346 sed
695 1315 853 1356 tamen,
875 1305 955 1345 etsi
979 1303 1149 1345 uberior
1183 1302 1411 1343 liberalitas
1444 1301 1589 1356 hujuS‚
1611 1300 1772 1356 gratior

341 1376 433 1402 esse
451 1361 675 1402 videbatur
693 1376 856 1412 eorum,
873 1361 945 1416 qui
969 1371 1247 1416 occuparant.
1299 1359 1513 1413 Cuperem
1529 1356 1692 1398 vultum
1708 1356 1771 1396 vi-

340 1419 440 1458 dere
478 1429 617 1468 tuum,
647 1433 745 1459 cum
780 1417 876 1458 haec
909 1417 1085 1472 legeres.
1117 1420 1268 1457 34nam
1290 1415 1486 1471 profecto
1519 1428 1607 1456 rem
1640 1413 1772 1454 habes

341 1475 517 1524 nullam,
540 1474 634 1515 haec
655 1475 832 1530 negotia
862 1474 1091 1515 multarum
1122 1473 1408 1514 nundinarum
1431 1471 1535 1513 fore.
1558 1471 1630 1511 sed
1653 1485 1773 1511 sena-

343 1540 413 1572 tus
435 1531 563 1572 hodie
584 1531 723 1572 fuerat
744 1531 927 1582 futurus,
949 1531 990 1571 id
1014 1540 1092 1580 est,
1118 1529 1214 1571 Kal.
1238 1529 1518 1570 Octobribus.
1542 1527 1636 1583 jam
1657 1527 1774 1567 enim

343 1587 529 1629 luciscit.
560 1588 620 1629 ibi
656 1587 866 1643 loquetur,
897 1597 1052 1643 praeter
1072 1586 1252 1627 Antium
1285 1595 1328 1626 et
1362 1584 1616 1635 Favonium,
1641 1584 1773 1624 libere

344 1659 487 1686 nemo.
524 1659 621 1686 nam
657 1645 768 1686 Cato
801 1653 998 1701 aegrotat.
1032 1643 1084 1684 de
1120 1658 1188 1684 me
1218 1642 1325 1683 nihil
1359 1642 1576 1683 timueris:
1609 1641 1681 1681 sed
1710 1649 1775 1681 ta-

344 1715 444 1742 men
477 1702 682 1757 promitto
713 1701 832 1743 nihil.
893 1700 1026 1752 Quid,
1046 1701 1217 1755 quaeris,
1248 1699 1387 1741 aliud?
1421 1698 1602 1754 judicia,
1630 1697 1774 1738 credo.

348 1758 531 1809 Drusus,
563 1758 746 1800 Scaurus
778 1761 817 1789 35
833 1772 919 1798 non
952 1757 1103 1798 fecisse
1135 1757 1406 1798 videbantur.
1438 1764 1523 1796 tres
1558 1753 1776 1796 candidati

346 1814 440 1856 fore
471 1815 531 1856 rei
564 1817 840 1871 putabantur,
875 1814 1096 1856 Domitius
1126 1828 1151 1853 a
1185 1812 1414 1863 Memmio,
1444 1811 1633 1853 Messala
1656 1826 1681 1852 a
1717 1810 1775 1858 Q.

349 1871 560 1926 Pompeio
585 1871 717 1923 Rufo,
747 1873 930 1913 Scaurus
961 1886 986 1911 a
1014 1869 1194 1921 Triario,
1224 1878 1298 1910 aut
1329 1884 1354 1910 a
1384 1869 1433 1911 L.
1458 1868 1642 1910 Caesare.
1672 1867 1780 1922 quid

347 1928 525 1984 poteris,
546 1928 728 1984 inquies,
758 1943 835 1984 pro
857 1928 909 1969 iis
931 1927 1099 1969 dicere?
1130 1941 1183 1968 ne
1205 1927 1363 1977 vivam,
1387 1926 1422 1966 si
1452 1925 1557 1967 scio.
1577 1925 1673 1966 36in
1694 1923 1778 1965 illis

390 2054 431 2082 28
463 2052 543 2082 certi
564 2056 660 2083 erant
676 2051 832 2091 consules]
865 2051 927 2083 Ed.
942 2051 1041 2082 Rom.
1125 2054 1165 2083 32
1187 2055 1287 2090 coepta
1291 2049 1385 2091 ferri
1397 2049 1521 2090 leviter]
1535 2049 1622 2080 Puto
1634 2047 1778 2080 seriben-

348 2092 440 2124 addit
453 2095 584 2124 scilicet.
607 2094 693 2133 quod
708 2104 774 2124 non
789 2095 978 2134 spreverim.

391 2140 432 2170 29
454 2140 490 2166 at
513 2136 659 2174 senatus]
687 2141 725 2166 αι
752 2135 836 2166 edidi
859 2145 918 2176 pro
942 2146 991 2170 ac,
1005 2138 1043 2165 nt

348 2175 465 2208 babuit
487 2178 550 2208 Ms.
579 2177 702 2213 Maffei,
729 2177 942 2218 placebatque
972 2179 1044 2209 Ma-

348 2218 495 2259 laspinae.
520 2221 659 2250 tacitum
677 2220 847 2261 judicium
882 2219 959 2258 quid
992 2221 1046 2255 sit,

349 2269 417 2291 non
440 2262 519 2292 satis
537 2262 615 2292 scio.
638 2271 680 2291 an
697 2261 784 2301 quod
803 2260 897 2291 fieret
917 2270 983 2292 non
1007 2261 1046 2292 de

349 2303 447 2333 certis
477 2303 665 2334 hominibus
695 2303 914 2334 nominatim:
937 2303 993 2334 sed
1007 2303 1047 2333 de

351 2354 470 2383 genere
487 2346 650 2381 universo,
661 2351 712 2383 ut,
728 2346 754 2375 si
770 2344 842 2384 quis
856 2344 1047 2376 candidato-

351 2395 426 2416 rum
440 2387 501 2417 hoc
514 2387 566 2417 vel
589 2387 671 2417 iilud
685 2387 823 2422 fecisset,
839 2388 909 2426 ejus
923 2387 1046 2418 creatio

352 2428 447 2458 irrita
461 2434 559 2464 esset,
572 2429 668 2468 idque
678 2429 772 2459 fieret
784 2430 845 2465 ita,
859 2435 896 2459 ut
913 2427 1046 2465 lateret,

353 2470 431 2509 quid
449 2470 637 2509 judicatum
661 2475 756 2507 esset,
777 2471 882 2510 sitque
903 2470 982 2502 adeo
1005 2471 1049 2502 si-

355 2512 434 2542 mile
447 2512 475 2542 S
479 2511 534 2542 Cto
549 2513 658 2543 tacito.

398 2556 440 2584 30
461 2554 502 2584 ab
516 2555 555 2584 iis
577 2554 724 2589 consiliis,
739 2563 810 2595 quae
829 2559 924 2585 erant
945 2555 1047 2585 omni-

357 2594 414 2625 bus
435 2605 460 2626 s.
483 2596 519 2625 in
541 2596 582 2634 8.]
617 2595 698 2626 Haec
717 2605 784 2626 non
811 2596 975 2636 intelligo,
990 2606 1049 2627 nec

357 2638 525 2676 quisquam
540 2637 618 2667 satis
632 2638 817 2678 explicavit.
841 2640 987 2670 omnibus
1001 2640 1048 2669 vi-

355 2680 478 2709 tiosum
491 2678 630 2710 videtur.

398 2723 433 2751 31
452 2730 502 2750 res
511 2720 614 2760 cedit]
632 2720 705 2750 Hoc
718 2731 844 2760 quoque
859 2722 1046 2758 obscurum,

356 2762 406 2792 vel
431 2763 601 2793 vitiosum:
626 2772 686 2792 nec
711 2763 917 2795 satisfaciunt
937 2765 1048 2802 conje-

356 2809 461 2837 cturae
482 2804 697 2835 eruditorum.
721 2809 771 2835 est
792 2810 904 2837 autem
920 2806 988 2838 haec
1005 2806 1049 2838 le-

355 2846 423 2877 ctio
435 2857 454 2878 a
470 2846 663 2880 zosimam.
677 2855 725 2888 pr.
739 2848 882 2880 rescidit.

1083 2092 1162 2124 dum
1179 2095 1306 2123 leniter.

1127 2137 1167 2165 33
1189 2144 1265 2165 cum
1288 2144 1346 2173 ego
1366 2137 1499 2173 patrem
1524 2132 1595 2174 ejus
1623 2131 1698 2171 δια]
1725 2132 1780 2162 Sic

1087 2176 1159 2207 edd.
1190 2187 1238 2216 pr.
1264 2181 1298 2207 et
1327 2176 1499 2206 Asconius.
1524 2186 1562 2206 ex
1586 2185 1624 2205 eo
1653 2174 1781 2205 factum

1082 2223 1215 2259 partem
1236 2217 1316 2259 ejus.
1340 2218 1394 2257 qui
1416 2217 1532 2248 modus
1553 2215 1707 2256 loquendi
1730 2220 1779 2246 est

1089 2261 1276 2291 inusitatus.
1299 2259 1472 2290 difficultas
1495 2263 1545 2290 est
1566 2269 1605 2289 ex
1627 2268 1680 2295 eu,
1694 2258 1782 2297 quod

1089 2303 1229 2333 Scaurus
1252 2307 1346 2342 pater
1376 2306 1526 2331 mortuus
1553 2305 1603 2331 est
1625 2300 1781 2331 Cicerone

1087 2344 1193 2374 adhue
1208 2344 1425 2374 adolescente.
1440 2348 1473 2373 et
1488 2352 1565 2374 sane
1579 2341 1714 2372 verbum
1728 2351 1781 2371 or—

1087 2386 1254 2416 natissime
1272 2395 1337 2416 non
1354 2386 1462 2425 placet
1476 2386 1510 2415 in
1526 2384 1584 2414 illa
1598 2383 1749 2414 lectione.

1131 2431 1171 2458 34
1192 2437 1271 2458 nam
1283 2426 1427 2467 prefecto
1441 2436 1511 2456 rem
1528 2426 1622 2457 habes
1635 2424 1781 2465 nullam]

1090 2468 1178 2500 Nam
1201 2469 1249 2500 his
1272 2470 1366 2499 rebus
1388 2468 1540 2499 omnibus
1563 2467 1645 2498 nihil
1668 2472 1782 2497 actum

1090 2516 1151 2542 est.
1175 2513 1241 2541 hoec
1260 2512 1390 2550 negotia
1406 2512 1464 2542 ἃς.
1487 2510 1540 2540 hic
1562 2508 1684 2548 aliquid
1698 2509 1785 2539 exci-

1091 2553 1173 2583 disse
1189 2559 1280 2593 puto‚
1295 2552 1380 2583 unde
1396 2551 1629 2593 pendeatsore.

1134 2598 1173 2625 35
1195 2605 1259 2625 non
1270 2594 1390 2635 secisse
1412 2594 1579 2632 videntur]
1607 2602 1652 2623 sc.
1679 2592 1784 2623 ambi-

1092 2641 1176 2667 tum.
1220 2637 1373 2667 Ceterum
1400 2642 1480 2676 puto
1501 2635 1664 2675 scripsisse
1692 2635 1785 2666 Cice-

1093 2687 1204 2709 ronum
1241 2679 1453 2709 videbantur:
1490 2677 1596 2718 primo
1627 2685 1667 2706 ne
1696 2676 1785 2706 clau·

1089 2720 1161 2750 sula
1186 2720 1366 2751 hexametri
1391 2720 1451 2750 sit:
1478 2719 1606 2757 deinde,
1634 2718 1710 2758 quia
1737 2727 1787 2749 se-

1091 2763 1201 2801 quitur
1207 2762 1426 2801 putabantur.

1136 2804 1176 2834 36
1198 2805 1233 2834 in
1255 2805 1322 2834 illis
1334 2804 1463 2845 quidem
1483 2803 1588 2833 tribus
1603 2801 1706 2841 libris]
1733 2800 1787 2832 In-

1094 2845 1215 2886 telligit
1239 2846 1336 2877 libros
1359 2846 1398 2878 de
1421 2849 1563 2884 oratore,
1587 2854 1668 2886 quos
1693 2852 1790 2885 supra
