1940 3231
350 158 427 199 752
767 155 951 194 EPIST.
978 154 1057 194 AD
1084 155 1375 203 ATTICUM,

349 261 491 302 ceium
523 260 648 302 velim
682 261 882 317 appelles.
911 262 1025 317 quod
1062 262 1176 302 enim
1210 262 1395 314 dixerat,
1429 278 1514 306 nou
1548 264 1668 307 facit.
1702 281 1786 324 ego

350 329 493 359 autem
529 318 626 361 volo
659 318 832 375 aliquod
865 333 1004 359 emere
1038 319 1265 361 latibulum
1302 330 1346 361 et
1383 322 1629 378 perfugium
1666 324 1788 366 dolo-

350 390 407 417 ris
430 391 529 418 met.

287 440 337 476 14
780 442 1014 484 CICERO
1046 442 1274 486 ATTICO
1307 445 1350 486 S.

349 499 449 552 DE
482 527 548 552 me
578 510 826 551 excusando
857 510 969 565 apud
994 510 1225 566 Apuleium
1257 513 1458 554 dederam
1489 513 1544 554 ad
1576 521 1617 554 te
1649 514 1788 570 pridie

345 566 523 609 litteras.
566 568 672 609 nihil
707 582 799 607 esse
842 568 1005 622 negotii
1045 568 1243 609 arbitror.
1282 584 1599 626 quemcumque
1640 569 1788 626 appel-

343 626 457 675 laris,
493 640 618 667 nemo
654 624 845 680 negabit.
880 625 953 664 sed
977 624 1236 680 Septimium
1262 627 1372 678 vide,
1397 639 1440 668 et
1476 628 1712 679 Laenatem,
1745 626 1792 670 et

346 683 580 725 Statilium.
614 682 750 723 tribus
789 681 903 722 enim
937 697 1044 737 opus
1079 691 1156 721 est.
1199 683 1270 723 sed
1309 684 1416 724 mihi
1454 685 1604 726 Laenas
1644 695 1786 727 totum

342 751 578 796 receperat.
639 739 770 785 Quod
806 739 955 780 scribis
989 754 1013 779 a
1042 739 1176 781 ,lunio
1210 749 1251 780 te
1285 741 1574 797 appellatum:
1607 744 1786 785 omnino

344 797 604 839 Cornificius
628 796 817 852 locuples
841 807 932 837 est:
966 796 1036 836 sed
1062 806 1205 837 tamen
1230 797 1337 838 scire
1362 797 1502 849 velim,
1523 800 1696 854 quando
1720 800 1786 840 di-

341 870 414 896 car
445 854 741 911 spopondisse,
764 864 808 894 et
838 855 965 909 53pro
1000 863 1131 908 patre,
1164 868 1273 895 anne
1306 869 1381 909 pro
1415 854 1528 896 filio:
1563 870 1699 911 neque
1730 872 1782 898 eo

341 913 501 963 minus,
544 921 590 952 ut
632 911 798 960 scribis,
842 920 1138 965 procuratores
1183 910 1423 963 Cornificii,
1464 912 1782 968 etwApuleium

342 970 646 1026 praediatorem
670 971 710 998 54
722 968 899 1009 videbis.
963 968 1090 1014 Quod
1125 982 1193 1009 me
1215 971 1269 1010 ab
1294 969 1375 1011 hoc
1399 984 1578 1010 maerore
1601 971 1780 1014 recreari

341 1027 433 1079 vis;
468 1027 587 1077 facis,
610 1035 658 1067 ut
688 1026 859 1067 omnia:
893 1025 981 1076 sed,
1005 1040 1072 1066 me
1103 1026 1208 1066 mihi
1241 1041 1325 1067 non
1359 1026 1561 1078 defuisse,
1585 1038 1629 1068 tu
1659 1028 1781 1070 testis

339 1098 399 1126 es.
424 1084 530 1124 nihil
552 1084 665 1124 enim
689 1083 741 1124 de
773 1097 952 1124 maerore
984 1084 1217 1124 minuendo
1249 1084 1456 1139 scriptum
1490 1084 1544 1125 ab
1578 1083 1664 1125 ullo
1698 1094 1780 1137 est,

337 1142 454 1198 quod
486 1156 568 1198 ego
601 1156 685 1182 non
717 1140 834 1181 domi
867 1150 953 1180 tuae
987 1140 1176 1196 legerim.
1212 1141 1282 1182 sed
1316 1155 1486 1182 omnem
1519 1141 1781 1183 consolatio-

335 1214 437 1240 nem
461 1199 595 1240 vincit
626 1198 760 1240 dolor.
784 1197 886 1253 quin
919 1198 1047 1238 etiam
1081 1198 1179 1248 feci,
1201 1198 1316 1254 quod
1349 1198 1545 1254 profecto
1576 1209 1677 1239 ante
1712 1214 1780 1241 me

336 1271 481 1307 nemo,
507 1266 553 1297 ut
579 1257 669 1311 ipse
701 1270 768 1295 me
799 1269 874 1311 per
905 1254 1067 1296 litteras
1098 1256 1354 1297 consolarer.
1377 1270 1505 1311 quem
1536 1255 1690 1297 librum
1723 1256 1778 1298 ad

336 1322 380 1354 te
406 1315 590 1364 mittam,
614 1314 645 1353 si
670 1311 974 1368 descripserint
995 1312 1173 1353 librarii.
1197 1313 1364 1354 affirmo
1387 1313 1467 1354 tibi
1490 1313 1648 1354 nullam
1671 1328 1776 1355 con-

338 1370 592 1412 solationem
612 1385 702 1411 esse
724 1369 867 1410 talem.
892 1378 1004 1410 totos
1027 1371 1117 1410 dies
1140 1370 1304 1422 scribo;
1334 1385 1418 1411 non
1442 1386 1528 1426 quo
1553 1369 1774 1427 proficiam

335 1429 436 1483 quid
457 1446 468 1480 3
500 1429 572 1469 sed
598 1429 805 1483 tantisper
829 1427 1052 1482 impedior,
1075 1442 1161 1468 non
1189 1428 1387 1483 equidem
1411 1429 1529 1480 satis,
1552 1428 1636 1481 (vis
1657 1428 1774 1469 enim

334 1488 494 1541 urget,)
518 1486 589 1526 sed
622 1485 789 1526 relaxor
821 1494 979 1535 tamen,
1004 1487 1043 1516 55
1057 1485 1287 1540 omniaque
1318 1486 1447 1536 nitor,
1481 1500 1566 1526 non
1598 1485 1651 1526 ad
1682 1485 1776 1526 ani-

333 1557 468 1594 mum,
503 1543 574 1584 sed
610 1543 662 1584 ad
699 1542 864 1583 vultum
904 1542 1059 1598 ipsum,
1097 1543 1130 1584 si
1170 1557 1339 1598 queam,
1372 1542 1677 1594 reficiendum3
1709 1543 1776 1583 id-

333 1615 417 1655 que
449 1600 625 1651 faciens,
649 1600 864 1640 interdum
896 1599 1002 1640 mihi
1037 1614 1213 1655 peccare
1242 1600 1402 1650 videor,
1426 1600 1640 1642 interdum
1673 1614 1773 1656 pec-

331 1668 505 1698 caturus
529 1672 634 1706 esse,
657 1658 737 1698 nisi
763 1656 931 1697 faciam.
956 1657 1141 1698 solitudo
1164 1657 1324 1712 aliquid
1351 1656 1542 1712 adjuvat,
1565 1657 1637 1698 sed
1660 1656 1771 1697 mul-

331 1723 378 1755 to
411 1716 504 1771 plus
539 1717 780 1771 proficeret,
812 1714 845 1754 si
879 1722 923 1754 tu
957 1723 1098 1754 tamen
1131 1714 1380 1756 interesses:
1413 1730 1510 1770 quae
1544 1714 1650 1755 mihi
1687 1728 1771 1755 una

330 1787 460 1814 causa
498 1783 563 1813 est
601 1773 701 1813 binc
733 1771 996 1812 discedendi.
1041 1786 1153 1822 nam,
1188 1786 1264 1827 pro
1309 1771 1444 1822 malis,
1483 1782 1597 1812 recte
1634 1771 1768 1812 habe-

329 1829 432 1872 bat:
465 1831 774 1885 56quamquam
808 1829 947 1884 ipsum
975 1829 1114 1870 doleo.
1140 1843 1222 1869 non
1247 1829 1359 1869 enim
1379 1828 1472 1884 jam
1498 1830 1538 1869 in
1563 1843 1631 1869 me
1652 1829 1767 1869 idem

328 1901 419 1928 esse
454 1889 627 1943 poteriS.
662 1890 699 1921 57
713 1886 931 1942 perierunt
960 1885 1044 1936 illa,
1075 1901 1172 1941 quae
1204 1887 1393 1927 amabas.
1455 1886 1523 1927 De
1555 1886 1680 1926 Bruti
1709 1885 1765 1927 ad

325 1959 395 1985 me
419 1945 569 1986 litteris
600 1944 750 2000 scripsi
782 1943 835 1983 ad
867 1952 908 1983 te
939 1953 1088 1984 antea:
1121 1943 1351 1999 prudenter
1373 1943 1570 2000 scriptae:
1603 1943 1676 1984 sed
1698 1942 1764 1983 ni-

192 2001 401 2052 P·¹9⁰·l1il‚
423 2018 509 2058 quo
542 2017 609 2042 me
639 2002 908 2057 adjuvarent.
931 2000 1046 2054 quod
1078 2001 1131 2041 ad
1163 2010 1204 2040 te
1236 2001 1421 2056 scripsit,
1453 2001 1496 2042 id
1529 1999 1693 2050 vellem,
1716 2008 1766 2041 ut

281 2055 418 2116 a'ipse
449 2060 642 2100 adesset:
675 2069 789 2100 certe
821 2057 997 2112 aliquid,
1025 2057 1229 2112 quoniam
1260 2073 1328 2099 me
1360 2067 1446 2098 tam
1481 2057 1601 2099 valde
1631 2066 1764 2108 amat,

323 2117 564 2172 adjuvaret.
587 2116 739 2172 quodsi
762 2115 866 2170 quid
895 2115 1015 2165 scies,
1039 2115 1199 2156 scribas
1231 2115 1285 2156 ad
1315 2130 1384 2156 me
1407 2114 1549 2166 velim,
1571 2114 1762 2156 maxime

323 2186 482 2225 autem,
523 2175 664 2215 Pansa
703 2173 890 2229 quando.
954 2171 1022 2213 De
1059 2172 1224 2223 Attica,
1256 2173 1405 2214 doleo:
1445 2173 1574 2214 credo
1613 2181 1760 2213 tamen

323 2232 518 2273 Crater-0.
581 2232 735 2273 Piliam
775 2231 876 2286 angi
912 2240 1032 2271 veta:
1066 2230 1168 2271 satis
1202 2230 1352 2271 solitus
1389 2244 1434 2271 es
1472 2243 1648 2272 maerere
1682 2243 1760 2286 pro

320 2305 389 2331 om
398 2291 537 2331 nibus.

257 2372 306 2410 15
751 2354 987 2397 CICERO
1002 2344 1247 2396 ‘ATTICO
1280 2354 1325 2395 S.

317 2419 502 2470 APUD
529 2426 778 2483 Apuleium,
801 2425 1004 2480 quoniam
1037 2425 1080 2465 in
1112 2433 1368 2481 perpetuum
1401 2438 1489 2465 non
1521 2421 1677 2478 placet,
1711 2421 1756 2462 in

315 2482 406 2526 dies
440 2495 485 2526 ut
515 2499 709 2536 excuser,
742 2483 919 2524 videbis.
954 2482 999 2523 in
1029 2481 1111 2524 hac
1142 2482 1374 2523 solitudine
1404 2494 1528 2523 careo
1558 2479 1756 2521 omnium

354 2628 394 2657 53
411 2635 474 2665 pro
491 2624 605 2665 patre]
630 2625 670 2665 Ω.
693 2625 861 2660 Cicerone,
884 2633 925 2654 an
950 2633 1010 2664 pro
1052 2623 1225 2662 omniaque
1239 2623 1326 2652 nitor
1344 2619 1463 2667 placet.
1479 2617 1550 2658 quis
1572 2617 1619 2666 sle
1641 2617 1750 2649 dixit?

310 2669 380 2709 ejus
397 2668 489 2698 filio?
1051 2671 1134 2705 puto
1149 2664 1323 2702 legendum
1340 2671 1529 2700 omninoque
1542 2664 1643 2691 mtor.

354 2714 394 2742 54
421 2710 554 2750 videbis]
587 2709 737 2746 Cmabis,
768 2712 807 2738 ut
834 2711 1010 2749 expectent
1095 2707 1136 2738 56
1156 2715 1355 2746 quamquam
1371 2702 1539 2750 ipsum'd]
1556 2702 1646 2733 Alias
1660 2700 1753 2732 addit

308 2753 397 2784 aliud
414 2759 544 2793 tempus
559 2752 744 2782 solutionis.
1052 2749 1118 2780 fere
1146 2749 1190 2779 id.
1217 2749 1278 2778 int.
1304 2747 1390 2787 quod
1415 2745 1495 2776 mihi
1518 2743 1750 2775 discedendum

349 2798 389 2826 55
419 2797 593 2834 omniaque
617 2793 717 2833 nitor]
749 2793 802 2823 Sic
830 2792 880 2823 ed.
904 2792 1002 2822 Rom.
1047 2797 1109 2827 est,
1125 2791 1211 2829 quod
1227 2790 1306 2820 alias
1320 2789 1436 2820 melius
1450 2792 1535 2825 erat,
1549 2795 1645 2827 quam
1661 2784 1750 2818 mala

304 2837 392 2877 quod
415 2839 607 2868 restitutum
630 2842 679 2867 est
702 2845 759 2876 per
783 2835 922 2874 Malasp.
941 2835 1004 2864 Bo-
1047 2833 1106 2864 illa
1121 2833 1175 2863 hic
1191 2833 1286 2864 ferre.
1719 2869 1724 2875 Π

305 2881 404 2916 sium,
422 2880 622 2910 Lambinum
647 2880 704 2909 &c.
720 2888 796 2908 cum
821 2889 839 2908 a
859 2877 952 2908 JenS.
969 2881 1004 2907 et
1089 2878 1128 2909 57
1149 2877 1319 2916 perierunt
1334 2874 1405 2910 illa,
1419 2882 1489 2913 quoe
1503 2869 1655 2918 amqbqs]
1681 2868 1746 2900 H1·

304 2930 392 2963 seqq.
409 2927 495 2954 esset
509 2923 555 2954 ad
569 2922 740 2963 omniaque
756 2922 854 2953 nitor.
870 2919 926 2953 sed
942 2928 1003 2951 nee
1045 2917 1158 2952 latitas
1173 2917 1296 2956 cultus,
1311 2916 1484 2955 orationis,
1499 2918 1535 2946 et
1548 2911 1680 2945 similia.
