1940 3231
691 156 895 196 LIBER
936 157 1007 195 IX.
1483 163 1556 197 681

128 265 229 307 bare
260 266 363 308 mihi
397 265 567 321 quidem
595 265 708 305 visus
739 262 830 303 est!
864 275 991 316 quam
1025 258 1139 300 illam
1172 263 1305 307 νεκυίοιν,
1329 271 1373 302 ut
1406 270 1450 303 tu
1484 278 1557 320 ap·
1594 262 1692 295 ·¹⁴⁷·

127 323 274 378 pellas,
297 324 446 364 timere
467 324 474 364 !
500 323 598 362 huic
619 335 700 375 ego
725 319 766 359 in
790 318 926 359 multo
950 331 1144 358 sermone
1166 317 1393 372 epistolam
1416 320 1468 360 ad
1492 336 1560 362 me
1571 315 1602 336 ⁸'

133 380 316 421 Caesaris
348 380 530 429 ostendi,
560 391 669 428 eam,
692 377 815 432 cujus
845 374 1093 431 exemplum
1126 374 1175 414 ad
1211 384 1251 414 te
1283 384 1409 415 antea
1439 377 1561 430 misi;

126 438 377 493 rogavique,
412 445 457 476 ut
494 436 859 489 interpretaretur,
894 432 995 488 quid
1037 442 1162 481 esset,
1196 432 1310 485 quod
1350 431 1419 473 ille
1460 435 1562 475 scri-

126 495 260 545 beret,
283 493 461 535 consilio
492 505 589 533 meo
620 505 664 531 se
697 491 758 532 uti
788 490 908 541 velle,
940 489 1094 546 gratia,
1125 488 1353 544 dignitate,
1385 504 1468 546 ope
1499 505 1563 532 re„

125 566 218 592 rum
250 550 458 592 omnium.
490 548 725 605 respondit,
763 563 806 589 se
843 562 930 588 non
964 546 1177 597 dubitare,
1210 547 1317 601 quin
1355 556 1398 587 et
1436 562 1562 603 opem

125 618 170 648 et
200 607 380 664 gratiam
412 620 552 646 meam
584 604 653 646 ille
683 606 736 646 ad
769 604 1115 661 pacificationem
1140 614 1364 658 quaereret.
1399 605 1563 647 utinam

126 664 298 719 aliquod
330 664 371 704 in
403 663 485 704 hac
519 662 689 703 miseria
719 662 968 718 reipublicae
991 666 1158 701 πολιτικὸν
1184 675 1291 716 opus
1323 662 1492 703 efficere
1522 673 1567 703 et

126 734 282 762 navare
304 720 410 760 mihi
434 720 582 761 liceat!
618 719 782 760 Matius
805 719 980 774 quidem
1008 727 1051 758 et
1075 716 1192 757 illum
1216 719 1258 758 in
1282 733 1331 759 ea
1353 720 1567 762 sententia

125 792 216 818 esse
247 778 508 829 confidebat,
538 787 580 817 et
612 792 655 817 se
686 786 906 818 auctorem
938 775 1030 816 fore
1061 773 1358 830 pollicebatur.
1421 777 1567 819 Pridie

126 844 270 876 autem
294 835 406 890 apud
431 849 499 875 me
523 834 744 890 Crassipes
768 834 922 884 fuerat,
936 833 1008 888 qui
1034 846 1077 872 se
1100 831 1237 887 pridie
1258 833 1406 874 Nonas
1430 834 1566 876 Mart.

129 891 361 932 Brundisio
386 892 644 948 profectum,
667 901 796 946 atque
819 892 877 932 ibi
912 889 1167 946 Pompeium
1201 890 1420 946 reliquisse
1451 892 1566 934 dice-

127 948 227 991 bat:
259 950 375 1004 quod
407 951 553 998 etiam,
576 949 649 1004 qui
684 963 761 990 nx
795 948 897 989 Idus
930 948 1046 988 illinc
1078 945 1262 1001 profecti
1294 959 1430 1001 erant,
1458 964 1568 992 nun-

129 1006 322 1048 tiabant:
359 1007 481 1047 7¹illa
523 1020 623 1047 vero
665 1021 829 1056 omnes,
872 1006 913 1045 in
956 1005 1114 1060 quibus
1155 1005 1283 1046 etiam
1331 1005 1568 1063 Crassipes,

129 1065 273 1119 (72qui
299 1064 525 1120 prudentia
546 1063 660 1120 potis
682 1063 936 1115 attendere‚)
960 1074 1175 1102 sermones
1197 1063 1400 1115 minaces,
1425 1065 1568 1107 inimi-

130 1136 204 1161 cos
242 1122 534 1177 optimatium,
567 1121 902 1176 municipiorum
937 1119 1087 1169 hostis,
1118 1131 1255 1159 meras
1288 1123 1569 1178 proscriptio-

131 1193 229 1230 nes;
261 1193 399 1219 meros
423 1178 585 1220 Sullas:
610 1193 706 1233 quae
734 1178 965 1218 Lucceium
988 1176 1134 1231 loqui?
1163 1189 1259 1229 quae
1285 1188 1418 1219 totam
1445 1180 1569 1222 Grec-

131 1236 274 1278 ciam?
305 1239 344 1269 73
359 1250 456 1290 quae
481 1249 581 1276 vero
603 1234 943 1291 Theophanem?
975 1245 1018 1275 et
1041 1244 1183 1274 tamen
1206 1235 1346 1275 omnis
1378 1251 1473 1292 spes
1506 1254 1570 1280 sa-

132 1292 234 1333 lutis
258 1293 299 1333 in
324 1292 405 1333 illis
437 1302 524 1334 est:
559 1302 602 1333 et
633 1307 715 1348 ego
747 1294 918 1333 excubo
950 1293 1110 1342 animo,
1132 1303 1212 1331 nec
1244 1302 1408 1347 partem
1442 1295 1570 1338 ullam

131 1350 258 1405 capio
280 1350 463 1405 quietis:
496 1359 553 1400 et,
577 1360 624 1391 ut
647 1350 724 1390 has
747 1360 887 1405 pestes
908 1349 1130 1405 effugiam,
1153 1362 1250 1388 cum
1275 1349 1571 1396 dissimillimis

132 1408 268 1447 nostri
307 1422 399 1448 esse
434 1407 581 1462 cupio.
643 1407 760 1454 Quid
801 1407 916 1448 enim
955 1417 999 1448 tu
1045 1406 1131 1447 illic
1172 1405 1436 1464 Scipionem,
1469 1412 1573 1466 quid

135 1464 358 1515 Faustum,
391 1465 493 1519 quid
534 1465 743 1505 Libonem
783 1465 1166 1520 praetermissurum
1212 1465 1380 1507 sceleris
1421 1472 1575 1523 putas?

133 1536 316 1576 quorum
358 1522 590 1563 creditores
634 1523 865 1563 convenire
908 1523 1125 1563 dicuntur.
1158 1522 1261 1576 quid
1304 1538 1376 1564 eos
1415 1537 1575 1577 autem,

133 1593 231 1619 cum
254 1579 449 1629 vicerint,
472 1580 566 1619 74in
590 1579 705 1619 cives
728 1578 986 1621 effecturos?
1009 1593 1137 1634 qnam
1156 1593 1256 1619 vero
1279 1583 1575 1638 Τὸμκκςοψυχίαυ

138 1634 261 1677 Cnaei
286 1637 419 1678 nostri
442 1639 558 1678 esse?
588 1637 791 1677 nuntiant
814 1636 1073 1692 AEgyptum,
1095 1647 1138 1676 et
1161 1636 1366 1678 Arabiam
1388 1641 1574 1693 εὐδαίμονα,

133 1702 176 1733 et
197 1698 461 1746 Mecomwfaa‘av
484 1694 693 1750 cogitare,
717 1693 976 1749 Hispaniam
1001 1693 1225 1748 abjecisse.
1256 1706 1448 1736 monstra
1480 1711 1574 1737 nar·
1597 1744 1600 1747 Ι

134 1760 254 1802 rant3
276 1765 373 1805 quae
395 1750 500 1791 falsa
520 1766 611 1791 esse
634 1762 829 1807 possunt.
852 1752 924 1792 sed
947 1761 1063 1792 certe
1086 1761 1129 1791 et
1153 1752 1246 1792 haec
1272 1752 1439 1808 perdita
1461 1765 1575 1807 sunt,

131 1816 176 1849 et
197 1807 269 1848 illa
286 1822 371 1848 non
393 1808 608 1849 salutaria.
640 1808 753 1849 Tuas
777 1809 938 1849 litteras
954 1809 1046 1864 jam
1071 1808 1281 1851 desidero.
1304 1820 1400 1865 po÷t
1424 1810 1571 1867 fugam

136 1875 325 1906 nostram
348 1865 389 1898 76
404 1880 637 1921 numquam
663 1866 754 1920 jam
790 1876 982 1907 nostrum
1006 1880 1153 1906 earum
1176 1866 1447 1908 intervallum
1474 1869 1571 1910 fuit.

137 1921 243 1962 Misi
283 1922 335 1962 ad
375 1931 417 1963 te
454 1923 700 1979 exemplum
735 1923 973 1964 litterarum
1008 1938 1199 1964 mearum
1235 1924 1288 1965 ad
1329 1923 1617 1980 Caesarem3b·

136 1979 293 2034 quibus
316 1994 384 2020 me
406 1980 567 2035 aliquid
590 1980 882 2036 profecturum
907 1990 1026 2036 puto.

352 2062 587 2106 CICERO
621 2064 755 2106 IMP.
788 2065 833 2106 S.
858 2065 916 2106 D.
950 2064 1192 2107 CAESARI
1227 2064 1361 2107 IMP.

137 2117 237 2171 UT
271 2130 354 2186 legi
396 2141 489 2173 tuas
522 2132 699 2183 litteras,
736 2148 840 2188 quas
880 2149 904 2174 a
935 2133 1096 2173 Furnio
1133 2143 1280 2174 nostro
1314 2149 1580 2191 acceperam,

139 2188 297 2243 quibus
331 2203 501 2230 mecum
533 2191 707 2246 agebas,
745 2200 793 2231 ut
827 2190 879 2232 ad
914 2191 1060 2231 urbem
1103 2205 1264 2242 essem,
1299 2202 1339 2231 te
1373 2192 1479 2233 velle
1519 2194 1579 2234 uti

179 2321 217 2351 71
242 2319 304 2349 illa
329 2329 403 2349 vero
431 2320 553 2360 omnes]
592 2320 734 2361 Nempe,
765 2331 837 2360 quae

135 2365 211 2400 post
239 2366 479 2399 memorantur,
507 2373 668 2393 sermones
696 2364 839 2394 minaces

136 2403 196 2433 ἃς.
213 2403 275 2434 int.
293 2404 521 2435 nunciabant?
546 2416 584 2435 ex
601 2405 749 2436 anteced.
785 2407 837 2436 Sic

136 2449 171 2474 et
186 2446 272 2476 infra
287 2446 324 2476 de
342 2446 411 2476 his:
436 2452 466 2477 et
488 2449 548 2478 illa
572 2458 636 2478 non
657 2449 836 2479 salutaria.

138 2486 200 2517 Sed
223 2489 407 2527 suspicatus
433 2498 519 2530 saepe
547 2499 634 2527 sum,
662 2490 837 2529 legendum

139 2538 208 2559 esse
224 2531 274 2560 illi
289 2541 319 2561 v.
336 2540 456 2562 omnes.

182 2573 222 2604 72
244 2574 299 2612 qui
309 2574 492 2612 prudentia
509 2573 583 2613 &c.]
605 2574 686 2604 Haec
701 2582 780 2604 sunt
793 2574 840 2604 vi-

143 2612 240 2650 tiosa,
268 2624 327 2645 nec
357 2616 520 2655 intelligo.
544 2626 604 2647 nec
627 2616 702 2646 aliae
725 2617 840 2646 lectio-

144 2664 213 2692 nes,
230 2661 269 2686 ut
291 2656 363 2687 edd.
379 2668 430 2698 pr.
445 2659 500 2698 qui
517 2668 575 2698 pr.
590 2660 699 2699 potius
721 2669 752 2688 α.
769 2659 839 2698 pla-

142 2702 240 2727 cent:
266 2707 325 2728 nec
353 2700 540 2730 emendatio
565 2701 686 2731 Gra-vii
713 2701 841 2732 satisfa-

143 2739 201 2775 eit,
218 2749 284 2779 qua
296 2750 350 2780 pr.
363 2746 453 2780 potes
467 2743 644 2773 attendere.

183 2784 224 2814 73
247 2791 317 2821 quae
331 2793 406 2813 vero
422 2784 662 2825 Theophanem]
688 2795 764 2815 vero
786 2785 839 2816 hic

142 2829 253 2862 auget.
276 2834 349 2863 quae
370 2825 451 2856 adeo
471 2827 710 2867 Theophanem
734 2828 838 2866 loqui,

144 2867 198 2904 qni
221 2866 264 2895 sit
285 2866 386 2896 homo
409 2869 532 2898 nullius
554 2870 588 2899 in
613 2880 680 2909 rep.
705 2869 840 2900 honoris

141 2913 199 2939 ant
215 2907 399 2948 dignitatis,
413 2910 466 2949 qui
482 2911 519 2942 de
535 2911 654 2942 talibus
671 2912 757 2950 loqui
773 2921 840 2942 non

881 2321 1022 2396 depiagl
1037 2363 1119 2393 cives
1132 2362 1319 2404 effecturos]
1346 2365 1456 2396 Prima
1477 2367 1510 2396 in
1535 2366 1582 2406 ‘gf'-

869 2404 1022 2444 secturos
1035 2416 1074 2435 ex
1090 2406 1210 2436 ultima
1225 2407 1257 2436 in
1271 2408 1354 2437 cives
1369 2408 1478 2447 potuit
1492 2410 1581 2440 oriri.

881 2458 958 2477 nain
982 2458 999 2477 e
1021 2457 1079 2477 sua
1101 2449 1340 2479 consuetudine
1364 2450 1479 2481 Cicero
1494 2452 1581 2482 vide-

881 2494 938 2520 tur
952 2490 1073 2520 dixisse
1087 2491 1121 2520 in
1137 2489 1394 2530 civessacturos.
1409 2494 1455 2523 sic
1471 2493 1505 2523 in
1520 2494 1581 2526 tali

883 2542 916 2562 re
931 2541 1067 2571 semper.

924 2577 965 2607 75
987 2574 1222 2618 μακξοψυχίαν]
1247 2576 1441 2608 Rectissime
1463 2578 1582 2617 probat

883 2616 1029 2647 Graevius
1061 2619 1299 2648 correctionem
1328 2620 1388 2650 viri
1415 2620 1503 2649 docti
1527 2632 1579 2661 ap.

884 2659 1076 2690 Manutium
1105 2661 1327 2703 μικροψυχίαν.
1361 2671 1437 2691 nain
1475 2663 1581 2694 ironia

882 2700 935 2730 hic
950 2701 1061 2732 locum
1077 2712 1144 2732 non
1159 2703 1272 2741 habet,
1286 2709 1325 2734 ut
1340 2704 1468 2744 opinor.

926 2744 967 2778 76
989 2754 1172 2784 numquam
1190 2744 1270 2785 jam
1293 2751 1441 2776 nostrum
1464 2754 1582 2776 earum

880 2786 1094 2817 intervallum
1107 2786 1199 2826 fuit]
1227 2788 1300 2818 Hoc
1321 2793 1408 2818 certe
1426 2787 1580 2819 vitiosum

882 2834 943 2858 est.
989 2829 1158 2859 eorrectio
1182 2831 1270 2860 varia
1295 2835 1356 2861 est.
1404 2828 1582 2866 Levissima

882 2876 931 2901 est
947 2869 1085 2902 delendo
1101 2875 1260 2902 mserum.
