1940 3231
283 132 360 169 5⁴28
701 128 885 172 EPIST.
913 128 994 171 AD
1018 133 1309 178 ATTICUM,

283 247 392 276 nem*
421 235 629 288 ascendit,
665 252 795 293 quam
831 236 1002 295 Appius
1037 239 1076 280 ei
1109 239 1243 281 dedit.
1281 241 1319 270 14
1334 236 1507 280 nuntiat
1532 235 1627 292 jam
1656 250 1736 294 po-

287 292 406 348 pulo,
449 294 679 349 pontifices
723 296 957 336 secundum
999 311 1043 339 se
1084 298 1349 349 decrevisse3
1390 309 1459 336 me
1500 303 1658 335 autem·
1691 295 1733 335 vi

281 350 431 391 conari
467 351 511 391 in
545 353 861 408 possessionem
887 353 1045 395 venire.
1078 354 1291 406 hortatur,
1318 363 1367 395 ut
1401 367 1447 394 se
1475 361 1518 393 et
1541 350 1736 407 Appium

281 417 532 463 sequantur,
555 419 597 450 et
621 424 740 450 suam
768 410 1032 451 Libertatem
1057 421 1104 452 ut
1126 411 1374 454 defendant.
1437 410 1525 451 Hic
1548 423 1647 450 cum
1670 418 1735 449 et-

278 465 365 505 iam
397 465 458 506 illi
490 466 629 507 infimi
665 468 822 523 partim
853 467 1181 520 admirarentur,
1209 470 1365 526 purtim
1398 467 1624 508 irriderent
1654 465 1735 507 ho-

277 522 408 564 minis
443 524 706 575 amentiam3
742 538 825 581 ego
860 534 1094 566 statueram
1131 527 1230 568 illuc
1265 542 1353 568 non
1390 525 1608 575 accedere,
1645 523 1728 564 nisi

275 593 376 621 cum
405 581 601 621 consules
629 595 683 622 ex
708 590 880 623 senatus
903 583 1103 625 consulto
1134 585 1349 640 porticum
1376 582 1521 624 Catuli
1553 581 1726 623 restitu-

274 638 430 678 endam
454 637 682 679 locassent.
717 638 816 680 Kal.
832 639 994 680 Octob.
1019 640 1201 682 habetur
1223 650 1394 683 senatus
1418 639 1633 696 frequens.
1650 638 1727 679 ad-

273 694 480 735 hibentur
511 710 660 737 omnes
694 696 938 752 pontificem,
970 699 1043 752 qui
1076 708 1198 739 erant
1238 708 1478 740 senatores:
1511 713 1537 738 a
1566 697 1726 752 quibus

274 751 573 803 Marcellinus,
596 753 669 808 qui
696 763 787 794 erat
817 755 1123 810 cupidissimus
1154 757 1253 807 mei,
1277 756 1534 797 sententiam
1559 754 1723 811 pri-inus

272 819 466 865 rogatus,
497 810 715 865 quaesivit,
745 811 848 865 quid
883 821 1026 852 essent
1058 813 1100 853 in
1136 814 1407 854 decernendo
1442 813 1592 853 secuti.
1631 823 1723 852 tum

272 865 343 907 M.
371 867 572 908 Lucullus
595 868 648 908 de
670 868 865 909 omnium
885 869 1147 925 collegarum
1169 871 1383 911 sententia
1407 869 1721 926 respondit‚re-

269 922 446 979 ligionis
471 924 644 979 judices
679 926 906 981 pontifices
939 926 1085 979 fuisse,
1108 927 1215 984 legis
1246 934 1468 969 senatum:
1501 941 1545 967 se
1565 930 1609 967 e‘t
1630 926 1720 968 col-

270 979 388 1037 legas
412 996 510 1022 suos
533 982 585 1023 de
616 983 825 1039 religione
857 985 1073 1036 statuisse,
1097 985 1140 1026 in
1165 994 1314 1026 senatu
1341 988 1377 1016 ¹5
1391 985 1444 1026 de
1465 983 1560 1041 lege
1583 992 1717 1025 statu-

269 1047 405 1080 turos.
427 1040 611 1095 quisque
642 1040 812 1093 horum,
842 1041 938 1082 loco
971 1042 1228 1084 sententiam
1262 1052 1455 1099 rogatuS,
1487 1041 1624 1082 multa
1653 1056 1718 1082 se-

268 1097 461 1138 cundum
483 1113 657 1138 causam
680 1108 870 1139 nostram
894 1099 1148 1156 disputavit.
1170 1115 1271 1141 cum
1302 1100 1355 1141 ad
1389 1099 1591 1141 Clodium
1615 1113 1718 1139 ven-

269 1163 363 1195 tum
384 1166 463 1206 est,
486 1156 626 1211 cupiit
649 1155 764 1197 diem
796 1172 1074 1210 consumere3
1106 1172 1243 1214 neque
1270 1159 1309 1199 ci
1342 1157 1438 1198 finis
1460 1166 1526 1197 est.
1547 1156 1714 1199 factas:

268 1211 341 1252 sed
365 1220 524 1264 tamen,
547 1228 645 1255 cum
669 1213 794 1255 horas
819 1215 894 1255 tris
918 1214 1005 1256 fere
1034 1215 1232 1268 dixisset,
1255 1216 1356 1256 odio
1377 1226 1422 1256 et
1443 1214 1627 1270 strepitu
1649 1228 1714 1254 se—

266 1278 393 1310 natus
425 1280 600 1312 coactns
632 1281 696 1312 est
727 1271 959 1327 aliquando
991 1287 1204 1328 perorare.
1239 1287 1339 1314 cnm
1378 1273 1500 1313 fieret
1540 1281 1713 1313 senatus

265 1326 511 1368 consultum
533 1327 575 1369 in
595 1329 852 1370 sententiam
878 1329 1149 1382 Marcellini3
1173 1331 1375 1372 omnibus
1398 1339 1556 1386 praeter
1577 1343 1712 1370 unum

265 1385 616 1438 assentientibus,
639 1386 845 1428 Serranus
873 1387 1131 1429 intercessit.
1154 1388 1206 1430 de
1235 1389 1541 1429 intercessione
1564 1387 1713 1431 statim

146 1476 182 1507 3,-
199 1467 250 1498 55.
265 1442 394 1483 ambo
413 1443 610 1484 consules
632 1443 788 1485 referre
807 1455 1052 1500 coeperunt.
1075 1460 1173 1487 cum
1194 1446 1420 1486 sententiae
1443 1444 1712 1502 gra-vissimae

216 1499 534 1553 a.dice1‘entur;
567 1502 733 1542 senatui
770 1502 952 1558 placere,
985 1502 1093 1544 mihi
1131 1504 1309 1545 domum
1351 1503 1535 1554 restitui,
1574 1501 1710 1558 porti-

261 1572 359 1598 cum
386 1557 531 1599 Catuli
554 1558 702 1611 locari,
724 1559 1027 1601 auctoritatem
1056 1560 1218 1602 ordinis
1250 1562 1309 1602 ab
1337 1561 1540 1601 omnibus
1570 1559 1710 1615 magi-

261 1615 466 1656 stratibus
498 1615 696 1668 defendi3
727 1617 759 1657 si
794 1631 891 1672 quae
927 1618 990 1658 vis
1021 1627 1131 1659 esset
1167 1617 1297 1670 facta,
1328 1628 1523 1659 senatum
1557 1617 1710 1658 existi·

259 1683 494 1724 maturum,
516 1674 610 1728 ejus
632 1689 764 1730 opera
795 1675 959 1716 factum
991 1690 1097 1727 esse,
1120 1676 1194 1732 qui
1217 1685 1389 1717 senatus
1411 1674 1610 1716 consulto
1642 1674 1708 1715 in-

261 1732 548 1773 tercessisset:
588 1733 792 1773 Serranus
829 1733 1083 1788 pertiinuit3
1124 1745 1169 1774 et
1205 1733 1466 1775 Cornicinus
1501 1732 1554 1774 ad
1587 1741 1714 1774 suam.

260 1787 302 1818 16
313 1797 501 1830 veterem
525 1787 714 1832 fabulam
739 1790 894 1831 rediit:
927 1791 1100 1846 abjecta
1129 1802 1247 1846 toga,
1270 1805 1314 1832 se
1341 1794 1376 1824 17
1388 1791 1441 1832 ad
1464 1790 1615 1846 generi·
1637 1804 1709 1847 pe-

254 1845 333 1886 des
364 1846 541 1902 abjecit.
575 1847 645 1888 ille
675 1857 849 1888 noctem
881 1848 964 1889 sibi
987 1847 1249 1905 postulavit:
1282 1863 1366 1890 non
1393 1848 1706 1890 concedebant.

262 1905 299 1933 ¹8
314 1904 702 1946 reminiscebantur
734 1905 849 1945 enim
887 1905 987 1946 Kal.
1008 1906 1188 1949 Januar.
1214 1910 1251 1941 19
1263 1907 1336 1947 vix
1367 1915 1513 1947 tamen
1535 1906 1588 1946 de
1609 1919 1707 1946 mea

258 1959 482 2003 voluntate
513 1977 768 2003 concessum
799 1973 879 2004 est.
911 1964 1121 2018 postridie
1153 1974 1325 2004 senatus
1355 1962 1602 2005 consultum
1641 1962 1706 2004 fa-

256 2029 378 2059 ctum
400 2032 466 2060 est
489 2020 545 2071 id,
565 2020 681 2076 quod
704 2020 756 2061 ad
782 2029 824 2060 te
846 2020 959 2061 misi.
982 2021 1138 2062 deinde
1157 2021 1353 2062 consules
1379 2020 1595 2077 porticum
1619 2019 1704 2062 Ca-

257 2076 336 2117 tuli
375 2079 686 2119 restituendam
719 2078 940 2120 locarunt:
972 2081 1015 2110 20
1029 2078 1143 2120 illam
1186 2079 1403 2136 porticum
1440 2078 1707 2120 redemtoree

299 2194 337 2222 14
358 2193 497 2223 nunciat
511 2191 591 2233 jam
613 2192 748 2232 populo]
775 2192 956 2233 Displicuit

252 2234 331 2264 viris
353 2233 458 2265 doctis
472 2234 564 2276 jam,
582 2235 678 2275 idque
694 2236 782 2266 varie
804 2247 822 2266 e
844 2235 954 2274 conje-

252 2283 349 2307 ctura
378 2283 412 2308 et
441 2278 532 2308 libris
555 2288 616 2308 scr.
643 2288 823 2309 correxere.
868 2277 954 2309 Edd.

253 2329 303 2359 pr.
320 2319 445 2351 habent
463 2320 570 2360 primo
584 2322 746 2351 nunciant
758 2333 767 2350 .·
781 2319 870 2361 quod
887 2330 956 2350 non

251 2363 455 2402 spreverim3
486 2373 564 2393 nam
586 2363 628 2394 ad
655 2363 807 2393 Clodium
830 2368 864 2394 et
887 2364 953 2403 Ap-

251 2405 343 2444 pium
358 2405 457 2436 simul
473 2406 637 2445 pertinere
659 2410 783 2446 potest,
799 2415 896 2446 quem
920 2410 955 2436 et

250 2452 327 2487 post
341 2456 417 2477 cum
433 2447 549 2479 Clodio
572 2449 757 2488 conjungit.
772 2447 854 2489 jam
875 2458 954 2480 sane

250 2499 362 2519 verum
388 2499 455 2520 non
477 2490 618 2520 videtur.
643 2501 686 2521 an
711 2491 838 2522 factum
861 2496 911 2521 est
935 2502 953 2521 e

247 2532 352 2562 tum?
375 2539 413 2562 ut
427 2533 547 2572 passim
561 2532 597 2562 in
616 2533 706 2563 libris
729 2534 859 2574 scriptis
882 2533 953 2564 ani-

249 2573 459 2605 madversum
484 2580 535 2605 est
557 2575 628 2605 fieri
651 2576 785 2606 solitum
809 2586 830 2607 a
850 2576 952 2607 libi-a-

248 2617 317 2647 riis.
331 2616 528 2647 Tunstallus
544 2627 576 2657 p.
594 2620 645 2649 88.
661 2619 798 2649 nunciat
813 2619 849 2649 in
863 2620 952 2650 omni

241 2661 373 2700 popvdo.
391 2668 459 2690 non
475 2660 570 2690 bene.

295 2704 332 2732 15
361 2702 400 2732 de
429 2704 498 2741 Iege
525 2702 721 2742 statuturos]
752 2701 948 2733 Tunstallus

244 2744 368 2776 ibidem
383 2744 474 2775 addit
496 2754 571 2775 cum
594 2746 808 2781 senatoribus,
821 2756 838 2775 e
852 2745 948 2781 libro,

245 2787 304 2825 qui
325 2786 461 2817 haberet
484 2797 557 2817 cum
575 2791 703 2817 senata.
749 2787 813 2817 Sed
835 2787 867 2817 id
889 2787 945 2817 fri-

205 2826 207 2828 ’
242 2827 320 2868 gide
344 2829 518 2860 redhndat.
547 2830 633 2860 inest
657 2829 690 2860 in
712 2834 841 2860 senatu.
872 2834 948 2869 post

243 2873 290 2902 sic
307 2873 460 2912 corrigit:
478 2872 596 2912 Itaque
609 2880 666 2902 suo
681 2872 813 2912 quisque
829 2873 947 2902 horum

241 2915 310 2945 loco
323 2925 352 2945 r.
367 2924 393 2945 s.
441 2915 558 2954 Imque
581 2924 648 2945 non
668 2913 818 2955 displicet
833 2915 945 2950 nimis,

998 2192 1054 2223 sed
1077 2197 1192 2224 tamen
1214 2203 1271 2224 suo
1293 2193 1478 2232 commode,
1501 2199 1541 2224 ut
1565 2191 1642 2225 alibi
1666 2194 1701 2224 in

998 2236 1059 2267 tali
1075 2245 1185 2272 sensu,
1201 2236 1304 2267 abest'.
1501 2274 1504 2275 .

1046 2278 1082 2309 16
1104 2282 1245 2309 veterem
1262 2277 1442 2318 fabula-m]
1472 2278 1555 2308 Vide
1583 2282 1702 2309 notam

999 2320 1039 2351 ad
1056 2321 1154 2352 verba
1167 2322 1460 2352 reminiscebemtur
1475 2319 1520 2351 K.
1535 2320 1574 2352 J.

1045 2366 1080 2397 17
1111 2364 1159 2394 ad
1188 2364 1318 2404 generi]
1359 2364 1501 2394 Serrani.
1536 2361 1623 2393 conf.
1659 2361 1701 2393 ad

996 2405 1091 2446 Quir.
1108 2416 1139 2446 p.
1156 2406 1198 2437 R.
1216 2409 1246 2437 5.
1264 2411 1299 2437 et
1314 2406 1406 2438 Clav.
1422 2406 1458 2437 in
1478 2405 1615 2445 oppius.

1044 2451 1080 2480 18
1096 2449 1213 2479 remia.
1227 2448 1310 2480 Kal.
1323 2448 1420 2488 dam]
1440 2447 1567 2488 Quibus
1583 2446 1706 2477 eodem-⁷

996 2491 1108 2528 modo,
1133 2491 1223 2522 velut
1250 2491 1353 2521 soceri
1378 2491 1527 2530 precibus
1549 2498 1697 2520 commo-

994 2540 1063 2570 tus,
1079 2543 1155 2564 cum
1168 2534 1313 2574 spatium
1329 2533 1496 2572 cogitandi
1513 2532 1648 2572 petisset
1663 2538 1699 2562 ct

993 2576 1216 2617 impetrasset,
1223 2581 1339 2606 tamen
1347 2574 1616 2606 intercessionem
1627 2583 1703 2605 non»

993 2618 1199 2649 retractavit.

1038 2663 1075 2695 19
1096 2661 1154 2690 vix
1172 2664 1283 2691 tamen
1297 2659 1357 2690 sibi
1379 2658 1455 2698 δια]
1483 2658 1554 2690 Sibe·
1575 2656 1694 2694 delevi,

991 2707 1030 2733 ut
1046 2702 1151 2733 voluit
1166 2702 1324 2733 Faernus.
1340 2706 1390 2732 est
1405 2703 1495 2733 enim
1511 2700 1632 2731 eontra'
1644 2701 1691 2731 la-

989 2745 1175 2782 tinitatem,
1190 2744 1385 2784 deberetque
1408 2753 1477 2776 esse
1497 2744 1558 2774 ilii..
1575 2751 1625 2774 est
1642 2754 1691 2774 re·-

990 2787 1134 2828 petitnm
1150 2798 1168 2817 e
1183 2788 1330 2828 proxime
1345 2786 1579 2826 superioribus·

1032 2833 1073 2861 20
1095 2831 1191 2860 illam
1202 2829 1382 2870 porticum]
1408 2829 1509 2869 Quasi
1526 2827 1689 2871 Clodi—aui,

990 2872 1068 2912 quia
1095 2873 1137 2904 ab
1161 2882 1201 2904 co
1227 2871 1376 2912 quaedam
1402 2871 1436 2902 in
1466 2882 1504 2903 eci
1530 2869 1692 2902 aedificata

990 2921 1098 2946 erant.
