1940 3231
325 162 403 197 ⁶52
750 158 934 199 EPIST.
960 159 1039 198 AD
1064 158 1349 206 ATTICUM,

322 261 472 304 omnia
501 261 619 319 prius
652 262 883 306 arbitratus
916 279 1008 306 sum
1047 264 1153 317 fore,
1187 280 1316 321 quam
1348 271 1397 306 ut
1424 262 1521 306 haec
1553 262 1757 320 reipubli-

321 335 387 362 cae
429 335 557 362 causa
593 320 636 360 in
675 319 803 362 Italia
838 336 924 363 non
963 332 1108 379 posset
1141 323 1250 364 duce
1284 334 1325 364 te
1362 322 1608 364 consistere.
1669 321 1757 362 Ne-

321 392 406 434 que
435 392 536 419 vero
568 392 682 418 nunc
712 378 940 420 consilium
971 391 1092 420 tuum
1123 380 1403 436 reprehendO,
1435 378 1508 420 sed
1539 378 1758 420 fortunam

320 435 573 492 reipublicae
595 434 748 490 lugeo:
781 449 874 487 nec,
895 436 929 477 si
951 450 1048 492 ego,
1069 438 1174 492 quid
1197 446 1240 479 tu
1268 438 1323 479 sis
1346 446 1531 487 secutuS,
1553 450 1640 477 non
1664 449 1759 490 per-

321 493 475 548 spicio,
497 491 658 533 idcirco
681 492 822 533 minus
851 493 1069 544 existimo,
1098 503 1140 534 te
1161 495 1269 536 nihil
1290 495 1371 536 nisi
1395 507 1563 535 summa
1593 493 1760 534 ratione

319 549 487 592 fecisse.
534 548 639 590 Mea
661 563 758 604 quae
782 563 949 606 semper
970 550 1100 591 fuerit
1122 553 1347 603 sententia,
1370 552 1556 609 primum
1577 549 1630 591 de
1653 564 1759 605 pace

320 608 388 648 vel
410 606 558 661 iniqua
595 606 845 648 conditione
876 607 1112 659 retinenda,
1134 608 1288 650 deinde
1321 610 1374 650 de
1412 609 1528 659 urbe,
1551 613 1669 658 (nam
1705 606 1760 648 de

320 663 450 705 Italia
472 663 645 718 quidem
667 663 776 705 nihil
797 663 903 705 mihi
927 679 1132 721 uinquam
1151 666 1431 717 ostenderas,)
1452 664 1698 706 meminisse
1713 673 1757 705 te

320 721 520 761 arbitror.
552 720 625 762 sed
647 720 752 763 mihi
776 735 863 764 non
883 737 1020 774 sumo,
1040 732 1089 764 ut
1110 737 1254 764 meum
1275 723 1501 765 consilium
1524 721 1663 763 valere
1683 721 1758 762 de-

319 778 488 819 buerit:
521 789 692 820 secutus
715 793 808 820 sum
839 789 986 832 tuum;
1017 794 1155 836 neque
1182 780 1226 821 id
1260 779 1510 836 reipublicae
1538 793 1680 829 causa,
1703 778 1757 820 de

321 849 407 890 qua
424 835 662 891 desperavi,
685 851 782 891 quae
801 846 844 878 et
864 851 979 879 nunc
1001 838 1162 879 afflicta
1181 845 1261 888 est,
1284 852 1363 879 nec
1385 836 1566 878 excitari
1589 837 1680 878 sine
1696 835 1758 877 ci-

314 892 396 933 ·vili
421 893 787 948 perniciosissimo
811 894 920 935 bello
945 904 1111 951 potest:
1148 895 1221 935 sed
1245 904 1286 935 te
1307 894 1579 950 quaerebam:
1612 903 1757 934 tecum

320 963 412 990 esse
434 950 688 1006 cupiebam:
721 965 861 1007 neque
881 951 975 1008 ejus
997 951 1056 992 rei
1079 950 1344 1002 facultatem,
1367 951 1402 991 si
1423 966 1508 1006 qua
1528 951 1623 1002 erit,
1646 965 1757 1006 prae·

318 1006 573 1049 termittam.
635 1007 731 1064 Ego
754 1024 822 1049 me
845 1009 889 1050 in
911 1009 991 1051 hac
1014 1010 1132 1050 omni
1164 1023 1292 1050 causa
1313 1007 1438 1049 facile
1459 1007 1755 1063 intelligebam

319 1065 543 1120 pugnandi
565 1066 734 1122 cupidis
755 1066 1005 1108 hominibus
1026 1081 1113 1108 non
1136 1065 1395 1107 satisfacere.
1432 1065 1618 1121 primum
1639 1065 1756 1106 enim

319 1136 406 1176 prae
430 1136 500 1163 me
522 1122 615 1174 tuli,
638 1137 706 1164 me
726 1124 835 1165 nihil
854 1123 994 1175 malle,
1012 1138 1140 1180 quam
1165 1138 1341 1180 pacem3
1372 1137 1459 1165 non
1479 1122 1584 1176 quin
1605 1122 1754 1163 eadem

184 1187 217 1217 P·
236 1180 304 1208 ¹23·
318 1179 529 1231 timerem,
551 1195 649 1235 quae
672 1180 759 1223 illi:
792 1181 864 1222 sed
895 1196 946 1223 ea
969 1181 1078 1222 bello
1100 1181 1217 1222 civili
1252 1181 1413 1222 leviora
1433 1179 1659 1220 ducebam.
1689 1180 1757 1220 in-

317 1236 385 1287 de,
408 1248 608 1292 suscepto
630 1238 758 1289 bello,
774 1253 874 1280 cum
896 1239 1013 1295 pacis
1035 1238 1305 1280 conditiones
1327 1238 1380 1279 ad
1404 1247 1446 1278 te
1467 1235 1623 1288 afferri,
1646 1251 1672 1277 a
1693 1246 1756 1277 te-

316 1309 400 1349 que
433 1295 484 1335 ad
522 1309 573 1335 ea
604 1295 842 1337 honorifice
877 1306 921 1337 et
955 1296 1073 1351 large
1105 1295 1351 1351 responderi
1388 1294 1601 1345 viderem3
1646 1292 1754 1335 duxi

315 1365 456 1393 meam
478 1353 715 1404 rationem;
745 1368 875 1409 quam
905 1353 986 1394 tibi
1009 1353 1134 1394 facile
1163 1368 1231 1394 me
1254 1353 1548 1409 probaturum,
1570 1365 1648 1407 pro
1677 1359 1753 1391 tuo

317 1410 360 1449 in
385 1423 453 1449 me
488 1409 713 1462 beneficio,
744 1411 997 1453 arbitrabar.
1058 1410 1347 1452 Memineram
1376 1424 1445 1451 me
1477 1422 1568 1450 esse
1602 1422 1753 1458 unum,

280 1464 284 1468 ’
317 1468 391 1521 qui
423 1481 498 1522 pro
522 1467 626 1507 meis
649 1468 850 1509 maximis
870 1468 914 1509 in
933 1468 1244 1523 rempublicam
1264 1467 1425 1509 meritis
1445 1464 1656 1522 supplicia
1674 1465 1754 1506 mi-

318 1524 497 1565 serrima
517 1534 560 1564 et
582 1525 876 1566 crudelissima
904 1525 1200 1581 pertulissem:
1232 1540 1299 1565 me
1321 1539 1412 1565 esse
1432 1538 1580 1574 unum,
1602 1522 1693 1578 qui,
1715 1521 1750 1563 si

316 1580 592 1622 offendissem
615 1581 707 1637 ejus
740 1583 947 1633 animum,
970 1582 1038 1624 cui
1062 1592 1171 1632 tum,
1192 1596 1290 1623 cum
1306 1582 1402 1637 jam
1424 1581 1468 1622 in
1489 1581 1618 1621 armis
1639 1593 1753 1621 esse-

315 1653 426 1688 mus,
458 1638 704 1680 consulatus
728 1649 869 1680 tamen
891 1639 1011 1691 alter,
1033 1648 1077 1680 et
1100 1639 1343 1696 triumphus
1369 1637 1656 1694 amplissimus
1677 1635 1753 1677 de-

315 1694 547 1746 ferebatur,
570 1696 803 1751 subjicerer
836 1697 995 1738 eisdem
1017 1696 1182 1753 proeliis
1202 1713 1211 1738 :
1246 1707 1291 1738 ut
1312 1710 1408 1736 mea
1437 1708 1618 1751 persona
1639 1707 1751 1735 sem-

314 1766 392 1808 per
414 1754 466 1794 ad
488 1753 785 1809 improborum
806 1754 966 1795 civium
988 1754 1176 1810 impetus
1196 1754 1237 1785 64
1250 1752 1411 1808 aliquid
1440 1751 1654 1794 videretur
1672 1750 1751 1792 ha-

314 1810 416 1851 bere
447 1811 666 1866 populare.
697 1821 827 1866 atque
857 1811 952 1853 haec
982 1826 1069 1852 non
1102 1826 1186 1867 ego
1217 1810 1334 1867 prius
1365 1824 1459 1851 sum
1492 1810 1752 1866 suspicatus,

311 1881 443 1923 quam
466 1867 572 1908 mihi
595 1867 735 1924 palam
755 1868 1009 1910 denuntiata
1031 1879 1152 1910 sunt:
1189 1882 1327 1924 neque
1348 1882 1398 1909 ea
1422 1876 1510 1908 tam
1532 1866 1752 1923 pertimui,

312 1925 349 1966 si
370 1925 591 1966 subeunda
611 1935 767 1976 essent,
791 1941 919 1981 quam
953 1926 1206 1967 declinanda
1233 1925 1396 1982 putavi,
1419 1925 1454 1965 si
1486 1923 1666 1965 honeste
1688 1922 1753 1964 vi·

312 1989 403 2023 tare
428 1996 621 2038 possem:
654 1997 784 2038 quam
807 1985 979 2024 brevem
1001 1983 1112 2024 illius
1136 1982 1355 2038 temporis,
1379 1983 1477 2023 dum
1500 1983 1542 2022 in
1567 1995 1642 2037 spe
1663 1994 1751 2038 pax

312 2039 412 2091 fuit,
430 2039 640 2081 rationem
665 2048 854 2081 nostram
875 2041 1019 2092 vides;
1048 2041 1199 2097 reliqui
1218 2040 1468 2081 facultatem
1486 2053 1551 2080 res
1573 2037 1750 2080 ademit.

313 2095 374 2138 Iis
397 2107 556 2148 autem,
589 2097 745 2152 quibus
776 2112 862 2138 nou
900 2097 1133 2149 satisfacio,
1166 2097 1292 2139 facile
1324 2097 1578 2154 respondeo.
1609 2108 1750 2150 neque

310 2154 427 2195 enim
451 2169 532 2210 ego
557 2154 735 2196 amicior
759 2154 810 2196 C.
836 2154 996 2196 Caesari
1017 2169 1218 2211 umquam
1245 2154 1322 2205 fui,
1341 2169 1469 2210 quam
1492 2153 1548 2194 illi
1568 2170 1578 2197 :
1610 2165 1750 2207 neque

310 2209 373 2252 illi
409 2212 633 2253 amiciores
666 2212 932 2268 reipublicae,
954 2227 1083 2268 quam
1105 2227 1204 2269 ego.
1236 2212 1318 2253 hoc
1340 2212 1451 2253 inter
1471 2225 1541 2252 me
1572 2218 1616 2251 et
1652 2208 1747 2250 illos

310 2267 518 2320 interest3
549 2269 678 2324 quod,
700 2284 798 2310 cum
822 2279 864 2310 et
885 2270 943 2311 illi
977 2270 1091 2311 cives
1122 2270 1278 2326 optimi
1298 2269 1397 2321 sint,
1418 2277 1463 2310 et
1488 2282 1571 2324 ego
1592 2267 1646 2308 ab
1667 2266 1750 2308 ista

309 2323 436 2367 laude
457 2341 544 2367 non
568 2327 720 2378 absim,
742 2341 824 2382 ego
855 2327 1194 2379 conditionibus,
1215 2326 1331 2382 quod
1363 2327 1476 2368 idem
1509 2335 1550 2367 te
1580 2323 1746 2365 intelle-

311 2397 460 2424 xeram
492 2383 612 2436 velle,
640 2383 700 2424 illi
731 2384 859 2425 armis
881 2384 1111 2440 disceptari
1132 2384 1388 2426 maluerunt.
1419 2398 1516 2439 quae
1538 2381 1743 2438 quoniam

310 2441 421 2481 ratio
444 2440 571 2492 vicit3
613 2441 832 2497 perficiam
862 2441 1072 2497 profecto,
1106 2451 1155 2483 ut
1186 2456 1325 2498 neque
1363 2440 1604 2498 respublica
1637 2438 1745 2481 civis

311 2510 338 2536 a
358 2511 427 2538 me
450 2498 656 2551 animum,
677 2513 815 2554 neque
838 2508 883 2540 tu
906 2499 1032 2540 amici
1056 2499 1283 2541 desideres.

250 2589 301 2627 12
743 2587 977 2630 CICERO
1006 2587 1235 2630 ATTICO
1267 2588 1312 2629 S.

313 2638 482 2695 MIHI
512 2654 731 2696 molestior
757 2656 972 2713 lippitudo
1004 2665 1096 2697 erat
1126 2657 1272 2708 etiam,
1293 2669 1420 2711 quam
1454 2662 1554 2696 ante
1586 2653 1741 2696 fuerat.

310 2712 473 2754 dictare
508 2722 649 2753 tamen
682 2712 793 2754 hanc
824 2713 1050 2769 epistolam
1084 2714 1228 2764 malui,
1264 2727 1391 2768 quam
1426 2711 1552 2754 Gallo
1586 2712 1738 2763 Fabio,

308 2770 604 2813 amantissimo
635 2770 857 2826 utriusque
878 2771 1088 2823 nostram,
1117 2770 1224 2812 nihil
1255 2771 1308 2812 ad
1340 2779 1383 2811 te
1404 2769 1638 2811 litterarum
1662 2769 1737 2811 da·

532 2910 574 2942 64
594 2911 720 2952 aliquid
744 2912 861 2944 habere
878 2910 1055 2953 populare]
1083 2921 1113 2944 v,
1129 2912 1170 2944 ad
1184 2921 1238 2955 ep.
1255 2913 1285 2944 3.
1301 2910 1398 2952 hujus
1411 2910 1500 2944 libri.
