1940 3231
358 141 439 191 ³40
721 144 904 192 'misr
932 147 1008 192 AD
1033 158 1082 198 Q.
1110 155 1415 205 FRATREM,

362 255 628 297 vendialibus
653 257 701 298 iis
726 258 856 310 feriis,
878 274 972 315 quae
994 261 1165 302 fuerunt
1184 262 1399 305 Tuditano
1422 273 1464 306 et
1484 264 1659 321 Aquilio
1681 275 1786 310 eon-

362 314 539 364 sulibus,
577 329 713 355 sermo
750 326 815 356 est
854 331 877 356 a
917 331 982 357 me
1015 319 1232 360 institutus
1263 322 1471 374 Africani,
1506 324 1645 378 paullo
1683 336 1783 366 ante

362 385 560 423 mortem,
590 384 630 414 et
667 372 800 420 Laelii,
834 372 962 423 Phili,
1001 374 1181 427 Manilii,
1214 379 1269 424 Q.
1302 374 1541 420 Tuberonis
1572 391 1614 421 et
1647 382 1784 432 Laelii,

364 444 617 485 generorum
652 429 817 478 Fannii,
841 441 883 468 ct
912 432 1143 473 Scaevolae:
1177 447 1313 475 sermo
1335 447 1474 477 autem
1501 438 1542 477 in
1567 453 1720 479 novem
1744 450 1788 480 et

363 488 454 528 dies
489 499 532 527 et
566 488 694 527 libros
727 486 980 527 distributus
1011 488 1063 529 ‹le
1095 490 1259 544 optimo
1292 503 1403 534 statu
1436 495 1638 545 civitatis,
1660 506 1703 536 et
1734 496 1787 537 de

365 546 530 601 optimo
554 546 671 586 cive:
703 557 802 584 Sane
826 544 1052 584 texebatur
1079 560 1185 601 opus
1208 546 1454 601 luculenter,
1479 551 1787 607 hominumque

313 604 550 658 b-diguitas
584 601 847 656 aliqtiautum
881 602 1062 642 orationi
1098 604 1294 658 ponderis
1322 606 1540 649 afferebat.
1603 608 1662 650 Hi
1687 609 1785 650 libri

359 675 460 701 cum
492 660 531 699 in
561 657 803 699 Tusculano
827 658 932 699 milri
955 658 1210 714 legerentur,
1232 662 1432 705 audiente
1455 664 1679 707 Sallustio:
1713 666 1787 707 ad-

359 717 550 757 monitus
573 730 665 756 sum
688 716 742 755 ab
766 715 853 764 illo,
876 714 1010 755 multo
1036 717 1195 771 majore
1217 722 1471 762 auctoritate
1491 722 1569 763 illis
1589 722 1786 765 derebus

360 773 444 815 dici
483 787 618 829 posse,
654 774 684 812 si
721 772 811 827 ipse
844 772 1037 827 loquerer
1068 773 1119 814 de
1152 776 1384 831 republica,
1419 781 1653 833 praesertim
1685 795 1786 822 cum

359 845 492 872 essem
516 833 554 864 57
570 845 654 871 non
679 827 928 870 Heraclides
954 828 1175 882 Ponticus,
1199 833 1268 873 sed
1300 836 1548 885 consularis,
1570 845 1613 877 et
1637 837 1686 889 is,
1709 838 1784 892 qui

358 889 403 929 in
428 888 627 929 maximis
650 895 840 927 versatus
866 888 905 927 in
932 888 1150 942 republica
1171 890 1296 930 rebus
1319 905 1468 932 essem.
1491 908 1588 947 quae
1606 903 1693 935 tam
1710 908 1786 935 an-

359 946 489 1001 tiquis
525 945 770 986 bominibus
804 945 1095 994 attribuerem,
1118 960 1167 986 ea
1189 947 1326 988 visum
1358 949 1406 988 iri
1433 949 1532 991 ficta
1553 964 1657 991 esse.
1688 966 1782 992 ora-

358 1004 515 1044 torium
534 1014 771 1043 sermonem
796 1001 838 1041 in
861 1001 941 1042 illis
958 1003 1114 1042 nostris
1136 1002 1267 1055 libris,
1287 1006 1400 1059 quod
1421 1017 1530 1047 esset
1548 1007 1600 1047 de
1619 1007 1784 1051 ratione

356 1060 543 1110 dicendi,
568 1059 676 1101 belle
698 1074 721 1100 a
745 1070 811 1098 'me
836 1059 1089 1111 lemovis-36³3
1112 1060 1164 1100 ad
1186 1074 1258 1102 eos
1283 1072 1424 1103 tamen
1448 1064 1654 1115 retulisse,
1675 1077 1782 1121 quos
1812 1076 1817 1079 ’

354 1119 448 1174 ipsc
479 1118 702 1158 vidissem:
737 1116 1009 1156 Aristotelem
1046 1117 1244 1172 denique,
1276 1133 1372 1174 quae
1405 1120 1458 1161 de
1491 1121 1710 1177 republica
1739 1133 1784 1163 et

357 1185 590 1231 priestante
614 1176 704 1215 viro
727 1174 901 1223 scribat,
924 1174 1060 1229 ipsum
1090 1173 1221 1230 loqui.
1284 1176 1534 1219 Commovit
1561 1193 1645 1229 me,
1667 1188 1711 1220 et
1731 1193 1783 1220 eo

356 1233 508 1288 mag-355,
532 1233 644 1287 quod
668 1231 881 1272 maximos
904 1241 1045 1271 motus
1067 1242 1225 1273 nostrae
1250 1234 1439 1275 civitatis
1461 1235 1674 1292 attingere
1696 1251 1782 1278 non

354 1302 563 1345 poteram,
585 1289 698 1344 quod
733 1297 854 1328 erant
878 1284 1114 1339 inferiores,
1137 1304 1263 1344 quam
1289 1290 1457 1332 illorum
1479 1302 1598 1344 aetas,
1619 1293 1691 1349 qui
1716 1293 1780 1334 lo-

353 1348 608 1403 quebantur.
669 1345 766 1401 Ego
797 1354 939 1386 autem
974 1342 1016 1386 icl
1040 1344 1178 1401 ipsum
1204 1357 1293 1388 tum
1316 1363 1429 1390 eram
1455 1359 1638 1401 secutus,
1660 1365 1714 1391 ne
1736 1350 1780 1392 in

350 1414 498 1445 nostra
520 1415 714 1459 tempora
736 1404 970 1452 incurrens,
993 1400 1253 1445 offenderem
1274 1407 1534 1462 quempiam.
1588 1407 1717 1448 Nunc
1739 1408 1783 1450 et'

351 1462 394 1503 id
421 1462 580 1510 vitabo,
602 1471 645 1502 et
665 1459 816 1558 Ιοῗῗειι·
839 1460 928 1515 ipse
952 1469 1108 1512 tecum,
1129 1472 1173 1502 et
1206 1471 1347 1504 tamen
1380 1463 1466 1515 illa,
1487 1479 1583 1519 quae
1608 1465 1780 1506 institu-

350 1534 481 1570 eram,
504 1520 556 1559 ad
581 1530 636 1568 te,
658 1519 693 1559 si
763 1529 903 1558 omani
927 1531 1099 1569 venero,
1121 1519 1307 1561 mittam.
1340 1521 1454 1562 Puto
1475 1522 1604 1572 enim,
1624 1532 1665 1563 te
1686 1522 1779 1563 exi-

351 1577 639 1627 stimaturum,
661 1591 686 1617 a
702 1588 774 1616 me
795 1573 927 1615 libros
949 1573 1042 1616 illos
1064 1591 1151 1617 non
1169 1577 1259 1617 sine
1277 1577 1423 1633 aliquo
1440 1593 1538 1619 meo
1555 1579 1780 1620 stomacho

350 1648 442 1675 esse
484 1633 668 1675 relictos,
729 1630 914 1673 Caesaris
955 1645 1113 1684 amore,
1152 1648 1277 1688 quem
1322 1635 1372 1676 ad
1411 1650 1481 1676 me
1518 1636 1781 1692 perscripsit,

351 1691 477 1732 unice
497 1691 709 1732 delector:
741 1690 963 1746 promissis
988 1690 1055 1740 iis,
1076 1705 1173 1745 quae
1197 1692 1401 1743 ostendit,
1423 1707 1508 1734 non
1534 1692 1653 1734 valde
1676 1708 1781 1749 pen-

350 1748 456 1790 deo:
488 1763 567 1790 nec
599 1749 784 1790 honores
819 1747 935 1797 sitio,
968 1761 1047 1788 nec
1077 1747 1515 1805 desideragloriam:
1555 1751 1780 1806 magisque

347 1806 441 1861 ejus
471 1805 703 1847 voluntatis
738 1804 1087 1860 perpetuitatem,
1112 1819 1241 1860 quam
1271 1806 1579 1862 promissorum
1611 1807 1780 1850 exitum

346 1872 569 1919 exspecta
601 1864 701 1904 vivo
726 1871 868 1902 tamen
896 1861 940 1901 in
973 1876 1024 1902 ea
1052 1862 1291 1903 ambitione
1311 1872 1354 1904 et
1375 1864 1534 1915 labore,
1558 1874 1777 1920 tamquam

345 1921 405 1970 id,
427 1921 541 1976 quod
575 1935 659 1962 non
689 1919 875 1975 postulo,
898 1928 1162 1974 exspectem.
1223 1920 1353 1966 Quod
1386 1935 1452 1961 me
1482 1921 1536 1962 de
1566 1921 1776 1964 faciendis

346 1980 538 2019 versibus
562 1993 701 2034 rogas,
725 1976 974 2017 incredibile
995 1986 1074 2025 est,
1097 1977 1153 2018 mi
1178 1975 1323 2028 frater,
1344 1992 1472 2033 quam
1495 1993 1644 2035 egeam
1669 1988 1777 2020 tem-

333 2043 471 2090 pore:
508 2051 585 2077 uec
608 2049 708 2076 sane
731 2035 832 2074 satis
855 2048 1131 2074 commoveor
1157 2034 1302 2075 animo
1325 2036 1378 2075 ad
1400 2050 1465 2086 ea,
1485 2051 1582 2093 quae
1607 2037 1684 2088 vis,
1705 2051 1776 2077 ca·

345 2093 501 2134 nenda.
523 2095 688 2133 ὑποὲἐο-εισ
710 2106 809 2133 vero
841 2091 893 2132 ad
927 2106 990 2141 ea,
1012 2106 1110 2146 quae
1133 2091 1224 2146 ipse
1244 2106 1327 2148 ego
1350 2107 1403 2132 ne
1424 2094 1659 2149 cogitando
1681 2094 1776 2149 qui-

344 2151 440 2191 dem
474 2163 728 2204 consequor,
754 2159 814 2199 tu,
840 2149 915 2203 qui
948 2162 1097 2189 omnes
1127 2151 1166 2179 58
1184 2149 1267 2189 isto
1299 2149 1524 2205 eloquendi
1556 2161 1600 2191 et
1628 2151 1775 2207 expri-

338 2208 487 2249 mendi
522 2221 678 2263 genere
711 2206 934 2261 superasti,
966 2221 991 2246 a
1024 2220 1092 2246 me
1122 2207 1261 2261 petis?
1299 2206 1500 2249 Facerem
1535 2217 1692 2258 tamen,
1725 2217 1774 2249 ut

341 2280 538 2321 possem:
571 2264 644 2304 sed
678 2264 814 2319 (quod
845 2274 887 2303 te
916 2262 1092 2303 minime
1126 2262 1260 2319 fugit)
1290 2279 1397 2319 opus
1435 2275 1499 2306 est
1531 2266 1582 2306 ad
1615 2264 1772 2322 poema

257 2348 319 2379 326
344 2323 528 2378 quadam
570 2321 701 2362 animi
735 2320 970 2373 alacritate,
1002 2334 1131 2375 quam
1167 2321 1290 2376 plane
1320 2322 1423 2363 mihi
1462 2333 1655 2378 tempora
1690 2322 1771 2364 eri-

208 2360 241 2391 p.
299 2371 483 2436 aspiunt.
544 2378 727 2419 Abduco
749 2378 947 2433 equidem
978 2392 1045 2418 me
1072 2378 1125 2418 ab
1149 2379 1266 2418 omni
1290 2379 1537 2435 reipublicae
1560 2394 1674 2431 cura,
1697 2380 1771 2421 de-

339 2439 481 2493 doque
504 2436 680 2477 litteris:
713 2436 784 2476 sed
810 2445 951 2476 tamen
976 2434 1174 2475 indicabo
1199 2435 1293 2486 tibi,
1316 2437 1431 2491 quod
1454 2436 1694 2478 mehercule
1724 2437 1769 2479 iu

337 2495 486 2552 primis
518 2503 559 2535 te
591 2494 775 2535 celatum
799 2493 1010 2534 volebam.
1069 2491 1236 2548 Angor,
1260 2494 1317 2533 mi
1345 2495 1594 2535 suavissime
1623 2493 1769 2546 frater,

335 2566 485 2609 angor,
508 2551 667 2592 nullam
690 2565 781 2591 esse
804 2549 1127 2606 rempublicam,
1151 2549 1265 2590 nulla
1284 2550 1468 2605 judicia,
1490 2561 1771 2607 nostrumque

333 2610 418 2651 hoc
441 2619 609 2664 tempus
633 2609 788 2659 aetatis,
810 2608 925 2663 quod
949 2609 989 2647 in
1015 2606 1085 2647 illa
1103 2608 1360 2648 auctoritate
1380 2609 1593 2649 senatoria
1616 2609 1767 2650 florere

333 2668 534 2717 debebat,
556 2676 630 2706 aut
663 2664 821 2705 forensi
855 2666 1000 2706 labore
1025 2664 1199 2719 jactari,
1229 2675 1302 2705 aut
1333 2665 1579 2707 domesticis
1611 2666 1764 2707 litteris

329 2727 586 2771 sustentari:
619 2722 719 2763 iliud
747 2737 860 2773 vero,
882 2721 997 2777 quod
1020 2738 1045 2762 a
1068 2736 1198 2778 puero
1221 2723 1481 2773 adamatam,

371 2885 409 2916 57
426 2892 488 2910 non
506 2880 696 2910 Heraclides
712 2879 769 2919 P.]
788 2880 864 2910 Non
879 2879 1025 2910 Philoso-
1112 2882 1150 2910 58
1165 2881 1384 2919 isto—genere
1397 2879 1574 2921 superasti]
1600 2879 1697 2912 Forte
1709 2879 1766 2918 ssl-

327 2925 414 2967 phus
427 2924 466 2954 de
480 2923 591 2954 schola
604 2929 637 2954 et
653 2934 690 2954 ex
708 2924 835 2954 umbra.
1063 2932 1163 2963 peras
1177 2923 1304 2960 melius.
