1940 3231
711 113 922 152 LIBER
955 114 1023 151 lV.
1504 117 1579 155 543

134 217 445 276 interregnum,
460 217 744 274 majestatem,
760 226 896 258 totam
917 215 1104 271 denique
1126 215 1435 271 rempublicam
1453 217 1579 260 flocci

136 289 222 316 non
258 277 411 319 facere.
445 277 650 318 debemus
682 283 844 330 patrem
879 272 1064 314 familias
1097 272 1215 313 domi
1254 287 1341 313 suae
1381 276 1626 317 occidereb·

135 333 273 386 nolle;
298 347 434 389 neque
453 343 593 374 tamen
610 331 653 371 id
677 333 817 388 ipsum
841 331 1025 371 abunde.
1043 343 1142 370 nam
1160 329 1437 370 absolverunt
1455 346 1577 384 xxm,

133 391 477 432 condemnarunt
495 403 651 430 XXHX.
715 388 895 429 Publius
926 401 1027 429 sane
1052 387 1212 428 diserto
1235 386 1410 442 epilogo
1432 388 1578 429 crimi-

134 461 256 499 nans,
279 446 656 501 mentesjudicnm
680 456 889 486 moverat.
951 444 1161 486 Hortalus
1192 444 1236 485 in
1259 458 1309 484 ea
1327 459 1456 484 causa
1480 445 1578 498 fuit,

132 505 376 560 cujusmodi
398 503 520 545 solet.
542 517 620 544 nos
636 503 814 544 verbum
835 503 1012 543 nullum.
1031 502 1166 543 verita
1184 511 1249 542 est
1270 501 1383 542 enim
1408 503 1577 557 pusilla,

132 576 231 616 quae
254 576 369 602 nunc
393 560 578 611 laborat,
597 574 651 601 ne
681 560 814 602 animi
841 561 884 602 in
911 559 1068 601 Publio
1091 558 1344 600 offenderer.
1406 558 1489 599 His
1513 574 1579 601 re-

136 619 212 660 bus
233 618 356 669 actis,
379 617 554 659 Reatini
578 632 647 659 me
667 617 721 659 ad
740 633 817 660 sua
836 621 944 671 τέμπη
963 617 1196 668 duxerunt,
1211 626 1258 657 ut
1279 630 1450 672 agerem
1475 632 1579 658 cau-

131 689 221 719 sam
241 684 393 716 contra
424 673 739 717 Interamnates
770 675 885 731 apud
907 674 1128 715 consulem
1150 684 1193 715 et
1212 674 1360 715 decem
1383 673 1576 731 legatos3

129 732 244 787 quod
266 732 383 774 lacus
402 732 595 784 Velinus,
616 747 642 774 a
664 732 731 774 Μ’
754 732 890 774 Curio
910 731 1105 782 emissus,
1125 731 1328 772 interciso
1351 742 1513 784 monte,
1531 733 1577 775 in

129 789 290 836 Narem
307 789 480 832 defluit:
503 804 557 833 ex
575 805 662 845 quo
684 798 749 830 est
770 789 842 831 illa
863 788 1095 841 siccata,et
1117 789 1296 829 humida
1318 797 1460 829 tamen
1480 805 1576 831 mo-

125 845 222 888 dice
260 847 411 888 Rosia.
481 847 585 889 Vixi
618 863 718 890 cum
750 846 884 889 Axio.
913 847 1018 902 quin
1049 846 1181 888 etiam
1214 860 1283 887 me
1316 847 1369 886 ad
1397 846 1575 903 Septem

127 918 258 959 aquas
291 904 433 946 duxit.
495 904 623 946 Redii
655 905 843 946 Romaiu
872 904 1042 945 Fonteii
1075 918 1204 945 causa
1234 918 1272 944 a.
1295 903 1337 944 d.
1372 918 1442 945 v11
1471 904 1573 946 Idus

128 961 284 1008 Quint.
310 962 406 1003 veni
440 962 483 1003 in
522 963 844 1018 spectaculum3
877 962 1078 1018 primum,
1102 975 1261 1017 magno
1294 971 1338 1001 et
1369 963 1572 1017 aequabili

125 1018 303 1076 plausu:
336 1019 409 1061 sed
445 1019 530 1061 hoc
564 1035 618 1061 ne
650 1020 835 1071 curaris;
865 1033 948 1075 ego
981 1019 1168 1074 ineptus,
1196 1018 1269 1073 qui
1300 1019 1570 1075 scripserim:

124 1076 295 1127 deinde,
317 1076 581 1134 Antiphonti
604 1092 796 1134 operam.
828 1076 863 1117 is
881 1085 971 1118 erat
994 1087 1094 1118 ante
1116 1076 1418 1126 manumissus,
1441 1092 1571 1132 quam

121 1135 377 1190 productus.
402 1149 456 1175 ne
485 1135 647 1176 diutius
670 1134 870 1190 pendeam,
894 1133 1080 1190 palmam
1107 1133 1219 1174 tulit.
1252 1133 1324 1174 sed
1349 1134 1455 1175 nihil
1483 1144 1569 1176 tam

124 1191 344 1247 pusillum,
377 1192 485 1233 nihil
522 1202 609 1233 tam
644 1193 734 1233 sine
757 1205 878 1242 voce,
906 1191 1066 1232 12nihil
1096 1201 1183 1231 tam
1210 1204 1371 1231 verum.
1404 1191 1499 1233 haec
1523 1203 1570 1234 tu

123 1258 268 1290 tecum
283 1249 456 1290 habeto.
476 1249 519 1290 in
541 1249 846 1291 Andromacha
864 1258 1007 1289 tamen
1026 1249 1166 1304 major
1179 1247 1276 1299 fuit,
1290 1263 1418 1303 quam
1437 1248 1571 1305 Asty-

120 1321 251 1350 anaX.
275 1306 317 1347 in
341 1307 494 1348 ceteris
513 1321 659 1363 parem
682 1307 834 1348 habuit
856 1307 1087 1347 neminem.
1103 1305 1260 1362 quaeris
1282 1320 1398 1346 nunc
1421 1306 1571 1348 (leAr-

121 1363 325 1406 buscula:
358 1364 480 1405 valde
503 1364 680 1421 placuit.
742 1363 852 1405 Ludi
878 1364 1100 1419 magnifici
1127 1373 1172 1404 et
1193 1363 1320 1419 grati.
1381 1363 1569 1406 Venatio

119 1420 165 1462 in
187 1421 301 1463 aliud
334 1431 504 1478 tempus
536 1421 682 1463 dilata.
743 1422 930 1478 Sequere
960 1436 1075 1463 nunc
1095 1435 1165 1462 me
1198 1423 1240 1461 in
1262 1435 1479 1476 campum.
1502 1438 1570 1464 ar-

119 1478 194 1519 det
212 1479 426 1531 ambitus3
454 1485 546 1532 σῆμα
562 1481 595 1520 δέ
611 1499 661 1520 τοι
679 1481 757 1535 ἐςὲω
793 1483 828 1511 13
845 1478 991 1520 foenus
1014 1493 1067 1519 ex
1093 1479 1248 1519 triente
1273 1478 1386 1519 Idib.
1411 1479 1567 1526 Quint.

118 1535 285 1577 factum
318 1545 411 1577 erat
445 1536 657 1577 bessibus.
702 1536 883 1585 14dices,
918 1536 1029 1577 istuc
1062 1537 1234 1591 quidem
1268 1550 1354 1576 uon
1387 1537 1568 1579 moleste

119 1592 227 1634 fero.
260 1608 287 1634 o
310 1593 474 1636 virum!
507 1608 533 1634 o
567 1594 732 1635 civem!
768 1592 1031 1635 Memmium
1067 1594 1251 1635 Caesaris
1285 1609 1434 1635 omues
1462 1610 1566 1651 opes

117 1650 392 1692 confirmant.
415 1665 514 1692 cum
545 1665 597 1692 eo
625 1654 662 1682 ¹5
679 1650 924 1692 Domitium
956 1652 1153 1692 consules
1179 1651 1450 1706 junxerunt3
1482 1669 1568 1710 qua

115 1708 538 1765 pactione,epistolae
556 1709 829 1750 committere
842 1723 927 1750 non
951 1710 1104 1750 audeo.
1149 1708 1384 1765 Pompeius
1407 1709 1567 1762 fremit,

116 1766 325 1821 queritur,
348 1766 510 1807 Scauro
530 1766 698 1808 studet:
731 1766 804 1807 sed
836 1775 981 1808 utrum
1004 1766 1161 1817 fronte,
1181 1782 1233 1807 an
1259 1776 1417 1818 mente,
1440 1768 1568 1810 dubi-

117 1832 247 1864 tatur.
268 1827 363 1877 ἐξοχὴ
382 1824 425 1864 in
459 1823 576 1865 nullo
610 1832 688 1864 est.
724 1824 909 1879 pecunia
941 1825 1136 1866 omnium
1166 1824 1424 1880 dignitatem
1449 1841 1567 1868 exae-

116 1891 236 1935 quat.
308 1881 500 1922 Messala
530 1881 736 1936 languet:
780 1896 867 1922 non
901 1897 987 1936 quo
1022 1891 1096 1923 aut
1129 1882 1296 1922 animus
1330 1883 1456 1934 desit,
1491 1894 1565 1925 aut

113 1938 271 1981 amici:
304 1939 375 1980 sed
399 1939 534 1980 coitio
565 1938 806 1989 consulum,
831 1950 874 1980 et
899 1939 1133 1995 Pompeius
1156 1941 1330 1981 obsunt.
1355 1954 1405 1980 ea
1427 1942 1562 1982 comi·
1575 1965 1606 1995 p.
1622 1956 1674 1992 63,

115 1995 191 2046 tia,
215 2005 321 2051 puto
343 1995 450 2048 fore,
473 2005 520 2037 ut
550 1996 777 2038 ducantur.
838 1996 1081 2039 Tribunicii
1113 1998 1330 2038 candidati
1356 1998 1602 2053 jumi-unta·

113 2066 159 2094 se
189 2053 369 2094 arbitrio
403 2052 582 2095 Catonis
614 2054 840 2109 petituros.
864 2055 978 2110 apud
1001 2069 1100 2096 eum
1125 2055 1223 2096 H—S
1246 2056 1467 2111 quingena
1489 2057 1563 2098 de-

113 2120 374 2166 posuerunt3
405 2121 466 2162 ut,
486 2111 557 2166 qui
582 2126 607 2152 a
628 2111 799 2152 Catone
820 2112 1048 2154 damnatus
1071 2122 1197 2163 esset,
1221 2113 1263 2154 id
1287 2114 1497 2168 perderet,
1521 2125 1564 2157 et

115 2168 477 2224 competitoribus
496 2169 769 2210 tribueretur.
793 2169 887 2211 haec
906 2184 989 2227 ego
1008 2170 1145 2226 pridie
1159 2170 1416 2222 scribebam,
1431 2186 1560 2226 quain

110 2226 292 2267 comitia
323 2225 416 2267 fore
453 2227 731 2282 putabantur.
772 2227 846 2268 sed
879 2228 932 2268 ad
964 2238 1006 2269 te
1029 2244 1068 2269 v.
1094 2227 1191 2270 Kal.
1221 2228 1342 2269 Sext.
1378 2230 1411 2269 si
1447 2229 1564 2277 facta

112 2293 253 2335 erunt,
276 2293 320 2325 et
341 2283 587 2324 tabellarius
608 2299 693 2324 non
713 2285 794 2325 erit
815 2284 1049 2340 profectus,
1071 2296 1162 2327 tota
1184 2286 1363 2327 comitia
1380 2288 1561 2342 perscri-

114 2341 212 2382 bam
233 2358 242 2383 :
267 2356 363 2398 quae
387 2342 438 2395 si,
460 2350 508 2383 ut
530 2351 752 2398 putantur,
777 2344 968 2399 gratuita
986 2343 1171 2396 fuerint3
1194 2343 1290 2400 plus
1313 2359 1422 2385 unus
1448 2344 1560 2386 Cato

110 2498 191 2528 :atis
213 2497 356 2538 intelligi
378 2503 531 2538 possunt,
548 2499 625 2539 quia
639 2499 814 2530 historiam
856 2510 970 2540 gnam,
989 2501 1076 2540 quod
1100 2502 1207 2533 foenus
1228 2505 1364 2542 repente
1385 2506 1561 2543 tantopere

111 2540 313 2580 ignoramus.
358 2542 519 2572 Similiter
541 2543 575 2572 in
599 2552 686 2583 seqq.
707 2543 815 2574 verita
857 2545 1032 2574 crevisset:
1057 2554 1130 2577 eam
1146 2550 1259 2576 autem
1274 2545 1316 2575 ad
1337 2545 1477 2576 emenda
1492 2546 1562 2576 sufi-

111 2586 157 2613 εει
171 2583 257 2613 enim
267 2583 394 2623 pusilla
409 2583 492 2614 nihil
506 2585 587 2615 certi
603 2591 663 2615 est.
856 2585 962 2625 fragia
976 2587 1090 2625 quaeri.

157 2627 194 2655 12
217 2626 301 2655 nihil
325 2630 396 2655 mm
420 2626 550 2666 verum]
587 2627 660 2658 Hoc
689 2638 812 2668 praece-
901 2631 939 2659 14
961 2629 1046 2660 dices
1063 2629 1140 2669 δια]
1165 2629 1266 2660 Jocus
1283 2630 1317 2660 in
1333 2631 1484 2661 Atticum
1501 2640 1559 2661 ne-

110 2665 263 2697 dentibus
279 2678 348 2698 non
363 2669 544 2705 consentit,
557 2679 629 2708 quae
644 2672 757 2701 omnia
772 2671 813 2701 ad
855 2671 1054 2710 gotiatorem
1081 2677 1115 2703 et
1137 2672 1381 2709 foeneratorem,
1405 2673 1459 2713 qui
1483 2673 1559 2705 inde

106 2713 316 2740 contemtum
329 2710 510 2750 pertinent.
527 2711 586 2742 Nil
600 2713 717 2743 melius
732 2714 811 2751 scio,
856 2713 977 2744 lucrari
995 2720 1115 2754 posset.

108 2759 206 2788 quam
232 2752 319 2791 quod
346 2753 530 2794 Malaspina
562 2755 717 2795 conjecit,
746 2757 811 2786 vie·
901 2759 937 2787 15
961 2756 1150 2788 Domitium
1180 2756 1342 2796 Consules]
1370 2757 1557 2787 Domitium

109 2794 182 2823 tum
193 2805 203 2821 .·
225 2795 286 2824 etsi
302 2804 362 2825 nec
379 2795 441 2826 hoc
456 2797 536 2827 satis
553 2797 672 2836 placet.
856 2798 1046 2836 Calvinum,
1065 2799 1215 2830 consules
1232 2800 1270 2830 L.
1288 2800 1457 2829 Domitius
1471 2799 1558 2829 Ahe-

106 2877 114 2883 .
153 2837 190 2865 13
192 2834 308 2875 soenus
321 2847 361 2867 ex
371 2839 491 2869 triente
502 2838 577 2879 δια]
596 2838 725 2880 Nempe
735 2839 812 2871 inde
855 2841 1035 2882 nobarbus,
1051 2843 1176 2885 Appius
1192 2842 1348 2876 Claudius
1360 2841 1512 2873 Pulcher.

105 2877 366 2918 intelligebatur,
402 2881 579 2923 pecuniam
612 2883 715 2922 quaeri
741 2892 811 2915 ma-
