1940 3231
357 142 431 176 352
768 138 957 176 EPIST.
983 136 1065 175 AD
1092 136 1378 178 ATTICUM,

358 244 521 284 bonos:
554 255 651 298 ego,
685 256 770 298 quo
806 242 876 283 die
909 241 1053 283 audivi
1090 241 1210 282 iilum
1242 249 1473 295 tyrannum
1503 239 1548 281 in
1581 239 1795 281 concione

361 313 705 341 cLAmserUM
732 313 892 341 VIRUM
925 298 1144 355 appellari,
1168 297 1444 339 subdiffidere
1465 296 1610 352 coepi:
1642 306 1793 352 postea

358 371 458 398 vero
481 372 609 412 quam
634 367 776 398 tecum
803 357 982 398 Lanuvii
1007 356 1109 406 vidi,
1132 366 1299 397 nostros
1322 364 1490 395 tantum
1514 353 1604 410 spei
1635 353 1794 394 habere

359 414 411 455 ad
436 415 680 464 vivendum,
702 424 909 469 quantum
943 413 1210 469 accepissent
1240 413 1293 453 ab
1324 411 1533 462 Antonio,
1555 410 1794 466 desperavi.

358 473 518 527 itaque,
542 471 600 511 mi
622 471 784 522 Attice,
806 471 975 511 fortiter
1006 470 1089 511 hoc
1111 469 1236 510 velim
1269 470 1471 524 accipias,
1498 477 1547 508 ut
1575 482 1658 523 ego
1690 467 1795 508 scri-

363 530 428 570 bo.
455 543 588 584 genus
612 527 715 568 illud
740 528 950 576 interitus,
972 529 1111 582 ‘23quo
1143 541 1315 567 casurus
1346 536 1425 576 est,
1448 525 1615 567 foedum
1648 525 1794 574 duces,

358 597 402 627 et
424 586 543 641 quasi
559 584 859 625 denuntiatum
877 584 1001 625 nobis
1019 585 1072 625 ab
1087 582 1295 624 Antonio.
1317 586 1357 617 29
1367 598 1421 624 ex
1445 583 1528 623 hac
1547 598 1660 623 naxo,
1675 583 1795 622 exire

358 643 579 693 constitui,
622 656 708 682 non
745 642 798 682 ad
835 642 1001 697 fugam,
1040 642 1111 681 sed
1155 641 1207 681 ad
1247 654 1364 695 spem
1404 641 1554 681 mortis
1592 639 1796 680 melioris.

359 702 503 740 30haec
541 699 681 739 omnis
721 698 848 754 culpa
882 699 1022 739 Bruti.
1084 697 1341 752 Pompeium
1374 697 1641 738 31Cartheiae
1680 711 1796 737 reee-

330 772 344 790 2-
366 767 483 811 ptum
519 757 694 797 scribis:
720 756 814 810 jam
855 756 987 811 igitur
1019 757 1219 795 32coutra
1256 753 1371 794 hunc
1409 756 1665 796 exercitum.
1701 763 1797 794 utra

361 829 464 870 ergo
495 815 662 855 castra?
694 814 834 853 media
863 813 977 853 enim
1010 812 1122 852 tollit
1143 811 1377 852 Antonius.
1399 811 1471 851 illa
1493 811 1677 860 infirma,
1699 811 1796 852 haec

360 872 539 912 nefaria.
567 885 844 926 properemus
875 870 1023 925 igitur.
1055 870 1126 910 sed
1151 869 1262 924 juva
1291 883 1359 908 me
1389 868 1585 919 consilio,
1608 868 1797 909 Brundi-

361 930 494 978 sione,
518 943 571 969 an
602 927 808 968 Puteolis.
871 928 1030 968 Brutus
1052 928 1227 982 quidem
1258 927 1427 967 subito:
1461 926 1533 966 sed
1565 926 1795 981 sapienter.

361 989 488 1038 mio-9522)
507 1007 550 1028 τι.
571 986 744 1040 quand-o
771 985 884 1026 enim
919 986 1065 1026 illum?
1097 984 1168 1024 sed
1195 985 1382 1024 humana
1411 983 1601 1024 ferenda.
1627 992 1671 1023 tu
1704 984 1796 1038 ipse

359 1056 454 1082 cum
481 1043 623 1084 videre
644 1057 731 1083 nou
765 1053 901 1098 potes.
923 1044 963 1072 33
975 1042 1035 1083 (lii
1062 1041 1123 1082 illi,
1155 1050 1340 1091 mortuo,
1364 1040 1437 1095 qui
1470 1054 1674 1095 umquam
1705 1040 1796 1081 Bu-

362 1100 578 1142 throtum!
613 1100 686 1141 sed
707 1112 804 1141 acta
827 1101 968 1140 missa.
994 1099 1226 1148 videamus,
1249 1113 1345 1153 quae
1368 1097 1537 1153 agenda
1557 1096 1659 1138 sint'.
1707 1097 1796 1138 Ra-

360 1158 498 1199 tiones
523 1156 680 1208 Erotis,
703 1158 782 1198 etsi
806 1158 947 1213 ipsum
971 1157 1162 1197 noudum
1186 1156 1288 1207 vidi,
1312 1164 1455 1196 tamen
1486 1164 1530 1195 et
1555 1169 1610 1196 ex
1640 1154 1796 1196 litteris

360 1215 467 1269 ojus,
489 1226 531 1255 et
553 1230 606 1256 ex
637 1229 703 1265 eo,
726 1216 840 1269 quod
873 1214 975 1256 Tiro
1007 1213 1230 1269 coguovit,
1254 1212 1568 1269 propemodum
1597 1212 1797 1268 cognitas

361 1273 514 1313 liabeo.
540 1286 750 1314 versuram
777 1272 927 1313 scribis
950 1286 1041 1312 esse
1073 1270 1315 1312 faciendam
1346 1270 1559 1311 mensium
1581 1271 1798 1325 quinque3

362 1330 403 1370 id
444 1340 522 1380 est,
556 1331 608 1370 ad
645 1329 742 1369 Kal.
778 1329 996 1370 Novemb.
1032 1327 1130 1369 H-S
1168 1341 1251 1369 cc:
1284 1328 1328 1368 in
1364 1341 1458 1367 eam
1491 1327 1606 1368 diem
1645 1327 1799 1368 cadere

362 1401 529 1437 numos,
553 1383 623 1442 qui
649 1401 673 1426 a
697 1387 864 1433 Quinto
895 1386 1120 1427 debentur.
1145 1385 1271 1426 velim
1296 1385 1444 1440 igitur,
1466 1383 1671 1440 quoniam
1693 1383 1798 1425 Tiro

361 1455 492 1499 negat
516 1445 592 1485 tibi
618 1443 798 1499 placere,
821 1458 891 1485 me
912 1444 1005 1499 ejus
1036 1443 1094 1484 rei
1128 1457 1257 1483 causa
1288 1442 1474 1482 Romam
1497 1442 1665 1494 venire3
1697 1441 1730 1481 si
1757 1450 1799 1483 te

360 1517 410 1542 ea
443 1516 506 1542 res
540 1501 648 1542 nihil
681 1500 886 1553 offendet,
913 1501 1073 1550 videas,
1104 1500 1217 1541 unde
1249 1500 1369 1541 numi
1403 1500 1514 1552 sint3
1545 1499 1652 1540 mihi
1685 1497 1797 1539 feras

359 1573 613 1615 expensum.
645 1558 728 1599 hoc
751 1559 876 1600 video
908 1559 951 1600 in
983 1559 1214 1614 praesentia
1242 1571 1351 1613 opus
1381 1571 1487 1597 esse.
1517 1555 1681 1613 reliqua
1701 1555 1800 1597 dili-

359 1617 532 1672 gentius
554 1631 608 1657 cx
631 1615 715 1657 hoc
737 1617 832 1672 ipso
853 1617 1076 1671 exquiram
1095 1633 1106 1666 3
1138 1615 1182 1655 in
1203 1614 1285 1666 his,
1306 1614 1408 1654 34de
1430 1614 1701 1655 mercedibus
1721 1613 1800 1654 do-

361 1674 510 1714 talium
543 1673 829 1730 praediorum:
862 1688 959 1729 quae
993 1673 1024 1713 si
1058 1672 1241 1714 fideliter
1275 1671 1478 1713 Ciceroni
1515 1672 1798 1722 curabuntur,

360 1746 621 1787 quamquam
645 1731 741 1771 volo
764 1731 918 1782 laxius,
941 1739 1082 1772 tamen
1106 1730 1144 1770 ei
1168 1728 1481 1786 propemodum
1508 1728 1615 1769 nihil
1647 1728 1798 1770 deerit.

360 1789 560 1844 equidem
585 1788 709 1829 video
732 1789 838 1829 mihi
861 1802 1032 1844 quoque
1055 1802 1164 1843 opus
1194 1801 1285 1827 esse
1307 1786 1531 1827 viaticum.
1563 1786 1637 1827 sed
1666 1786 1710 1828 id
1740 1800 1796 1827 ex

362 1847 550 1902 praediis,
577 1856 622 1886 ut
651 1846 789 1896 cadet,
818 1847 878 1887 ita
908 1846 1120 1887 solvetur:
1154 1844 1260 1884 mihi
1292 1852 1436 1884 autem
1467 1857 1576 1898 opus
1606 1852 1672 1884 est
1701 1844 1798 1884 uni-

364 1919 484 1945 verso
515 1903 704 1958 quidem.
736 1904 816 1944 etsi
849 1903 955 1944 mihi
989 1903 1157 1944 videtur
1177 1901 1322 1952 35iste,
1347 1901 1422 1955 qui
1453 1901 1627 1941 umbras
1659 1901 1798 1952 timet,

361 1962 413 2002 ad
447 1962 611 2002 caedem
645 1970 866 2016 spectare3
899 1971 1057 2009 tamen,
1093 1959 1175 2000 nisi
1206 1958 1425 2014 explicata
1458 1957 1686 2009 solutione,
1709 1972 1798 2000 non

362 2034 454 2060 sum
498 2019 776 2060 discessurus.
814 2018 973 2059 365itne
1015 2027 1159 2059 autem
1200 2015 1427 2067 extricata,
1468 2030 1619 2068 necne,
1652 2025 1799 2057 tecum

1101 2142 1139 2171 lit
1147 2142 1320 2178 Antonius,
1335 2141 1358 2171 i.
1368 2151 1396 2171 e.
1411 2151 1477 2171 non
1487 2141 1639 2172 concedit
1647 2142 1800 2180 cuiquam

1101 2184 1246 2214 medium
1260 2193 1328 2214 esse
1343 2188 1378 2214 et
1392 2184 1433 2214 ab
1448 2184 1548 2214 armis
1562 2183 1738 2215 abstinere.

403 2146 442 2175 98
465 2153 525 2183 qno
542 2152 680 2174 casurus
694 2143 754 2182 est]
782 2143 863 2173 Haec
885 2146 934 2173 est
958 2142 1056 2173 lectio

362 2186 442 2217 Mss.
459 2194 491 2216 ct
508 2187 579 2216 edd.
595 2193 676 2216 vett.
720 2186 781 2216 Sed
797 2187 867 2224 quis
890 2185 1057 2224 intelliga-

362 2234 432 2266 tur,
456 2238 554 2259 nemo
577 2228 674 2258 dicat.
720 2229 900 2267 Corrigunt
922 2238 1060 2258 casurus

362 2282 406 2308 es,
429 2271 515 2310 quod
537 2279 572 2302 et
594 2270 724 2309 quidam
750 2280 916 2310 recepere:
945 2280 1004 2300 nec
1027 2270 1059 2299 id

362 2313 448 2343 male
458 2314 611 2344 convenit
626 2312 825 2351 illi,„sb›·titer
834 2314 973 2352 accipias
990 2314 1059 2349 hoe,

361 2361 399 2386 ut
415 2367 473 2395 ego
495 2356 609 2391 scribo,
625 2364 669 2385 sc.
687 2355 831 2386 fortiter.
851 2365 908 2395 pro
931 2360 973 2392 et,
988 2356 1059 2395 opi-

362 2408 435 2433 nor,
453 2398 641 2437 legendum,
655 2397 712 2428 sed
719 2399 811 2436 quasi
823 2397 1059 2428 denunciatum

362 2441 403 2470 ab
417 2440 578 2477 Antonio,
594 2445 632 2470 ut
648 2439 740 2470 nobis
764 2450 831 2470 non
854 2447 974 2480 praeter
988 2441 1058 2480 opi-

361 2484 495 2513 nionem
512 2481 656 2512 accidere
671 2482 786 2513 debeat
802 2488 860 2513 aut
876 2482 985 2521 possit.

403 2529 444 2559 29
467 2535 507 2554 ez·
523 2527 584 2554 hae
598 2525 703 2563 naara]
731 2525 784 2554 Sic
805 2525 856 2555 ed.
873 2525 970 2555 Rom.
985 2524 1058 2554 anm

362 2573 436 2608 post
460 2577 569 2603 nassa,
585 2567 750 2597 usitatiori
773 2568 945 2607 scriptura.
969 2572 1057 2596 veto-

361 2619 432 2644 rem
462 2609 658 2648 scripturam
687 2610 851 2640 revocavit
879 2608 1058 2640 Victorius.

363 2652 423 2691 Ed.
439 2652 532 2682 Jens.
549 2651 647 2681 habet
662 2661 759 2681 noa-a.

403 2697 444 2725 30
467 2695 532 2724 Izoee
547 2694 650 2723 omnis
660 2695 756 2733 culpa
773 2693 892 2732 Brute]
911 2692 976 2732 Qui
991 2691 1059 2722 Am

359 2737 489 2777 mnium
507 2736 649 2766 interfici
664 2745 738 2765 cum
757 2737 884 2767 Caesare
900 2733 1019 2764 noluit.

426 2783 437 2809 l
477 2777 648 2816 Cartheioe]
687 2777 760 2808 edd.
798 2787 847 2817 pr.
888 2778 1054 2813 (ko-theia,

401 2821 443 2853 3d
460 2820 622 2852 Corradus
639 2829 704 2850 non
721 2820 896 2860 improbat.

359 2874 423 2909 quo
457 2867 573 2893 contra
588 2864 676 2893 hanc
695 2860 916 2902 (Pompeium)
934 2861 1055 2890 arei-ci-

401 2909 440 2936 32
458 2905 627 2936 Parabunt
642 2904 979 2936 Antoniani-media
996 2904 1054 2932 tol-

1144 2229 1183 2257 33
1200 2227 1245 2257 dii
1258 2228 1308 2256 illi
1324 2226 1467 2266 mortuo]
1484 2226 1567 2257 lrati
1580 2226 1650 2261 sint
1665 2227 1801 2264 Caesari,

1103 2279 1300 2308 quamquam
1330 2273 1477 2304 mortuo,
1499 2269 1555 2308 qui
1585 2270 1701 2308 a'grum
1730 2269 1800 2301 Bu-

1102 2311 1265 2342 throtium
1298 2311 1500 2352 proscripsit,
1529 2310 1616 2341 unde
1648 2311 1710 2342 tibi
1746 2316 1800 2342 tot

1103 2353 1263 2384 molestiae
1278 2358 1367 2389 sunt,
1383 2363 1436 2393 ep.
1457 2356 1502 2388 19.
1519 2353 1595 2384 init.
1610 2357 1645 2383 et
1667 2359 1801 2394 propter

1103 2406 1201 2435 quam
1216 2405 1348 2426 causam
1369 2395 1513 2426 Brutum
1535 2395 1708 2427 convenire
1731 2405 1800 2427 non

1126 2444 1207 2468 oteS.

1103 2449 1123 2479 p
1144 2483 1184 2511 34
1205 2481 1245 2510 de
1267 2481 1465 2512 mercedibus
1483 2479 1643 2510 dotalium
1663 2480 1801 2518 proedio-

1100 2523 1192 2562 rum]
1210 2523 1315 2562 Supra
1328 2522 1411 2553 dixit
1424 2523 1624 2558 insularum,
1635 2531 1708 2561 quae
1722 2529 1803 2554 sunt

1101 2565 1222 2605 praedia
1241 2565 1377 2595 urbana.
1393 2565 1518 2595 dotalia-
1531 2569 1636 2599 vocat,
1659 2574 1717 2604 per
1739 2565 1798 2596 do-

1100 2614 1169 2638 tem
1186 2612 1332 2646 accepta,
1347 2618 1367 2638 a
1380 2607 1534 2642 Publilia,
1549 2605 1677 2645 opinor.

1142 2653 1182 2680 35
1205 2651 1264 2680 iste
1277 2651 1333 2687 quz'
1346 2649 1482 2679 umbras
1495 2647 1602 2688 timet]
1619 2649 1800 2688 Antonius,

1101 2696 1155 2732 qui
1172 2698 1244 2722 tum
1262 2691 1394 2721 insidias
1408 2691 1559 2725 timebat,
1572 2699 1672 2731 supra
1686 2701 1738 2731 ep.
1753 2695 1786 2725 7.

1142 2736 1184 2765 36
1204 2736 1288 2764 sitne
1313 2738 1422 2764 autem
1448 2733 1629 2773 extricata]
1651 2732 1725 2764 edd.
1745 2743 1798 2775 pr.

1098 2779 1255 2812 accitam,
1283 2775 1363 2806 Mss.
1386 2775 1518 2814 qnidam
1543 2777 1717 2816 eaeple'cata.
1741 2786 1797 2809 ez·-

1098 2820 1220 2848 {rz'eata
1236 2829 1254 2848 e
1271 2817 1335 2848 Ms.
1350 2828 1416 2848 uno
1435 2818 1563 2848 Bosius.
1578 2817 1660 2853 inihi
1677 2828 1697 2848 a
1710 2818 1799 2858 glos-

1098 2861 1260 2891 satoribus
1292 2870 1361 2891 esse
1387 2861 1529 2897 videtur,
1558 2859 1712 2899 quicquid
1743 2861 1798 2893 hic

1099 2907 1165 2933 est:
1191 2903 1270 2935 satis
1284 2909 1355 2935 erat
1369 2903 1412 2934 si!
1425 2908 1534 2934 autem
1552 2912 1608 2933 nec
1623 2912 1674 2934 ne,
