1940 3231
335 124 414 162 474
764 116 944 154 EPIST.
971 116 1052 153 AD
1077 115 1364 162 ATTICUM,

331 238 432 265 cum
461 220 741 264 candidatum
770 220 1093 272 deduceremus,
1122 221 1280 278 quaerit
1299 235 1355 263 ex
1384 234 1466 273 me,
1489 236 1592 264 num
1613 238 1770 266 consu-

329 295 466 322 essem
500 279 656 322 Siculis
688 278 832 320 locum
862 278 1174 335 gladiatoribus
1195 279 1323 321 dare?
1353 280 1523 336 negavi.
1557 281 1594 312 12
1607 289 1652 322 at
1671 296 1771 338 ego,

329 338 486 394 inquit,
513 352 653 381 novus
683 345 889 392 patronus
910 336 1148 378 instituam.
1179 336 1251 378 sed
1273 350 1407 388 soror,
1432 339 1468 368 13
1480 351 1576 393 quae
1600 347 1769 380 tantum

327 395 488 437 habeat
516 393 752 437 consularis
785 393 884 444 loci,
917 407 1050 434 unum
1079 393 1185 435 mihi
1210 393 1345 435 solum
1370 393 1521 451 pedem
1543 394 1631 436 dat.
1662 395 1768 446 noli,

328 452 521 508 inquam,
559 453 611 494 de
647 466 734 492 uno
773 450 881 507 pede
917 451 1074 492 sororis
1106 451 1252 507 queri:
1294 451 1396 493 licet
1424 452 1557 493 etiam
1587 452 1771 494 alterum

328 511 467 552 tollas.
513 525 601 551 non
638 508 875 558 consulare,
911 507 1095 563 inquies,
1133 508 1323 560 dictum3
1368 508 1531 551 fateor:
1575 509 1648 551 sed
1685 525 1769 566 ego

327 567 444 609 illam
479 567 550 608 odi
582 566 692 608 male
713 565 997 607 consularem.
1027 579 1077 607 ea
1098 574 1163 606 est
1184 566 1299 606 enim
1335 565 1563 609 seditiosa:
1595 582 1645 608 ea
1667 582 1767 608 cum

327 625 420 666 viro
445 624 601 665 bellum
619 623 745 680 gerit,
766 637 905 678 neque
924 622 1058 664 solum
1080 637 1179 663 cum
1199 622 1395 674 Metello,
1419 623 1491 664 sed
1513 623 1645 665 etiam
1667 639 1764 666 cum

328 681 480 732 Fabio,
506 685 543 712 14
556 681 670 737 quod
693 695 766 721 eos
790 681 832 721 in
853 680 935 720 hoc
957 694 1048 721 esse
1069 679 1249 721 moleste
1271 679 1368 721 fert.
1417 680 1547 727 Quod
1571 682 1623 722 de
1645 695 1769 738 agra-

282 746 314 777 b.
327 739 389 780 ria
419 739 514 794 lege
545 738 717 794 quaeriS,
748 752 848 778 sane
874 737 967 792 jam
991 737 1161 778 videtur
1191 736 1424 778 refrixisse.
1486 737 1617 783 Quod
1643 741 1680 770 15
1698 752 1768 779 me

324 797 512 852 quodam
535 796 680 846 modo,
712 794 829 836 molli
860 794 1051 845 brachio,
1074 795 1126 835 de
1150 793 1348 851 Pompeii
1373 793 1665 836 familiaritate
1686 796 1766 836 ob-

317 854 497 910 jurgas:
522 853 653 894 nolim
679 852 739 893 ita
756 851 992 901 existimes,
1015 865 1083 891 me
1105 851 1186 892 mei
1212 851 1401 906 praesidii
1423 866 1552 892 causa
1574 866 1672 893 cum
1693 852 1766 893 illo

324 912 608 966 conjunctum
631 923 745 950 esse:
778 908 848 949 sed
873 908 934 948 ita
955 922 1018 948 res
1040 916 1132 948 erat
1153 907 1365 959 instituta,
1393 916 1456 958 ut,
1485 908 1518 949 si
1554 908 1666 949 inter
1686 924 1765 950 nos

322 977 435 1009 esset
456 968 597 1023 aliqua
619 967 730 1008 forte
748 965 970 1015 dissensio,
992 965 1203 1006 maximas
1227 965 1269 1005 in
1288 965 1510 1020 republica
1528 965 1764 1008 discordias

323 1026 482 1066 versari
507 1034 617 1066 esset
641 1037 826 1075 necesse,
850 1023 967 1078 quod
998 1038 1022 1064 a
1052 1037 1121 1063 me
1151 1023 1213 1063 ita
1247 1031 1531 1077 praecautum,
1552 1033 1682 1079 atque
1704 1024 1766 1068 ita

322 1082 543 1138 provisum
567 1091 646 1133 est,
677 1096 764 1122 non
794 1092 842 1122 ut
862 1095 952 1138 >ego
980 1080 1032 1121 de
1054 1079 1221 1136 optima
1241 1079 1313 1120 illa
1333 1093 1430 1120 mea
1450 1080 1617 1121 ratione
1638 1081 1764 1122 dece-

321 1141 482 1191 derem,
499 1140 572 1181 sed
589 1149 637 1180 ut
654 1138 724 1180 ille
742 1150 853 1180 esset,
869 1137 1034 1188 melior,
1050 1147 1093 1178 et
1111 1136 1271 1193 aliquid
1294 1136 1346 1177 de
1368 1135 1562 1193 populari
1585 1137 1763 1180 levitate

320 1197 579 1254 deponeret:
612 1211 739 1253 quem
767 1196 819 1237 de
845 1196 951 1237 meis
978 1195 1119 1246 rebus,
1145 1194 1189 1235 in
1212 1208 1317 1249 quas
1340 1208 1438 1235 eum
1461 1193 1584 1234 multi
1607 1194 1763 1237 incita-

320 1265 432 1306 rant,
464 1254 601 1296 multo
635 1254 743 1295 scito
771 1253 1015 1309 gloriosius,
1046 1266 1174 1308 quam
1209 1252 1262 1292 de
1283 1251 1369 1292 suis
1394 1251 1644 1307 praedicare.
1670 1253 1759 1297 >sibi

319 1313 436 1354 enirn
458 1313 567 1353 bene
589 1322 738 1368 gestae,
768 1310 875 1351 mihi
905 1319 1170 1352 conservatae
1196 1308 1446 1364 reipublicae
1468 1309 1543 1350 dat
1565 1309 1762 1351 testimo-

318 1370 454 1410 nium.
486 1369 570 1410 hoc
594 1369 734 1410 facere
764 1367 898 1418 illum,
928 1367 1036 1409 mihi
1067 1381 1195 1422 quam
1231 1366 1382 1422 prosit,
1413 1366 1586 1417 nescio;
1618 1367 1762 1423 reipu-

317 1426 444 1467 blicae
467 1436 581 1467 certe
605 1425 792 1481 prodest.
853 1424 987 1475 Quid,
1010 1424 1044 1465 si
1077 1425 1207 1465 etiam
1240 1423 1472 1473 Caesarem,
1494 1422 1619 1478 cujus
1641 1438 1758 1467 nunc

318 1483 436 1524 venti
459 1483 580 1524 valde
613 1492 711 1524 sunt
743 1482 933 1533 secundi,
965 1481 1096 1522 reddo
1127 1480 1376 1522 meliorem?
1409 1480 1447 1511 ¹⁶
1462 1495 1565 1521 num
1590 1490 1760 1523 tantum

317 1541 473 1581 obsum
504 1540 778 1597 reipublicae?
809 1540 914 1594 quin
942 1539 1088 1591 etiam,
1114 1539 1149 1580 si
1178 1538 1284 1579 mihi
1307 1552 1435 1579 nemo
1457 1537 1690 1590 invideret3
1722 1539 1758 1580 si

316 1612 480 1649 omnes,
510 1607 559 1638 ut
591 1607 682 1638 erat
711 1612 899 1652 aequum,
929 1596 1148 1649 faverent3
1179 1604 1321 1637 tamen
1356 1609 1444 1637 non
1473 1595 1615 1636 minus
1645 1604 1759 1637 esset

316 1655 540 1711 probanda
561 1654 915 1710 medicina,rquae
938 1663 1106 1694 sanaret
1129 1653 1303 1694 vitiosas
1326 1661 1467 1709 partes
1489 1652 1756 1708 reipublicae,

314 1727 443 1767 quam
465 1727 561 1768 quae
584 1721 819 1753 exsecaret.
840 1726 955 1752 nunc
976 1725 1093 1761 vero,
1114 1725 1212 1751 cum
1238 1713 1271 1744 ¹7
1287 1710 1502 1765 equitatus
1522 1708 1605 1760 ille,
1626 1724 1757 1766 quem

314 1784 398 1826 ego
414 1770 459 1810 in
478 1770 590 1811 clivo
611 1769 877 1826 Capitoline,
901 1778 941 1809 te
961 1767 1167 1825 signifero
1184 1783 1234 1809 ac
1255 1767 1464 1825 principe,
1481 1766 1754 1819 collocaram,

315 1835 510 1868 senatum
537 1827 796 1878 deseruerit3
827 1825 963 1868 nostri
992 1836 1135 1867 autem
1169 1825 1384 1881 principes
1414 1825 1554 1881 digito
1586 1839 1630 1865 se
1660 1840 1754 1866 coe-

313 1885 401 1926 lum
425 1893 579 1940 putent
600 1884 830 1941 attingere,
850 1884 883 1924 si
908 1882 1024 1924 mulli
1046 1882 1211 1924 barbati
1235 1882 1278 1922 in
1301 1882 1477 1939 piscinis
1500 1881 1601 1932 sint,
1626 1885 1663 1913 18
1676 1882 1751 1938 qui

361 2001 396 2030 12
411 2003 447 2029 ae
461 2008 519 2037 ego
533 2008 634 2029 novus
642 2002 804 2037 patronus
818 1996 1006 2036 instituam]
1052 1996 1215 2036 pertineat
1230 1994 1377 2029 δεικτικός
1392 1996 1660 2035 pronunciatum.
1684 1997 1752 2036 Igi-

306 2045 470 2082 patronus
498 2041 560 2072 int.
592 2040 725 2076 Siciliae,
751 2039 868 2070 melior
890 2049 934 2069 sc.
962 2044 1008 2076 te,
1050 2043 1107 2068 tur
1122 2039 1258 2078 praefero
1281 2038 1456 2069 lectionem
1473 2043 1656 2068 ceterarum
1677 2039 1751 2071 edd.

313 2084 369 2124 qui
391 2088 426 2114 et
449 2084 531 2124 ipse,
555 2089 697 2122 quaestor
720 2081 799 2112 olim
826 2081 860 2112 in
886 2080 1008 2117 Sicilia,
1052 2091 1101 2120 pr.
1117 2081 1202 2120 quod
1215 2091 1264 2111 eos
1280 2082 1360 2111 mihi
1375 2082 1494 2110 amicos
1508 2089 1582 2110 esse.

313 2132 472 2165 patronus
502 2125 621 2156 Siciliae
647 2135 699 2155 es:
734 2125 906 2154 instituam
932 2123 1008 2153 dare
1098 2126 1133 2153 15
1157 2134 1208 2153 me
1230 2124 1462 2163 quodammodo
1487 2122 1577 2153 molli
1603 2122 1747 2163 bruchio]

313 2168 423 2199 locum
437 2167 553 2199 Siculis
569 2168 602 2197 in
617 2176 751 2198 munere
766 2165 974 2205 gladiatoriO.
1051 2165 1285 2205 quodammodo
1303 2165 1382 2196 mihi
1399 2165 1528 2207 videtur
1548 2173 1617 2194 esse
1639 2165 1748 2204 glossa

358 2214 394 2242 13
428 2221 498 2250 quse
524 2214 657 2240 tantum
685 2209 801 2239 habeat
829 2209 1009 2238 consularis
1051 2208 1090 2237 τῦ
1106 2208 1194 2237 molli
1210 2208 1351 2238 brachio.

312 2253 385 2292 loci]
405 2252 426 2282 i.
444 2264 473 2284 e.
489 2262 575 2292 quae,
590 2252 667 2292 quia
681 2250 833 2283 Consulis
847 2260 930 2280 uxor
944 2255 1006 2286 est,

310 2294 410 2325 latius
424 2295 545 2326 habeat
563 2293 797 2334 spectaculum,
815 2297 853 2323 ut
869 2292 940 2322 aliis
957 2292 1002 2322 lo-

311 2348 387 2368 cum
403 2337 478 2368 dare
493 2337 608 2377 possit,
622 2337 648 2366 si
665 2336 754 2366 velit.
786 2336 941 2366 Ceterum
957 2343 1006 2364 res

311 2384 345 2409 et
360 2380 466 2410 oratio
482 2379 652 2419 postulant
665 2379 771 2415 habet,
784 2377 845 2407 nisi
858 2382 935 2408 ante
948 2386 1006 2416 pro

310 2431 381 2461 quoe
396 2421 571 2461 legendum
588 2422 630 2452 sit
645 2421 892 2461 quum.—licet
907 2420 1007 2450 etiam

310 2465 454 2494 alteram
471 2465 577 2494 tollas.
595 2474 624 2494 v.
642 2463 735 2494 Clav.
751 2462 785 2492 in
798 2471 864 2501 pes.

355 2509 392 2537 14
415 2506 499 2546 quod
512 2517 560 2536 eos
572 2508 606 2535 z'n
621 2507 678 2535 hoc
692 2515 766 2541 esse,
782 2505 909 2534 moleste
910 2502 1002 2543 sert]

308 2546 370 2578 Est
385 2559 404 2579 a
419 2549 580 2584 Victorio,
596 2547 650 2577 sed
673 2558 690 2577 e
711 2547 812 2576 libris.
837 2546 938 2576 etiam
953 2545 1004 2576 ed.

307 2590 404 2622 Rom.
419 2591 503 2630 quod
515 2601 564 2621 eos
577 2590 661 2619 nihil
672 2590 705 2619 z‘n
717 2591 774 2619 hoc
786 2598 858 2620 esse.
877 2587 1001 2619 intelli-

307 2639 393 2672 gunt
406 2634 442 2663 in
457 2634 525 2669 hoe,
541 2632 604 2662 hoc
619 2641 727 2671 agere,
752 2635 790 2660 ut
813 2631 881 2667 eius
896 2630 1002 2660 tribu-

306 2680 423 2706 natum
439 2675 631 2715 impediant.
676 2673 738 2703 Sed
761 2672 794 2702 id
815 2673 926 2702 durius
941 2677 1002 2708 est,

303 2719 393 2757 quia,
423 2717 510 2757 quod
532 2717 571 2748 de
596 2715 804 2755 impediendo
828 2715 1001 2745 tribunatu

302 2761 372 2799 ejus
387 2759 482 2796 dixit,
498 2759 596 2789 nimis
609 2758 706 2796 longe
720 2757 798 2787 hinc
818 2757 922 2794 abest,
938 2767 998 2787 nec

302 2802 344 2832 ad
371 2802 466 2833 illum
496 2800 662 2833 Ciceronis
699 2809 884 2830 sermonem
921 2809 996 2829 cum

301 2843 417 2875 Clodio
433 2844 588 2884 pertinet.
612 2852 672 2873 nec
695 2842 803 2871 minus
828 2841 932 2871 altera
947 2842 997 2871 in-

298 2887 507 2927 terpretatio,
537 2890 576 2916 ut
596 2886 632 2915 in
655 2886 712 2915 hoc
735 2883 777 2914 ad
803 2884 996 2915 Ciceronem

1097 2250 1134 2279 16
1161 2259 1240 2280 num
1262 2254 1394 2279 tantum
1416 2249 1526 2279 obsum
1545 2248 1642 2289 reip]
1669 2253 1747 2279 tan-

1049 2295 1134 2328 tum,
1146 2292 1208 2322 int.
1219 2296 1379 2330 quantum
1393 2296 1431 2321 tu
1443 2291 1536 2327 dicis,
1547 2292 1748 2332 exprobrans

1051 2334 1129 2364 mihi
1146 2334 1289 2373 Pompeii
1314 2333 1584 2365 familiaritatem.
1628 2334 1746 2365 Rosius

1047 2375 1195 2409 δεικτικῧς
1218 2376 1342 2406 dictum
1366 2375 1449 2411 vult,
1474 2386 1532 2416 pro
1556 2376 1606 2406 vel
1628 2375 1746 2406 tantil-

1049 2418 1131 2449 lum.
1176 2418 1365 2458 Suspicatus
1393 2425 1502 2448 autem
1534 2428 1619 2458 saepe
1656 2428 1744 2455 sum,

1050 2461 1241 2492 Ciceronem
1264 2460 1440 2500 scripsisse,
1456 2470 1538 2491 num
1560 2465 1673 2492 tamen
1693 2461 1748 2491 ob·

1048 2512 1122 2533 sum
1136 2513 1167 2533 r.

1094 2548 1130 2578 17
1154 2545 1318 2585 equitatus
1338 2545 1628 2584 ille-deseruerit]
1653 2546 1744 2584 equi-

1045 2591 1154 2617 tatum
1168 2587 1247 2617 dicit
1262 2587 1456 2617 insolentius
1475 2587 1622 2617 ordinem
1642 2597 1743 2627 eque-

1044 2634 1159 2666 strem,
1176 2629 1308 2669 opinor,
1326 2629 1403 2667 quia
1418 2627 1456 2658 de
1477 2630 1627 2667 equiturn
1642 2639 1742 2668 opera

1044 2671 1180 2702 militari
1203 2670 1261 2701 sibi
1279 2676 1399 2700 navata
1415 2670 1571 2710 loquitur.
1594 2672 1740 2701 deserue-

1044 2714 1102 2750 rit,
1117 2714 1186 2744 scil.
1201 2713 1383 2749 disjunctus
1398 2713 1438 2743 ab
1453 2722 1492 2743 eo
1507 2723 1564 2753 per
1583 2717 1738 2752 negatam

1040 2756 1101 2786 sibi
1135 2756 1356 2786 remissionem
1393 2755 1566 2785 locationis
1594 2757 1739 2794 vectiga-

1040 2798 1136 2836 lium,
1152 2797 1191 2828 de
1205 2807 1270 2837 qua
1284 2797 1443 2838 superiori
1459 2797 1541 2827 libro
1557 2797 1695 2828 dixerat.

1086 2843 1122 2871 18
1144 2841 1199 2880 qui
1213 2841 1259 2870 ad
1272 2849 1409 2870 manum
1424 2839 1595 2879 accedant]
1620 2849 1664 2871 sc.
1681 2849 1740 2869 vo-

1040 2883 1105 2914 cati
1120 2893 1140 2914 a
1155 2882 1289 2913 domino
1310 2881 1483 2920 adnatent,
1503 2891 1639 2912 manum
1658 2882 1742 2913 lam-
