1940 3231
346 159 422 199 670
750 158 932 195 EPIST.
961 159 1039 196 AD
1070 159 1357 204 ATTICUM,

345 260 530 302 cissimi:
564 276 741 316 quorum
785 262 975 304 artificiis
1011 263 1211 304 effectum
1249 273 1327 315 est,
1364 271 1410 305 ut
1449 265 1686 321 respublica
1720 267 1765 308 in

346 317 460 359 hunc
481 328 635 359 statum
658 320 910 375 perveniret.

301 424 333 455 b,
660 408 894 448 BALBUS
927 408 1228 450 CICERONI
1263 409 1394 450 IMP.
1418 410 1461 450 S.

346 466 399 519 S.
425 475 478 516 V.
503 475 553 516 B.
579 475 627 515 E.
679 475 961 529 Posteaquam
1000 476 1158 516 litteras
1197 491 1443 518 communes
1481 492 1578 517 cum
1619 476 1766 532 Oppio

344 535 395 576 ad
427 543 468 573 te
499 532 609 581 dedi,
641 533 693 571 ab
727 531 897 571 Caesare
926 531 1149 586 epistolam
1180 534 1340 588 accepi,
1363 534 1485 588 cnjus
1518 533 1763 589 exemplum

344 591 422 632 tibi
458 589 576 639 misi3
608 603 661 628 ex
693 588 847 642 quibus
879 588 1116 642 perspicere
1148 590 1317 644 poteriS‚
1348 605 1474 645 quam
1498 591 1640 646 cupiat
1662 605 1766 631 con-

343 647 532 688 cordiam
554 654 597 685 et
621 644 871 700 Pompeium
899 645 1182 696 reconciliare,
1204 657 1246 686 et
1267 661 1394 701 quam
1426 658 1611 688 remotus
1634 647 1688 687 sit
1709 649 1763 688 ab

344 704 458 744 omni
475 701 746 742 crudelitate:
770 701 990 755 quodeum
1014 703 1182 752 sentire,
1208 713 1252 743 ut
1270 704 1420 755 debeo,
1442 704 1559 744 valde
1583 704 1765 758 gaudeo.

345 760 412 801 Dc
436 772 475 800 te
497 769 538 798 et
563 769 634 798 tua
656 758 738 798 fide
761 768 802 798 et
826 759 981 813 pietate
1006 758 1114 799 idem
1138 759 1389 811 mehercule,
1409 762 1465 800 mi
1482 756 1650 810 Cic-ein,
1671 775 1766 801 sen-

344 818 419 867 tio,
442 816 554 871 quod
581 825 649 866 tu3
683 830 765 855 non
793 829 915 869 posse
939 826 1054 854 tuam
1088 815 1241 856 famam
1265 827 1306 856 et
1329 817 1518 857 officium
1542 819 1763 869 sustinere,

283 922 286 926 Ι
342 884 390 914 ut
421 883 570 913 contra
599 887 694 912 eum
717 886 833 911 arma
856 871 978 921 feras,
1001 888 1023 912 a
1053 887 1138 926 quo
1163 884 1324 913 tantum
1352 873 1603 914 beneficium
1628 885 1668 915 te
1695 889 1765 916 ac-

344 931 504 986 cepisse
527 930 746 985 praedices.
780 928 992 968 Caesarem
1018 928 1099 969 hoc
1122 929 1233 969 idem
1257 931 1548 984 probaturum,
1567 931 1763 985 explora-

345 998 450 1037 tum,
476 1001 549 1041 pro
573 986 773 1041 singulari
797 986 887 1040 ejus
913 985 1190 1037 humanitate,
1221 985 1388 1035 habeo;
1424 987 1548 1040 eique
1577 988 1765 1028 cumula-

343 1045 505 1085 tissime
525 1043 841 1083 satisfacturum
862 1053 900 1082 te
923 1052 1039 1083 certo
1062 1044 1165 1094 scio,
1188 1058 1285 1083 cum
1306 1043 1462 1084 nullum
1484 1053 1644 1098 partem
1667 1044 1762 1085 belli

342 1112 492 1143 contra
513 1114 607 1141 eum
633 1099 852 1155 suscipias,
884 1114 1019 1154 neque
1052 1101 1190 1140 socius
1214 1100 1304 1154 ejus
1337 1100 1587 1140 adversariis
1618 1100 1763 1141 fueris.

341 1168 468 1214 atque
492 1158 572 1198 hoc
595 1172 677 1197 non
702 1157 838 1197 solum
865 1158 905 1196 in
930 1166 984 1207 te,
1009 1158 1080 1197 tali
1103 1167 1145 1197 et
1169 1167 1287 1197 tanto
1311 1157 1417 1206 viro,
1439 1158 1540 1198 satis
1572 1157 1763 1208 habebit,

341 1217 412 1256 sed
435 1215 563 1256 etiam
594 1215 699 1255 mihi
731 1214 821 1268 ipse
853 1229 925 1254 sua
948 1214 1157 1254 concessit
1191 1214 1422 1264 voluntate,
1455 1229 1507 1254 ne
1537 1214 1580 1254 in
1612 1214 1663 1254 iis
1693 1230 1764 1255 ca-

342 1274 436 1313 stris
467 1286 616 1321 essem,
647 1267 742 1326 q'uae
779 1281 927 1311 contra
965 1271 1186 1312 Lentulum
1220 1281 1293 1311 aut
1328 1270 1581 1326 Pompeium
1622 1271 1766 1313 futura

340 1339 509 1381 essent;
540 1343 719 1384 quorum
754 1327 960 1368 beneficia
990 1328 1178 1368 maxima
1204 1328 1429 1369 haberem:
1463 1329 1629 1383 sibique
1662 1329 1763 1369 satis

340 1401 428 1428 esse
450 1387 576 1435 dixit,
608 1385 641 1426 si
673 1395 846 1440 rogatus
869 1386 1031 1425 urbana
1052 1385 1195 1425 officia
1217 1385 1295 1425 sibi
1319 1385 1635 1441 praestitissem3
1666 1400 1762 1439 quae

342 1447 379 1477 ¹9
392 1443 520 1484 etiam
543 1442 637 1493 illis,
661 1442 693 1482 si
719 1442 886 1492 vellent,
912 1452 1109 1497 praestare
1140 1456 1323 1497 possem.
1356 1443 1498 1496 itaque
1530 1457 1643 1483 nunc
1675 1442 1766 1483 Ro-

340 1514 421 1541 mae
458 1500 602 1541 omnia
643 1500 817 1555 negotia
852 1499 1019 1540 Lentuli
1057 1513 1253 1554 procuro,
1292 1499 1506 1550 sustineo;
1537 1513 1764 1554 meumque

338 1557 545 1607 officium,
568 1556 709 1606 fidem,
733 1557 934 1612 pietatem
967 1556 1032 1596 his
1064 1564 1235 1611 praesto.
1268 1556 1339 1596 sed
1361 1555 1601 1597 mehercule
1622 1570 1767 1597 rursus

330 1615 424 1668 jam
444 1614 656 1669 abjectam
679 1613 1003 1669 compositionis
1021 1627 1136 1668 spem
1163 1627 1243 1653 non
1269 1613 1653 1668 desperatissimam
1673 1626 1764 1653 esse

338 1682 470 1727 puto,
501 1671 702 1726 quoniam
734 1670 878 1710 Caesar
909 1679 972 1710 est
1002 1685 1051 1710 ea
1073 1679 1230 1720 mente,
1252 1685 1335 1725 qua
1365 1679 1513 1724 optare
1543 1670 1764 1710 debemus.

337 1728 418 1770 hac
449 1743 491 1770 re
524 1728 627 1768 mihi
659 1727 811 1783 placet,
843 1727 875 1766 si
912 1727 988 1767 tibi
1024 1727 1202 1777 videtur,
1226 1738 1266 1767 te
1299 1726 1349 1766 ad
1373 1740 1469 1766 eum
1501 1726 1696 1776 scribere,
1720 1736 1764 1767 et

338 1787 390 1826 ab
413 1801 463 1826 eo
486 1784 732 1841 praesidium
764 1793 919 1840 petere,
951 1794 998 1824 ut
1030 1784 1171 1838 petisti
1197 1799 1220 1824 a
1244 1783 1466 1839 Pompeio,
1490 1798 1556 1823 me
1589 1784 1762 1838 quidem

337 1844 616 1898 approbante,
640 1841 902 1897 temporibus
923 1840 1189 1881 Milonianis,
1222 1842 1448 1896 praestabo,
1471 1841 1522 1893 (si
1547 1839 1762 1880 Caesarem

337 1901 445 1940 bene
476 1899 609 1949 novi‚)
631 1913 725 1939 eum
766 1898 879 1953 prius
911 1907 995 1938 tuae
1029 1898 1266 1953 dignitatis,
1288 1913 1413 1952 quam
1449 1912 1535 1937 suae
1564 1897 1762 1937 utilitatis

203 1968 236 1997 1·-
255 1959 323 1987 142.
338 1958 542 1997 rationem
574 1956 834 1996 habiturum.
897 1954 1007 1995 Haec
1038 1969 1165 2009 quam
1195 1955 1420 2010 prudenter
1451 1954 1528 1994 tibi
1564 1954 1763 2005 scribam,

294 2009 503 2055 a'nese-io:
538 2013 608 2054 sed
632 2013 731 2062 illud
756 2021 869 2053 certe
892 2013 995 2061 scio,
1018 2026 1084 2051 me
1106 2013 1160 2051 ab
1182 2011 1383 2067 singulari
1407 2025 1550 2051 amore
1571 2025 1620 2050 ac
1643 2011 1764 2051 beni-

334 2072 535 2117 volentia,
558 2083 840 2125 quaecumque
863 2069 1017 2119 scribo,
1039 2068 1114 2108 tibi
1139 2069 1346 2109 scribere:
1379 2068 1493 2123 quod
1517 2078 1557 2108 te
1580 2068 1674 2119 (ita,
1696 2068 1761 2108 in-

332 2129 489 2169 columi
515 2127 698 2177 Caesare,
728 2127 903 2175 moriar)
928 2125 1035 2166 tanti
1067 2124 1194 2176 facio,
1218 2137 1264 2166 ut
1299 2140 1456 2181 paucos
1489 2135 1610 2179 aeque
1640 2139 1689 2164 ac
1721 2134 1763 2165 te

331 2201 451 2227 caros
485 2185 678 2225 habeam.
740 2183 807 2224 De
841 2183 918 2223 hac
941 2197 984 2222 re
1006 2197 1102 2222 cum
1131 2182 1289 2237 aliquid
1321 2182 1607 2227 constitueris,
1633 2181 1759 2221 velim

330 2243 436 2283 mihi
467 2242 641 2283 scribas.
679 2255 775 2281 nam
811 2254 895 2280 non
928 2239 1198 2279 mediocriter
1230 2240 1391 2289 laboro,
1421 2249 1468 2280 ut
1501 2239 1691 2292 utrique,
1715 2249 1762 2278 ut

331 2301 408 2351 vis,
432 2309 546 2340 tuam
572 2297 903 2339 benivolentiam
935 2308 1135 2352 praestare
1167 2297 1327 2352 possis:
1359 2311 1484 2351 quam
1518 2294 1759 2336 mehercule

330 2368 371 2398 te
394 2365 694 2413 praestaturum
717 2354 901 2395 confido.
963 2353 1048 2394 Fac
1073 2353 1221 2394 valeas.
1731 2398 1737 2403 μ
1844 2369 1860 2377 ²

443 2456 678 2497 BALBUS
713 2454 786 2495 ET
818 2452 1040 2494 OPPIUS
1068 2453 1112 2494 S.
1140 2452 1195 2494 D.
1228 2452 1296 2493 M.
1323 2452 1644 2494 CICERONI.

328 2517 368 2544 ²⁰
389 2511 629 2565 NEDUM
653 2524 875 2564 hominum
898 2522 1141 2572 humilium,
1164 2533 1212 2563 ut
1236 2537 1312 2563 nos
1345 2537 1503 2572 sumuS,
1535 2521 1606 2562 sed
1628 2520 1759 2561 etiam

329 2581 686 2636 amplissimorum
719 2582 902 2621 virorum
926 2579 1104 2621 consilia
1125 2594 1179 2620 ex
1213 2590 1384 2628 eventu,
1416 2593 1501 2619 non
1523 2593 1575 2618 ex
1610 2578 1758 2619 volun-

330 2648 430 2690 tate,
461 2653 486 2679 a
507 2638 717 2693 plerisque
749 2638 919 2692 probari
952 2636 1112 2678 solent:
1146 2646 1286 2677 tamen
1320 2635 1417 2676 freti
1457 2644 1529 2675 tua
1561 2634 1758 2675 humani-

370 2776 407 2808 19
421 2775 520 2804 etiam
535 2773 597 2809 illi,
615 2773 642 2802 si
655 2772 843 2811 vellem,pr.
855 2771 906 2810 qm]
933 2770 1014 2802 Edd.
1059 2771 1158 2801 enim.
1204 2771 1288 2800 Puto
1302 2770 1508 2800 scribendum
1525 2770 1652 2799 vellent.

324 2826 373 2856 pr.
389 2820 423 2846 et
445 2815 526 2845 Mss.
543 2816 621 2851 illis,
636 2814 778 2844 Lentulo
793 2818 828 2843 et
850 2813 1016 2852 Pompeio.
1101 2814 1142 2843 ‘20
1171 2812 1400 2842 Nen'um-sed
1426 2811 1540 2850 etiam]
1573 2810 1763 2840 Insolenter

324 2865 424 2889 recte.
449 2867 526 2888 nam
550 2863 585 2887 et
607 2865 682 2886 mox
702 2861 751 2885 est
777 2857 834 2885 his.
855 2857 905 2885 illi
928 2861 977 2884 est
999 2865 1018 2884 a
1061 2864 1118 2893 pro
1135 2855 1213 2884 Νοη
1229 2855 1414 2886 modo—sed
1424 2855 1533 2884 eciam.
1557 2853 1609 2883 Sic
1624 2857 1657 2883 et
1673 2852 1755 2882 infra

323 2899 432 2931 Bosio.
479 2899 542 2930 Sed
567 2898 643 2937 quid
670 2898 698 2928 π’
722 2898 862 2928 vellem?
890 2897 1018 2928 volebat
1060 2896 1170 2933 x,18.
