1940 3231
661 127 844 168 EPIST.
871 127 951 165 AD
976 126 1254 166 BRUTUM.
1607 135 1685 170 959

751 247 1160 288 ARGUMENTUM.
1703 262 1757 304 14

236 311 470 350 Paztcitatem
497 318 533 350 et
556 314 767 351 brevitatem
794 314 1033 362 epistolarum
1052 313 1165 349 Bruti
1183 316 1357 350 accusat:
1386 318 1507 362 rogat,
1526 320 1567 352 ut
1588 317 1687 353 Cice-

286 379 411 402 ronem
427 379 545 404 secum
564 368 743 407 retineant,-
773 371 809 402 εἰ
833 368 872 402 in
892 366 1046 402 Italiam
1072 378 1182 414 quam
1208 368 1369 415 primum
1387 372 1427 402 ut
1445 369 1582 411 veniat,
1602 369 1686 405 hor-

291 423 407 455 tatur.

678 485 917 528 CICERO
949 484 1163 528 BRUTO
1195 484 1242 527 S.

239 540 494 595 BREVES
527 562 614 595 tuae
648 554 830 596 litterae:
865 556 1015 596 breves
1038 555 1163 596 dico?
1194 554 1329 596 immo
1351 553 1496 597 nullae.
1528 555 1690 598 tribus-

227 612 294 651 'ne
321 611 540 653 versiculis
563 611 629 653 his
653 613 923 669 temporibus
957 613 1119 654 Brutus
1147 612 1202 653 ad
1235 614 1332 654 me?
1364 612 1473 654 nihil
1494 614 1690 670 scripsis-

239 682 328 709 sem
352 669 513 725 potius.
545 680 588 710 et
611 671 791 726 requiris
815 684 947 711 meas.
1009 670 1121 717 Quis
1144 684 1350 725 umquam
1374 671 1427 712 ad
1450 679 1493 712 te
1515 679 1692 714 tuorum

239 726 332 766 sine
362 727 470 767 meis
494 728 639 769 venit?
673 728 786 775 Quae
820 737 966 769 autem
996 726 1181 785 epistola
1202 742 1290 768 non
1318 728 1485 783 pondus
1506 727 1691 772 habuit?

240 783 353 829 Quae
379 784 413 824 si
437 784 491 825 ad
516 794 557 826 te
582 785 757 841 perlatae
780 800 865 827 non
891 795 1006 837 sunt,
1028 800 1082 827 ne
1112 784 1373 827 domesticas
1396 785 1569 842 quidem
1595 796 1692 828 tuas

234 839 421 896 perlatas
453 843 653 884 arbitror.
717 842 919 885 Ciceroni
953 844 1105 885 scribis
1138 851 1180 884 te
1210 842 1454 899 longiorem
1488 844 1692 887 daturum

237 898 484 953 epistolam.
516 913 632 941 recte
666 900 709 941 id
743 901 944 956 quidem:
979 901 1052 942 sed
1082 900 1179 942 haec
1213 915 1389 956 quoque
1419 901 1571 943 debuit
1600 917 1695 944 esse

236 955 420 1012 plenior.
483 956 579 1014 Ego
602 967 762 1010 autem,
796 974 897 1000 cum
931 958 984 1000 ad
1018 973 1088 999 me
1114 958 1168 999 de
1192 957 1418 1000 Ciceronis
1441 960 1518 1001 abs
1542 969 1584 1001 te
1606 960 1694 1002 dis-

239 1027 361 1054 cessu
395 1015 652 1071 scripsisses,
689 1016 836 1057 statim
870 1017 1037 1058 extrusi
1071 1016 1333 1068 tabellarios,
1355 1016 1607 1074 litterasque
1638 1018 1693 1060 ad

241 1069 526 1126 Ciceronem;
560 1083 620 1125 ut,
653 1074 824 1115 etiamsi
858 1074 902 1116 in
937 1073 1109 1116 Italiam
1143 1074 1344 1125 venisset,
1367 1075 1421 1116 ad
1452 1083 1494 1116 te
1516 1076 1691 1117 rediret.

240 1128 350 1169 nihil
370 1131 487 1172 enim
520 1131 627 1172 mihi
655 1130 910 1187 jucundius,
934 1132 1041 1173 nihil
1065 1131 1126 1173 illi
1153 1131 1394 1173 honestius.
1426 1148 1686 1190 quamquam
1702 1153 1737 1185 b.

239 1186 469 1243 aliquoties
503 1190 541 1230 ei
576 1190 847 1245 scripseram,
880 1190 1153 1232 sacerdotum
1179 1190 1372 1241 comitia,
1403 1205 1499 1232 mea
1523 1206 1693 1232 summa

239 1246 522 1287 contentione
552 1247 596 1288 in
619 1247 800 1289 alterum
824 1262 985 1289 annum
1015 1263 1107 1289 esse
1129 1247 1315 1303 rejecta:
1348 1248 1465 1303 quod
1488 1263 1571 1304 ego
1594 1264 1694 1290 cum

240 1301 466 1344 Ciceronis
489 1320 619 1346 causa
640 1305 874 1357 elaboravi,
897 1309 938 1340 39
954 1315 1044 1346 tum
1064 1305 1269 1357 Domitii,
1290 1305 1489 1358 Catonis,
1506 1306 1696 1358 Lentuli,

241 1358 526 1404 Bibulorum:
559 1364 676 1419 quod
714 1363 765 1405 ad
802 1372 844 1404 te
876 1363 1007 1404 etiam
1043 1364 1312 1420 scripseram.
1374 1363 1459 1406 Sed
1495 1364 1698 1406 videlicet

241 1432 340 1459 cum
374 1419 491 1460 illam
524 1420 721 1476 pusillam
754 1421 980 1478 epistolam
1016 1430 1133 1462 tuam
1163 1421 1217 1462 ad
1240 1436 1308 1462 me
1330 1421 1479 1472 dabas,
1502 1423 1697 1464 nondum

240 1485 333 1517 erat
355 1476 436 1518 tibi
459 1478 502 1519 id
525 1488 694 1531 notum.
728 1479 875 1525 Quare
897 1478 1017 1520 omni
1041 1479 1184 1520 studio
1207 1494 1231 1520 a
1254 1489 1311 1529 te,
1334 1480 1393 1520 mi
1418 1480 1568 1532 Brute,
1591 1495 1697 1522 con-

242 1533 390 1586 tendo,
414 1544 461 1576 ut
485 1535 743 1578 Ciceronem
767 1550 911 1578 meum
935 1551 987 1577 ne
1010 1536 1219 1588 dimittas,
1251 1539 1294 1567 40
1309 1546 1540 1594 tecumque
1562 1538 1698 1579 dedu-

240 1606 337 1634 cas:
371 1593 488 1648 quod
521 1594 678 1650 ipsum,
710 1595 744 1636 si
777 1594 1108 1650 rempublicam,
1137 1594 1263 1636 4¹cui
1298 1606 1523 1653 susceptus
1548 1611 1608 1648 es,
1631 1611 1697 1637 re-

239 1649 388 1705 spiciS,
411 1650 490 1692 tibi
518 1650 612 1707 jam
639 1652 822 1708 jamque
844 1652 1091 1694 faciendum
1115 1661 1194 1693 est.
1228 1662 1426 1694 renatum
1459 1654 1575 1696 enim
1608 1654 1697 1695 bel·

240 1706 330 1748 lum
353 1717 443 1751 est:
478 1709 608 1765 idque
631 1724 718 1751 non
741 1725 875 1767 parvo
900 1710 1058 1752 scelere
1082 1710 1252 1766 Lepidi.
1293 1710 1526 1752 Exercitus
1548 1722 1694 1753 autem

245 1764 448 1818 Caesaris,
484 1769 559 1823 qui
588 1776 680 1808 erat
708 1768 917 1824 optimus,
953 1783 1040 1809 non
1078 1767 1209 1809 modo
1249 1768 1359 1809 nihil
1394 1770 1585 1824 prodest,
1622 1770 1697 1811 sed

243 1822 375 1864 etium
410 1826 534 1881 cogit
568 1826 810 1867 exercitum
843 1835 964 1866 tuum
990 1825 1206 1882 flagitari:
1240 1827 1314 1881 qui
1338 1826 1372 1867 si
1398 1827 1571 1868 Italiam
1594 1828 1696 1869 atti-

242 1881 370 1936 gerit,
392 1883 474 1924 erit
497 1883 604 1924 civis
626 1898 755 1925 nemo
778 1888 927 1939 (quem
946 1885 1123 1939 quidem
1145 1883 1285 1925 civem
1307 1884 1513 1941 appellari
1532 1885 1597 1927 fas
1622 1886 1699 1937 sit)

240 1939 316 1993 qui
338 1953 382 1979 se
402 1955 489 1982 non
512 1941 554 1981 in
574 1950 650 1983 tua
668 1951 809 1983 castra
825 1941 1036 1983 conferat.
1059 1941 1137 1982 etsi
1162 1941 1348 1983 Brutum
1368 1942 1574 1999 praeclare
1595 1958 1699 1985 cum

244 1996 407 2038 Planco
442 1998 728 2053 conjunctum
762 2000 986 2041 habemus.
1021 2000 1093 2041 sed
1129 2014 1215 2041 non
1243 1999 1433 2056 ignoras,
1455 2015 1587 2056 quam
1610 2002 1697 2042 sint

242 2054 397 2096 incerti
442 2057 575 2098 animi
607 2058 850 2109 hominum,
892 2061 992 2098 42et
1023 2057 1174 2099 insecti
1210 2058 1433 2114 partibus3
1475 2069 1519 2101 et
1550 2059 1697 2101 exitus

246 2112 519 2169 proeliorum.
595 2115 716 2163 Quin
749 2116 895 2167 etiam,
928 2116 978 2167 si,
1010 2125 1058 2156 ut
1092 2130 1232 2172 spero,
1265 2116 1511 2169 vicerimus,
1553 2126 1700 2160 tamen

247 2182 452 2227 magnam
494 2173 858 2229 gubernationem
892 2174 955 2215 tui
987 2174 1173 2224 consilii,
1210 2182 1384 2230 tuaeque
1427 2175 1702 2217 auctoritatis

246 2243 311 2270 rcs
335 2229 612 2273 desiderabit.
675 2231 869 2273 Subveni
904 2232 1055 2288 igitur,
1085 2246 1160 2288 per
1188 2232 1306 2283 deos,
1331 2232 1460 2287 idque
1482 2233 1704 2289 quampri-

246 2301 382 2338 mum,
407 2288 574 2345 tibique
609 2290 832 2346 persuade,
857 2304 943 2331 non
968 2300 1009 2330 te
1036 2289 1188 2331 Idibus
1214 2289 1405 2341 Martiis,
1429 2292 1588 2346 quibus
1617 2306 1704 2333 ser-

248 2345 433 2386 vitutem
471 2350 552 2387 43st
585 2349 668 2389 tuis
701 2349 872 2389 civibus
904 2347 1124 2403 depulisti,
1160 2346 1254 2404 plus
1289 2348 1503 2403 profuisse
1535 2349 1705 2406 patriae,

244 2417 390 2458 quam,
414 2404 448 2444 si
472 2415 640 2446 mature
663 2406 846 2457 veneris,
870 2406 1162 2462 profuturum.
1198 2420 1236 2447 11
1263 2404 1366 2447 Idus
1392 2406 1549 2455 Quint.

288 2573 329 2606 39
353 2577 425 2604 tum
452 2572 609 2610 Domitii,
636 2573 768 2605 Catonis
788 2573 862 2614 &c.]
888 2573 954 2614 Qui
997 2573 1144 2614 partium
1164 2573 1323 2605 studium.
1347 2578 1429 2615 puto
1451 2580 1484 2606 et
1504 2584 1573 2606 esse
1596 2574 1708 2606 delen-

243 2617 280 2645 et
296 2614 356 2656 ipsi
371 2616 458 2656 apud
473 2616 616 2646 Brutum
637 2622 746 2655 erant,
763 2623 798 2648 et
816 2617 954 2648 Pontifi—
998 2617 1092 2655 dum,
1110 2618 1157 2648 ita
1181 2617 1298 2648 melius
1320 2623 1350 2649 et
1370 2619 1478 2649 exitus
1493 2628 1550 2659 pr.
1567 2619 1707 2658 conjun-

247 2661 361 2689 eatum
378 2663 490 2698 petere
506 2658 673 2690 volebant.
1001 2659 1092 2699 gitur
1109 2670 1186 2690 cum
1201 2661 1330 2691 incerti.

293 2705 336 2732 40
358 2705 527 2740 tecumque
551 2702 707 2743 deducas]
743 2702 795 2733 De
823 2703 957 2744 provin-
1045 2704 1084 2733 43
1108 2713 1131 2733 a
1152 2703 1218 2734 tuis
1250 2703 1372 2734 civibus
1394 2702 1557 2744 repulisti]
1587 2702 1708 2742 Scripsi

249 2746 311 2776 cia.
343 2744 396 2774 Sic
411 2744 461 2774 ed.
477 2744 574 2775 Rom.
589 2745 687 2776 Junt.
704 2750 739 2777 et
755 2747 837 2777 Mss.
854 2746 956 2777 Paris.
1001 2746 1165 2785 depulisti.
1194 2756 1269 2777 nam
1296 2747 1370 2785 jam
1393 2746 1586 2777 servitutem
1610 2746 1710 2775 susti·

251 2788 324 2818 aliae
339 2786 498 2823 adducas,
515 2792 636 2827 praeter
651 2788 778 2820 Victor.
1004 2794 1166 2819 nuerant:
1191 2799 1269 2829 ergo
1284 2799 1351 2819 non
1366 2790 1488 2829 repulit
1501 2787 1557 2819 sed
1576 2788 1711 2828 depulit.

291 2833 330 2861 41
356 2830 409 2858 cui
431 2834 596 2870 susceptus
617 2831 663 2871 es]
689 2831 740 2862 Ad
755 2833 850 2873 cujus
874 2831 960 2862 salu·
1004 2831 1082 2862 alibi
1106 2832 1209 2862 etiam
1239 2833 1310 2863 haec
1338 2834 1437 2862 verba
1459 2835 1538 2861 sunt
1561 2830 1710 2861 confusa.
1766 2830 1770 2835 “

249 2876 320 2907 tem
337 2876 435 2902 natus
450 2882 495 2902 es.
1005 2875 1058 2906 Sic
1073 2885 1125 2914 ep.
1139 2883 1206 2913 seq.
1221 2884 1348 2914 magna
1369 2876 1471 2914 pestis
1482 2877 1562 2919 *erat
1576 2874 1712 2914 depulsa

278 2918 333 2946 ’42
356 2919 388 2946 et
410 2914 524 2954 inji‘xti
540 2915 712 2957 partibus]
739 2916 904 2949 Prociives
919 2917 961 2949 ad
1000 2927 1063 2958 per
1078 2927 1144 2957 vox,
1158 2927 1240 2957 non,
1255 2918 1399 2959 repulsa.
