1940 3231
321 159 400 196 490
734 155 918 194 EPIST.
950 157 1029 196 AD
1055 156 1342 203 ATTICUM,

322 259 458 301 millia
489 267 631 316 potest
659 261 882 303 sustinere.
905 261 1068 316 reliqua
1088 262 1228 303 omnis
1250 262 1482 303 multitudo
1501 262 1556 303 ab
1574 262 1655 304 illis
1677 263 1754 305 ab·

323 317 546 370 alienetur,
569 332 741 359 necesse
770 327 849 359 est.
877 328 1098 374 praeterea,
1121 319 1155 360 si
1178 319 1263 361 ulla
1292 334 1358 360 res
1388 328 1466 370 est,
1488 334 1586 374 quae
1618 320 1756 362 bono-

322 387 418 417 rum
449 375 630 426 animos,
651 390 759 431 quos
784 376 878 430 jam
902 375 1027 417 video
1057 389 1148 417 esse
1178 388 1435 429 commotos,
1458 376 1753 418 vehementius

322 432 462 488 possit
494 433 735 484 incendere,
756 433 852 474 haec
886 442 1002 474 certe
1030 442 1110 485 est,
1132 442 1175 474 et
1205 449 1257 475 eo
1290 435 1442 491 magis,
1463 434 1578 490 quod
1606 442 1756 491 porto-

322 490 397 531 riis
435 490 575 532 Italiae
612 490 804 541 sublatis,
835 504 940 546 agro
977 489 1202 546 Campano
1234 490 1389 543 diviso,
1420 491 1536 547 quod
1569 490 1757 546 vectigal

323 556 518 604 superest
547 548 848 598 domesticum,
878 558 1035 604 praeter
1065 549 1342 591 vicesimam?
1372 554 1472 604 quae'
1498 548 1607 590 mihi
1638 548 1757 589 vide-

321 614 394 646 tur
432 620 517 646 una
554 604 852 654 conciuncula,
885 604 1071 646 clamore
1107 606 1458 661 pedissequorum
1498 614 1758 656 nostrorum,

322 676 415 703 esse
446 662 648 726 peritura.
710 661 868 704 Cnaeus
891 663 1064 718 quidem
1092 673 1236 705 noster
1248 662 1343 718 jam
1365 663 1490 720 plane
1511 663 1615 719 quid
1637 662 1759 719 cogi-

321 727 402 772 tet,
425 734 586 761 nesclo.

531 793 628 843 φυσᾷ
642 792 710 844 γὰξ
730 791 764 829 οὗ
782 795 961 843 σμικξοῖσ-ιν
980 792 1148 834 αὐλίσκοις
1165 790 1223 834 'im

530 843 633 882 Ἀλλ’
650 844 782 896 ἆγςίοιις
801 843 951 889 vhemen,
973 843 1120 896 φοςζείσις
1141 844 1239 896 ‹Za-23:

324 913 399 970 qui
428 913 602 969 quidem
635 912 767 953 etiam
800 912 912 953 istuc
944 912 1096 953 adduci
1133 913 1335 968 potuerit.
1368 927 1469 954 nam
1502 911 1644 956 adhuc
1677 912 1760 955 hoc

324 976 502 1026 ἰσοφίζετο,
536 984 579 1011 se
616 969 731 1026 leges
766 969 950 1012 Caesaris
989 970 1195 1026 probare3
1238 970 1428 1011 actiones
1467 970 1609 1026 ipsum
1650 984 1761 1026 prae-

325 1039 438 1071 stare
468 1028 648 1070 debere:
680 1027 892 1084 agrariam
923 1027 1063 1083 legem
1094 1027 1176 1068 sibi
1210 1027 1443 1083 placuisse:
1475 1027 1666 1084 potuerit
1695 1027 1764 1070 in-

326 1085 504 1138 tercedi,
537 1099 616 1126 nec
650 1099 716 1136 ne,
748 1084 857 1125 nihil
890 1084 944 1125 ad
977 1099 1020 1125 se
1055 1085 1289 1140 pertinere:
1320 1084 1406 1125 4de
1438 1099 1537 1140 rege
1571 1084 1763 1126 Alexan-

325 1145 452 1186 drino
475 1142 684 1201 placuisse
703 1141 783 1183 sibi
808 1142 1038 1197 aliquando
1059 1141 1242 1192 confici3
1264 1141 1448 1183 Bibulus
1470 1142 1522 1182 de
1537 1141 1644 1183 caelo
1668 1151 1761 1183 tum

327 1209 551 1252 servasset,
574 1215 652 1241 nec
682 1214 749 1250 ne,
772 1199 853 1239 sibi
875 1199 1154 1254 quaerendum
1187 1214 1271 1240 non
1304 1198 1460 1241 fuisse:
1492 1199 1546 1242 de
1598 1199 1763 1241 ublica-

324 1259 408 1310 nis,
432 1258 616 1300 voluisse
640 1257 700 1298 illi
721 1256 861 1297 ordini
885 1257 1184 1308 commodare3
1216 1256 1319 1311 quid
1343 1256 1536 1298 futurum
1581 1255 1704 1307 uerit,
1725 1256 1761 1297 si

325 1315 511 1358 Bibulus
534 1324 624 1356 tum
648 1315 692 1355 in
714 1313 856 1355 forum
878 1314 1182 1365 descendisset,
1204 1328 1248 1354 se
1274 1314 1466 1356 divinare
1486 1329 1574 1355 non
1596 1313 1764 1370 potuis-

326 1388 386 1416 se.
405 1388 520 1415 nunc
542 1387 643 1414 vero
667 1371 1022 1427 Sampsicerame,
1043 1371 1147 1427 quid
1169 1370 1309 1413 dices?
1334 1371 1550 1427 5vectigal
1571 1380 1614 1411 te
1635 1371 1762 1412 nobis

324 1430 369 1472 in
393 1440 540 1472 monte
560 1429 815 1470 Antilibano
837 1428 1128 1480 constituisse,
1152 1429 1243 1485 agri
1269 1428 1480 1484 Campani
1503 1427 1762 1470 abstulisse?

325 1489 444 1544 quid,
466 1488 551 1529 hoc
572 1486 936 1542 quemadmodum
967 1486 1213 1528 obtinebis?
1243 1500 1471 1542 oppressos
1493 1499 1585 1537 vos,
1606 1485 1765 1540 inquit,

325 1547 483 1587 tenebo
518 1544 711 1585 exercitu
750 1542 950 1585 Caesaris.
988 1558 1074 1585 non
1114 1543 1357 1585 mehercule
1395 1558 1464 1585 me
1501 1552 1548 1584 tu
1586 1542 1763 1597 quidem

325 1612 415 1645 tam
446 1604 530 1644 isto
553 1601 763 1652 exercitu,
784 1615 914 1655 quam
945 1601 1127 1659 ingratis
1157 1600 1312 1642 animis
1342 1614 1491 1642 eorum
1521 1599 1764 1651 hominum,

326 1661 400 1716 qui
423 1658 692 1716 appellantur
714 1658 842 1699 boni:
875 1658 947 1713 qui
972 1658 1079 1699 mihi
1102 1673 1188 1700 non
1210 1658 1340 1700 modo
1373 1657 1666 1714 praemiorum,
1688 1657 1760 1698 sed

213 1734 248 1772 p.
263 1731 381 1761 32.ne
403 1731 647 1759 sermonum
668 1714 843 1770 quidem
864 1730 1069 1772 umquam
1100 1715 1289 1758 fructum
1312 1714 1461 1767 ullum,
1483 1724 1556 1756 aut
1579 1713 1764 1771 gratiam

284 1783 315 1804 ἃ·
328 1775 578 1817 retulerunt.
600 1772 754 1830 quodsi
784 1772 861 1814 6in
892 1787 986 1814 eam
1017 1787 1087 1814 me
1109 1784 1274 1830 partem
1305 1773 1545 1823 incitarem,
1567 1771 1766 1828 profecto

317 1833 414 1888 jam
445 1833 632 1888 aliquam
663 1829 894 1886 reperirem
923 1830 1148 1873 resistendi
1172 1831 1299 1873 viam.
1328 1844 1444 1872 nunc
1474 1843 1648 1886 prorsus
1678 1828 1764 1870 hoc

325 1890 471 1940 statui,
502 1899 564 1940 ut,
586 1889 791 1944 quoniam
825 1896 946 1929 tanta
974 1889 1267 1930 controversia
1296 1896 1361 1929 est
1393 1885 1667 1937 Dicaearcho,
1698 1885 1763 1927 fa-

323 1948 479 1990 miliari
519 1957 609 1997 tuo,
647 1960 747 1987 cum
785 1944 1101 2001 Theophrasto,
1138 1946 1278 1987 amico
1319 1959 1432 1995 meo,
1469 1955 1519 1986 ut
1553 1943 1623 1984 ille
1662 1952 1761 1985 tuus

323 2012 375 2046 «τὸν
406 2010 586 2061 πρακτικὸν
615 2006 684 2051 βίον
717 2002 848 2058 longe
888 2004 1089 2044 omnibus
1131 2011 1380 2059 anteponat,
1419 2002 1490 2043 hic
1527 2011 1667 2042 autem
1710 2007 1763 2043 τὶν

323 2067 523 2116 θεωρητικὸν,
548 2060 717 2114 utrique
740 2074 765 2100 a
786 2074 855 2100 me
886 2075 979 2101 mos
1007 2069 1152 2114 gestus
1174 2074 1264 2100 esse
1289 2060 1496 2101 videatur.
1519 2068 1625 2114 puto
1647 2059 1762 2099 enim

273 2140 275 2142 ·
324 2132 395 2159 me
425 2116 683 2159 Dicaearcho
706 2116 871 2158 affatim
894 2117 1174 2159 satisfecisse:
1199 2121 1217 2152 7
1233 2117 1417 2173 respicio
1438 2130 1553 2158 nunc
1576 2115 1627 2156 ad
1650 2115 1763 2157 hanc

327 2174 549 2225 familiam,
580 2189 678 2230 quae
710 2174 816 2216 mihi
850 2189 936 2215 non
967 2175 1112 2226 modo,
1144 2183 1191 2216 ut
1224 2174 1504 2229 requiescam,
1537 2172 1764 2229 permittit,

326 2233 401 2274 sed
434 2232 722 2289 reprehendit,
753 2231 854 2286 quia
884 2246 971 2273 non
1004 2246 1172 2288 semper
1202 2232 1399 2287 quierim.
1431 2245 1561 2286 quare
1595 2230 1762 2271 incum-

326 2290 497 2342 bamus,
519 2305 545 2331 ο
576 2297 722 2330 noster
750 2288 863 2340 Tite,
886 2289 940 2330 ad
971 2289 1043 2330 illa
1072 2289 1278 2345 praeclara
1308 2289 1464 2340 studia,
1486 2299 1530 2329 et
1559 2302 1626 2336 eo,
1651 2288 1763 2329 unde

327 2347 546 2388 discedere
577 2361 664 2388 non
704 2346 912 2402 oportuit,
945 2346 1175 2401 aliquando
1208 2356 1485 2387 revertamur.
1546 2345 1677 2392 Quod
1710 2345 1764 2387 de

330 2404 484 2451 Quinti
524 2404 667 2446 fratris
700 2403 883 2460 epistola
915 2404 1081 2454 scribis,
1115 2403 1167 2444 ad
1206 2418 1275 2444 me
1310 2417 1482 2458 quoque
1520 2401 1604 2444 fuit
1640 2406 1764 2458 πςόσθε

327 2465 417 2510 λέων,
445 2465 554 2503 ἕωθεν
580 2465 624 2504 δέ.
657 2461 761 2517 quid
791 2460 933 2503 dicam
963 2461 1125 2502 nescio.
1158 2475 1257 2501 nam
1293 2461 1353 2501 ita
1384 2459 1581 2517 deplorat
1612 2459 1763 2517 primis

368 2621 389 2648 4
414 2619 453 2648 de
477 2628 553 2657 rege
575 2618 813 2658 Alexandrino]
843 2618 891 2648 Ut
917 2617 1023 2648 socius

326 2671 403 2701 pop.
432 2661 472 2691 R.
500 2660 733 2700 appellaretur,
762 2661 801 2691 de
829 2670 893 2700 quo
922 2660 1024 2691 etiam

325 2703 514 2733 confectum
529 2707 589 2733 est.

368 2748 387 2776 5
411 2746 556 2783 vectigal
577 2749 607 2774 te
633 2745 720 2775 nobis
747 2745 819 2785 δια]
853 2744 938 2774 Cum
968 2744 1026 2784 Sy-

324 2788 406 2818 riam
435 2788 502 2826 regi
525 2786 698 2817 ademisset
722 2792 796 2827 post
815 2787 940 2817 bellum
962 2786 1024 2816 mi-

323 2829 550 2865 thridaticum,
565 2830 666 2860 etiam
684 2829 881 2859 Palaestinae.

354 2873 386 2903 ⁷6
402 2874 436 2902 in
450 2882 524 2904 eam
537 2882 587 2903 me
596 2876 730 2912 partem
743 2871 933 2911 incitarem]
951 2871 1025 2902 Hoc

322 2916 373 2945 est
399 2915 571 2950 efficacius,
597 2923 695 2954 quam
718 2915 747 2946 si
771 2914 917 2950 dixisset,
939 2915 968 2944 si
989 2914 1026 2944 in

1066 2626 1138 2647 eam
1158 2621 1293 2656 partem
1319 2618 1526 2654 inclinarem,
1548 2616 1636 2656 quod
1659 2620 1693 2647 et
1715 2625 1766 2647 se-

1067 2659 1242 2700 quentibus
1257 2659 1366 2700 aptius
1380 2663 1440 2689 est.

1110 2705 1129 2736 7
1152 2702 1284 2741 respicio
1297 2711 1385 2731 nunc
1407 2702 1452 2731 ad
1472 2703 1557 2731 qunc
1566 2700 1760 2741 familiam]

1068 2754 1113 2775 sc.
1138 2743 1419 2784 philosophorum,
1442 2744 1476 2773 in
1492 2753 1556 2783 qua
1569 2748 1642 2774 erat
1655 2743 1765 2774 Theo-

1067 2786 1230 2827 phrastus.
1248 2795 1313 2816 non
1329 2789 1441 2817 autem
1454 2785 1508 2816 hic
1519 2792 1655 2822 sectam,
1665 2795 1765 2824 quam

1067 2828 1197 2870 proprie
1211 2828 1359 2864 dicimus,
1374 2827 1544 2868 intelligit,
1561 2828 1616 2858 sed
1629 2832 1764 2868 tantum

1069 2871 1228 2902 diversam
1245 2871 1407 2902 rationem
1422 2870 1584 2901 sentiendi
1599 2870 1698 2900 etiam
1714 2869 1763 2901 in-

1068 2918 1121 2944 ter
1135 2912 1347 2954 philosophos
1361 2913 1506 2954 ejusdem
1519 2911 1652 2944 scholae.
