1940 3231
634 171 816 211 EPIST.
846 171 924 210 AD
951 164 1224 210 BRUTUM.
1571 149 1642 214 97'1

214 279 350 321 nitate
372 293 457 320 non
481 291 665 335 possem,
688 276 749 317 ita
769 290 940 317 causam
971 275 1039 332 egi
1074 289 1304 332 puerorum
1335 274 1377 315 in
1411 283 1575 327 senatu,
1597 285 1646 316 ut

213 349 256 378 te
278 337 461 378 arbitror
482 350 506 376 e
529 334 674 376 matris
695 334 848 375 litteris
873 335 1063 389 potuisse
1091 346 1367 388 cognoscere.
1429 333 1522 374 Nec
1546 347 1646 374 vero

216 394 300 435 ulla
330 409 394 435 res
424 393 506 434 erit
537 406 753 447 umquam,
777 391 818 431 in
842 406 927 446 qua
956 405 1038 446 ego
1062 405 1147 431 non
1172 389 1236 430 vel
1262 389 1362 429 vitae
1389 389 1574 444 periculo
1597 404 1647 430 ea

214 451 372 502 (licam,
394 464 528 505 eaque
558 449 729 499 faciam,
751 463 848 502 quae
881 457 922 489 te
954 448 1074 498 velle,
1096 448 1330 503 7'6quaeque
1359 447 1412 487 ud
1446 456 1486 487 te
1518 446 1648 502 perti-

217 522 318 549 nere
340 508 534 549 arbitrer.
594 506 714 547 Vale.
764 520 812 547 v1
838 505 1021 547 Kalend.
1045 506 1166 546 Sext.

492 753 576 808 M.
615 751 899 806 TULLII
942 750 1374 806 cressonis

338 881 1528 964 EPISTOLAE

914 1045 966 1069 AD

711 1144 1165 1202 BRUTUM,

466 1276 502 1312 A
529 1272 807 1311 GERMANIS
838 1269 1107 1308 REPERTAE
1135 1268 1203 1306 ET
1231 1268 1427 1306 EDITAE.

796 1405 1074 1429 ἡ-,ο-Φ-..ῌ

739 1510 1145 1548 ARGUMENTUM.
1683 1514 1701 1551 l

222 1579 266 1615 1η
283 1589 421 1614 summo
440 1577 649 1612 discrimine
668 1586 740 1610 rem
759 1587 832 1610 esse
849 1575 988 1616 scribit,
1010 1587 1122 1622 neque
1148 1586 1185 1609 se
1215 1578 1333 1609 tamen
1365 1575 1554 1622 desperare
1568 1591 1580 1611 .·
1609 1588 1665 1617 ce-

273 1631 456 1666 leritatem
483 1630 521 1664 in
549 1628 759 1677 Consulibus
788 1629 967 1663 <tesiam-ut
999 1632 1032 1662 et
1057 1628 1317 1675 prudentium.-
1348 1629 1544 1663 maximam
1570 1640 1670 1677 spem

224 1699 228 1704 ’
275 1695 349 1719 esse
367 1684 406 1718 in
425 1682 542 1717 Bruto
564 1685 599 1716 et
621 1680 755 1716 Cassio.

673 1746 908 1788 CiCERO
943 1745 1153 1788 BRUTO
1186 1747 1230 1788 S.

296 1827 437 1870 UUM
472 1826 568 1868 haec
601 1826 859 1876 scribebam,
893 1840 956 1866 res
987 1826 1320 1867 existimabatur
1349 1826 1392 1867 iu
1425 1836 1670 1869 extremum

226 1886 413 1931 adducta
446 1885 702 1926 discrimen:
737 1884 878 1924 tristes
911 1884 1026 1924 enim
1059 1884 1113 1924 de
1158 1884 1294 1925 Bruto
1328 1895 1477 1925 nostro
1514 1885 1670 1926 litterae

225 1943 457 1998 nuntiique
486 1942 805 1983 adferebantur.
868 1940 946 1981 Me
968 1941 1140 1996 quidem
1175 1956 1261 1982 non
1286 1943 1474 1982 maxime
1495 1953 1672 1983 contur-

225 2001 404 2042 babant.
438 1999 503 2040 his
533 2000 649 2040 enim
680 1999 942 2039 exercitibus
982 2000 1265 2054 ducibusque,
1296 2014 1404 2055 quos
1446 1999 1671 2051 habemus,

224 2058 343 2100 nullo
390 2057 517 2098 modo
560 2068 754 2113 poteram
790 2057 1000 2098 diffidere.
1038 2071 1176 2112 neque
1211 2057 1475 2101 assentiebar
1515 2058 1671 2113 majori

226 2116 337 2173 parti
361 2115 603 2156 hominum.
631 2114 788 2155 lficiem
813 2115 927 2155 enim
951 2115 1176 2155 consulum
1200 2129 1286 2155 non
1309 2115 1669 2166 condemnabam,

224 2188 322 2228 quae
361 2183 557 2228 suspecta
596 2173 871 2213 vehementer
904 2182 1012 2213 erat.
1045 2172 1341 2213 desiderabam
1374 2172 1591 2214 nonnullis
1624 2173 1671 2214 in

223 2235 352 2272 rebus
374 2230 642 2285 prudentiam
666 2240 710 2270 et
730 2230 1019 2283 celeritatem3
1051 2244 1138 2284 qua
1159 2231 1193 2270 si
1217 2239 1358 2271 essent
1389 2231 1469 2281 usi,
1485 2230 1672 2286 jampri-

224 2289 322 2330 dem
345 2289 557 2344 rempubl.
580 2301 964 2343 recuperassemus.
1025 2287 1126 2328 Nou
1150 2288 1265 2328 enirn
1296 2287 1486 2343 ignoras,
1508 2297 1672 2343 quanta

224 2354 447 2387 momenta
483 2346 568 2386 sint
608 2346 651 2385 in
693 2345 914 2401 republica
954 2354 1224 2400 temporum:
1258 2353 1301 2386 et
1339 2345 1441 2400 quid
1486 2345 1670 2397 intersit,

222 2406 244 2436 2
267 2403 380 2444 idem
412 2402 516 2444 illud
550 2413 692 2444 utrum
727 2413 842 2453 ante,
874 2417 929 2443 an
963 2414 1060 2458 post
1092 2403 1362 2453 decernatur,
1394 2403 1669 2459 suscipiatur,

224 2472 392 2517 agatur.
456 2460 630 2510 Omnia,
653 2475 750 2515 quae
783 2474 927 2501 severe
957 2460 1130 2501 decreta
1160 2471 1260 2501 sunt
1290 2460 1375 2501 hoc
1406 2460 1609 2512 tumultu,
1633 2461 1667 2501 si
1682 2481 1713 2511 p.
1728 2472 1804 2503 332.

224 2528 312 2569 aut,
346 2533 432 2573 quo
474 2518 544 2558 die
582 2518 676 2559 dixi
713 2518 985 2567 sententiam,
1017 2517 1209 2573 perfecta
1243 2527 1401 2569 essent,
1432 2527 1476 2559 et
1506 2533 1592 2559 non
1624 2518 1710 2560 ina.

225 2575 339 2616 diem
370 2590 424 2616 ex
459 2577 529 2616 die
562 2575 707 2625 dilata,
731 2586 805 2616 aut
837 2590 923 2630 quo
956 2590 1009 2615 ex
1046 2588 1240 2631 tempore
1262 2585 1462 2631 suscepta
1484 2585 1598 2627 sunt,
1621 2585 1671 2617 ut

226 2645 470 2688 agerentur,
505 2647 591 2674 nou
625 2633 791 2673 tardata
823 2642 867 2674 et
899 2634 1228 2688 procrastinata,
1266 2632 1421 2675 bellum
1448 2634 1542 2690 jam
1576 2633 1672 2675 nul-

246 2782 251 2787 *
268 2779 309 2811 76
331 2788 462 2818 quoeque
475 2781 521 2810 ad
534 2785 565 2811 te
573 2781 741 2820 pertinere
763 2780 922 2820 arbitrer]
969 2780 1167 2812 arbitrabor.
1184 2780 1246 2811 hoc
1261 2791 1390 2821 quoque
1405 2791 1472 2811 non
1488 2791 1656 2822 spernam.

225 2822 370 2851 arbitrer
398 2832 454 2861 pro
481 2823 615 2862 vulgato
643 2824 788 2853 arbitror
816 2824 926 2863 legen·
1016 2827 1026 2853 l
1042 2823 1152 2864 fidem
1174 2834 1200 2853 e.
1219 2834 1304 2855 eous.
1320 2834 1384 2854 non
1398 2823 1669 2866 condemnabam]

227 2863 304 2893 duni
343 2874 470 2904 semper
497 2866 623 2904 putayi,
653 2866 822 2896 latinitate
853 2877 927 2896 vera
969 2866 1086 2896 Malim
1104 2867 1361 2897 contemnebam.

226 2906 428 2945 postulante.
451 2912 482 2937 et
507 2910 553 2938 sic
577 2909 681 2948 reperi
704 2910 738 2938 in
761 2909 810 2938 ed.
827 2908 925 2939 Rom.
1011 2911 1031 2939 <2
1052 2908 1138 2938 idem
1166 2908 1253 2938 illud
1279 2913 1394 2939 utrum
1424 2909 1498 2948 ὅκα]
1525 2909 1612 2940 illud
1636 2908 1673 2941 in

225 2947 337 2990 itaque
352 2949 398 2980 sie
413 2948 511 2982 edidi.
555 2950 618 2982 Ed.
635 2951 811 2983 Cratandri
828 2950 927 2983 habet
969 2949 1030 2983 hac
1045 2950 1190 2990 generali
1206 2952 1372 2983 sententia
1387 2961 1455 2983 nou
1470 2951 1591 2993 placet.
