1940 3231
624 135 798 174 EPIST.
825 134 903 172 AD
930 132 1202 174 BRUTUM.
1554 140 1631 181 967

199 247 280 284 n'eu
305 240 498 283 diffidas:
532 254 616 281 sem
606 255 699 296 per
720 241 762 280 in
787 254 947 295 praese-e
939 240 1069 280 tibus
1093 239 1214 280 malis
1246 238 1538 305 prohibendIS,
1563 241 1632 283 fu-

200 308 294 338 tuia
316 313 499 354 quoque,
535 299 614 338 nisi
647 308 746 337 ante
780 297 834 336 sit
864 311 1106 347 occursum,
1128 297 1274 352 expio-i
1262 312 1341 348 res,
1376 312 1426 338 116
1459 299 1630 340 5611151-

200 368 359 397 11116ῑε11
396 357 548 396 {ortem
570 365 613 395 et
643 354 824 394 liberum
856 355 1062 404 mimum,
1084 368 1169 408 quo
1189 363 1230 394 et
1255 355 1419 406 consul,
1441 365 1484 396 et
1516 370 1628 397 nunc

198 427 329 453 601151Ι
323 414 408 453 dari
415 428 431 453 5
455 411 761 468 rempublicam
784 411 1025 462 vindicasti,
1046 411 1136 451 sine
1155 411 1397 452 constantia
1418 422 1496 452 et
1484 427 1629 467 mqua-

197 468 271 509 bil*
247 470 365 510 lime
396 470 557 510 nullum
587 482 678 509 esse
709 468 886 524 putaris,
948 468 1103 509 Fatem
1131 469 1261 520 enim,
1295 469 1506 510 durimem
1537 484 1628 510 esse

193 527 488 567 conditionem
513 534 717 581 spectatae
741 526 927 577 virtutis,
946 541 1072 581 quam
1096 525 1346 581 incognitae.
1394 525 1628 568 Benefacta

191 596 275 690 Ero
295 584 450 624 debitis
472 584 714 639 exio-imus:
746 583 896 639 64quae
920 583 1041 624 aliter
1064 583 1282 634 eveniunt,
1307 593 1353 624 ut
1376 584 1544 639 decepti
1571 585 1626 625 ab

227 655 259 680 15
299 640 453 682 infesto
476 642 621 681 animo
645 640 1008 696 issepiehendimus.
1041 639 1195 695 Itaque
1217 641 1409 682 resistere
1431 640 1670 691 Antoniop.
1684 655 1756 690 087,

193 696 464 748 Ciceronem,
487 698 565 739 etsi
590 712 747 756 magna
769 698 891 739 laude
913 699 1093 755 dignum
1121 708 1210 749 est3
1244 707 1400 750 tamen,
1425 699 1526 753 quia
1557 698 1670 740 illea

190 755 355 805 consul,
377 755 490 796 hunc
512 741 778 796 consularem
802 756 956 796 merito
959 732 1182 812 Ο6166511116
1206 757 1387 807 videtur,
1408 770 1533 796 nemo
1553 757 1627 798 ad-

189 811 384 853 mir.atur
446 812 568 854 Idem
601 812 754 853 Cice1o
787 813 819 853 si
853 813 1024 854 flexerit.
1049 812 1249 853 adversus
1278 812 1381 854 ilios
1408 812 1626 876 judicium

188 882 329 920 suum,
351 870 466 924 quod
491 879 610 911 tanta
640 870 842 910 firmitate
874 885 923 911 ac
956 869 1255 925 magnitudine
1288 871 1448 911 direxit
1477 885 1519 910 111
1550 885 1626 911 ex-

188 900 405 968 turbaiido
427 928 646 968 Antonio:
679 941 763 968 non
788 927 917 968 modo
942 926 1091 982 reliqui
1116 927 1320 982 temporis
1343 927 1522 983 gloriam
1544 929 1626 968 eri-

189 984 332 1038 puerit
363 985 460 1036 sibi,
493 987 562 1025 sed
597 984 727 1025 etiam
760 984 978 1040 praeterita
1012 998 1265 1025 evanescere
1298 994 1440 1041 coget.
1502 984 1627 1027 Nihil

189 1041 302 1081 enim
325 1056 400 1097 per
431 1056 475 1082 se
505 1042 693 1106 amplum
717 1053 795 1092 est,
828 1042 908 1082 nisi
933 1042 972 1073 65
987 1042 1028 1082 in
1052 1041 1311 1097 quojudicii
1336 1043 1444 1083 ratio
1466 1051 1625 1084 exstat.

191 1098 308 1144 Quia
328 1100 542 1141 neminem
566 1099 704 1155 magis
726 1099 863 1150 decet,
885 1113 1012 1154 quam
1038 1107 1094 1150 te,
1127 1100 1435 1163 rempublicam
1467 1114 1624 1164 amare,

185 1155 482 1212 Jibeitatisque
511 1157 777 1197 defensorem
799 1170 904 1208 6556,
926 1156 1025 1199 vel
1013 1157 1206 1212 ingenio,
1231 1157 1296 1197 vel
1318 1159 1443 1198 rebus
1476 1157 1624 1213 Ο65115,

187 1213 252 1254 vel
275 1214 432 1265 studio,
457 1224 586 1269 atque
606 1214 918 1269 efflagitatione
934 1228 1143 1255 omnium.
1205 1214 1350 1260 Quare
1373 1229 1458 1255 non
1489 1215 1624 1256 Octa-

187 1270 279 1311 vius
302 1282 366 1312 est
388 1272 618 1327 rogandus,
643 1287 664 1312 u
673 1280 688 1311 t
710 1272 810 1312 velit
832 1286 909 1312 1105
941 1271 1028 1312 salv
1033 1286 1079 1311 05
1101 1285 1219 1313 esse:
1253 1272 1390 1328 magis
1415 1282 1457 1312 tu
1483 1280 1525 1312 te
1546 1286 1623 1312 ex-

186 1328 358 1379 suscita,
381 1340 429 1369 ut.
454 1343 548 1370 eam
572 1330 809 1380 civitatem,
842 1331 883 1369 in
908 1343 992 1384 qua
1013 1329 1205 1369 maxima
1226 1330 1411 1385 gessisti,
1444 1329 1623 1370 liberam

183 1394 313 1440 atque
339 1386 562 1427 honestam
587 1385 678 1426 fore
709 1397 846 1441 putes,
880 1387 912 1426 si
947 1387 1074 1426 1110(Ξο
1107 1386 1192 1427 sint
1223 1386 1385 1443 populo
1406 1387 1536 1428 duces
1568 1386 1622 1427 ad

182 1444 467 1484 resistendum
489 1444 784 1499 improborum
808 1443 1014 1484 consiliis.

695 1517 965 1554 ARGUMEN
969 1517 1084 1554 TUM
1092 1543 1099 1552 .
1636 1529 1684 1570 17

179 1580 242 1616 De
262 1580 442 1617 Ciceronis
459 1581 572 1616 nimio
591 1581 629 1616 in
656 1581 805 1616 Octavio
837 1582 998 1616 ornando
1026 1582 1148 1616 studio
1179 1579 1403 1617 vehementer
1433 1581 1621 1629 conqueri-

232 1637 305 1675 tur,
325 1634 546 1680 eundemque
570 1634 736 1680 graviter
757 1632 999 1680 reprehendit,
1021 1636 1097 1680 qui,
1118 1645 1198 1668 cum
1226 1634 1380 1670 Antonii
1399 1633 1622 1671 dominatio·-

227 1697 309 1722 nem
326 1686 555 1735 oppresserit,
573 1697 703 1721 novam
722 1687 759 1721 in
780 1686 931 1722 Octavio
949 1686 1117 1721 stabiliat
1135 1689 1171 1722 et
1190 1686 1387 1735 confirmet.

610 1762 853 1806 BRUTUS
886 1762 1115 1806 ATTICO
1147 1764 1192 1805 S.

180 1815 430 1874 SCRIBIS
461 1832 584 1896 mihi,
616 1833 760 1873 mirati
794 1832 1066 1884 Ciceronem,
1089 1832 1205 1888 quod
1235 1831 1343 1873 nihil
1375 1832 1618 1890 significem

178 1904 383 1944 umquam
424 1889 477 1930 de
521 1890 607 1931 suis
649 1890 772 1931 actis.
835 1890 1055 1937 Quoniam
1088 1888 1317 1945 efflagitas,
1348 1900 1502 1932 coactu
1541 1900 1617 1933 tuo

174 1948 375 1998 scribam,
407 1962 504 2003 quae
547 1947 711 1989 sentio*
763 1947 924 1989 Omnia
962 1947 1115 1988 fecisse
1155 1946 1411 1988 Ciceronem
1445 1948 1615 2004 optimo

173 2005 335 2056 animo,
358 2005 462 2046 scio.
484 2005 587 2059 quid
615 2005 731 2046 enim
761 2004 867 2045 mihi
891 2005 1158 2060 exploratius
1180 2018 1271 2045 esse
1302 2014 1461 2060 potest,
1483 2020 1614 2061 quam

170 2062 285 2103 illius
307 2062 474 2104 animus
499 2063 540 2103 in
566 2061 903 2119 rempublicam?
940 2062 1025 2103 Sed
1056 2062 1257 2117 quaedam
1287 2062 1394 2103 mihi
1429 2063 1612 2115 videtur,

173 2119 276 2175 quid
296 2119 466 2161 dicam?
498 2120 711 2176 imperite,
734 2120 798 2161 vir
819 2119 1015 2160 omnium
1038 2119 1423 2175 prudentissimus3
1446 2134 1499 2161 an
1523 2135 1613 2161 am-

170 2177 330 2218 bitiose
352 2176 528 2229 fecisse3
560 2178 633 2232 qui
657 2177 998 2218 valentissimum
1023 2177 1261 2218 Antonium
1285 2178 1501 2234 suscipere
1534 2193 1612 2233 pro

169 2234 394 2290 republica
429 2249 514 2275 non
551 2234 762 2276 dubitarit
792 2234 1045 2276 inimicum?
1078 2234 1255 2285 Nescio,
1288 2235 1391 2289 quid
1427 2235 1611 2276 scribam

172 2293 269 2343 tibi,
301 2292 381 2332 nisi
415 2306 572 2344 unum3
605 2292 725 2348 pueri
749 2302 791 2333 et
821 2292 1105 2347 cupiditatem
1136 2302 1179 2332 et
1212 2292 1431 2333 licentiam
1467 2295 1611 2348 potius

172 2364 263 2391 esse
305 2349 529 2400 irritatam,
568 2364 698 2404 quam
740 2364 972 2405 1611165566]
1016 2364 1042 2390 a
1074 2348 1311 2390 Cicertone
1356 2358 1613 2405 tantumque

171 2420 279 2448 eum
300 2407 486 2461 tribuere
518 2406 619 2447 huic
642 2406 939 2463 induloentiae,
963 2414 1010 2447 ut
1029 2420 1073 2447 56
1093 2407 1332 2447 maledictis
1369 2421 1454 2447 non
1478 2408 1613 2448 absti-

173 2475 298 2506 neat:
341 2463 392 2504 iis
426 2478 497 2519 qui
488 2464 616 2515 dem,
639 2479 735 2519 quae
759 2465 810 2504 in
825 2465 965 2528 ipsum
1002 2463 1232 2520 dupliciter
1264 2463 1475 2515 recidunt,
1494 2466 1610 2520 quod

170 2531 215 2562 et
238 2522 376 2577 plures
396 2521 557 2562 occidit
581 2536 681 2571 uno,
699 2536 828 2577 seque
851 2536 913 2577 pri
904 2536 966 2561 us
989 2530 1162 2577 oportet
1184 2521 1370 2561 fateatur
1393 2522 1655 2573 sicarium,b·

171 2593 300 2633 quam
333 2578 516 2634 objiciat
548 2578 713 2629 Cascae,
736 2579 850 2634 quod
882 2578 1065 2632 objicit:
1098 2586 1141 2618 et
1175 2577 1369 2619 imitatur
1403 2579 1444 2619 in
1472 2578 1611 2620 Casca

172 2635 380 2677 Bestiam.
451 2635 520 2676 An
572 2636 675 2691 qui-t
713 2651 801 2677 non
840 2636 1042 2699 omnibus
1085 2634 1200 2676 horis
1235 2635 1454 2691 jactamus
1505 2636 1608 2677 Idus

171 2688 374 2744 Martias,
409 2694 604 2735 similiter
636 2702 765 2748 atque
795 2692 915 2734 ille
898 2701 934 2734 ἡ
946 2707 1047 2734 onas
1080 2692 1291 2735 Decemb.
1326 2708 1422 2734 suas
1454 2693 1497 2734 in
1535 2707 1610 2734 ore

208 2806 250 2837 64
279 2816 349 2846 quoe
375 2808 474 2838 aliter
500 2807 663 2847 eveniunt]
698 2807 814 2838 Delevi
839 2807 866 2836 si
951 2807 990 2837 65
1006 2808 1041 2837 m
1055 2817 1115 2847 quo
1121 2806 1246 2848 judicii
1261 2808 1346 2838 ratio
1361 2806 1481 2849 exstat]
1506 2807 1610 2839 Aures

164 2853 239 2890 post
253 2858 341 2888 quoe:
365 2859 442 2880 nam
462 2850 496 2880 in
523 2850 602 2881 Mss.
624 2850 783 2891 plerisque
800 2859 866 2880 non
908 2859 991 2880 mere
1006 2849 1175 2891 postulant
1190 2853 1303 2881 exstet.

169 2895 337 2932 repertum
351 2898 414 2929 est,
430 2896 464 2923 et
479 2893 638 2924 abest-ed.
655 2893 751 2924 Rom.

862 2940 886 2976 3
911 2946 938 2985 Ω
962 2940 990 2976 4
