1940 3231
362 142 438 175 444
773 133 951 172 EPJST.
981 133 1060 171 AD
1085 133 1367 177 ATTICUM‚

362 241 565 296 optimus,
586 248 630 280 et
650 238 755 280 mihi
784 238 1080 288 amicissimus,
1104 250 1203 278 sane
1237 237 1314 278 tibi
1348 237 1476 278 iratus
1498 245 1575 278 est.
1606 236 1704 289 hoc,
1726 238 1777 290 si,

362 298 511 351 quanti
535 306 578 337 tu
613 297 812 344 aestimes,
836 296 981 342 seiam,
1007 304 1110 344 tum,
1133 294 1234 348 quid
1258 293 1362 335 mihi
1382 294 1685 335 elaborandum
1708 295 1777 345 sit,

362 354 468 395 scire
491 354 663 410 possim.
714 353 762 394 L.
787 352 939 393 Cincio
964 350 1061 392 H-S
1083 364 1222 392 ccmo
1245 364 1384 392 ccmo
1404 365 1521 392 cccc
1547 365 1623 406 pro
1646 351 1779 407 signis

363 409 613 466 Megaricis,
646 419 694 451 ut
729 420 772 450 tu
805 409 856 449 ad
895 422 962 448 me
998 408 1236 463 scripseraS‚
1266 407 1426 448 curavi.
1505 407 1680 449 Hermae
1715 407 1778 449 tui

363 465 571 508 Pentelici
605 481 702 508 cum
735 466 949 521 capitibus
971 464 1114 515 aeneis,
1137 464 1188 505 de
1210 465 1365 519 quibus
1387 465 1439 506 ad
1462 478 1530 505 me
1556 464 1778 520 scripsisti,

272 523 450 579 p.5.jam
485 538 598 565 nunc
631 537 698 564 me
730 521 960 563 admodum
982 520 1209 562 delectant.
1238 535 1368 575 quare
1401 521 1540 571 velim,
1566 530 1609 561 et
1630 535 1717 571 eos,
1735 529 1779 561 et

315 581 346 602 ⁸·
362 581 498 636 signa,
515 584 554 612 25
568 589 610 620 et
640 590 793 627 cetera,
817 593 912 633 quae
946 578 1021 618 tibi
1046 577 1187 632 Qssejus
1211 577 1307 628 loci,
1329 586 1372 617 et
1402 578 1535 618 nostri
1568 578 1713 629 studii,
1735 586 1778 618 et

362 647 446 678 tuae
476 637 700 692 elegantiae
734 650 824 676 esse
854 634 1123 684 videbuntur,
1152 649 1278 689 quam
1311 634 1506 689 plurima,
1538 648 1664 688 quarn
1693 634 1780 689 pri-

358 708 562 748 mumque
597 693 756 743 mittas,
782 702 825 732 et
854 692 1042 731 maxime
1080 705 1176 745 quae
1214 691 1291 731 tibi
1330 691 1540 746 gymnasii
1577 691 1777 745 xystique

359 750 619 791 videbuntur
647 764 752 790 esse.
784 763 879 789 nam
905 749 945 788 in
974 762 1023 787 eo
1055 761 1209 802 genere
1231 748 1291 788 sic
1314 748 1456 788 studio
1477 746 1706 798 efferimur,
1729 756 1779 787 ut

358 808 434 847 abs
452 819 493 848 te
511 807 755 862 adjuvandi,
768 807 820 845 ab
836 804 928 845 aliis
944 818 1075 858 prope
1097 804 1429 858 reprehendendi
1451 804 1595 845 simus.
1619 803 1652 843 si
1668 803 1778 844 Len-

359 863 434 904 tuli
459 865 577 904 navis
609 878 693 903 non
725 863 818 912 erit,
841 875 926 915 quo
951 861 1028 900 tibi
1062 859 1260 914 placebit,
1292 861 1519 916 imponito.
1577 859 1776 910 Tulliola,

357 920 564 961 deliciolae
602 931 773 967 nostrae,
815 929 934 957 tuum
977 915 1272 956 munusculum
1307 917 1489 972 flagitat,
1522 926 1565 958 et
1606 931 1688 967 me,
1729 925 1779 957 ut

358 991 619 1032 sponsorem,
639 975 837 1032 appellat.
860 973 965 1014 mihi
989 983 1128 1015 autem
1154 974 1351 1028 abjurare
1368 974 1523 1014 certius
1545 982 1623 1026 est,
1645 987 1774 1029 quam

355 1033 608 1090 dependere.

317 1112 344 1153 9
787 1101 1018 1146 CICERO
1049 1101 1275 1144 ATTICO
1308 1102 1353 1144 S.

360 1161 625 1216 NIMIUM
658 1187 751 1213 raro
784 1172 907 1213 nobis
941 1172 1015 1212 abs
1049 1182 1088 1211 te
1118 1171 1271 1211 litterae
1308 1170 1569 1211 afferuntur:
1601 1183 1696 1211 cum
1729 1179 1774 1212 et

355 1231 490 1272 multo
514 1243 560 1272 tu
577 1229 742 1271 facilius
765 1229 963 1284 reperias,
987 1227 1059 1282 qui
1083 1226 1263 1268 Romam
1282 1227 1622 1282 proficiscantur,
1649 1241 1777 1282 quam

355 1303 452 1343 ego,
475 1288 547 1342 qui
569 1286 786 1328 Athenas:
819 1295 861 1326 et
879 1284 1034 1326 certius
1060 1285 1140 1324 tibi
1164 1284 1233 1334 sit,
1256 1299 1324 1324 me
1347 1298 1436 1325 esse
1457 1283 1627 1334 Romae,
1644 1298 1773 1339 quam

354 1345 475 1394 mihi,
500 1355 540 1385 te
557 1343 753 1384 Athenis.
787 1343 928 1396 itaque
950 1351 1124 1396 propter
1154 1341 1264 1381 hanc
1295 1341 1611 1381 dubitationem
1636 1355 1775 1381 meam

355 1403 524 1442 brevior
560 1401 654 1441 haec
688 1400 780 1454 ipsa
808 1398 988 1453 epistola
1009 1408 1095 1438 est:
1129 1398 1258 1452 quod,
1291 1413 1387 1438 cum
1416 1398 1602 1438 incertus
1623 1411 1774 1448 essem,

356 1459 428 1498 ubi
452 1472 576 1507 esses,
600 1456 795 1497 nolebam
819 1456 936 1496 illum
971 1462 1165 1494 nostrum
1195 1454 1446 1495 familiarem
1468 1467 1706 1495 sermonem
1729 1454 1773 1495 in

354 1515 511 1554 alienas
545 1528 692 1554 manus
721 1512 933 1553 devenire.
993 1511 1128 1566 Signa
1158 1510 1396 1567 Megarica,
1428 1520 1471 1551 et
1503 1510 1701 1562 Hermas,
1723 1511 1776 1552 de

353 1572 508 1626 quibus
543 1571 592 1611 ad
628 1584 695 1610 me
730 1569 951 1624 scripsisti,
989 1568 1262 1609 vehementer
1299 1576 1520 1624 exspecto.
1566 1567 1776 1622 quidquid

353 1628 544 1682 ejusdem
565 1626 730 1682 generis
753 1625 944 1675 habebis,
964 1625 1142 1680 dignum
1166 1624 1400 1666 Academia
1421 1625 1500 1665 tibi
1523 1625 1638 1679 quod
1658 1624 1776 1665 vide-

354 1685 483 1735 bitur,
506 1699 557 1725 ne
578 1683 785 1724 dubitaris
807 1682 990 1733 mittere,
1007 1691 1050 1721 et
1072 1696 1181 1723 arcae
1204 1691 1360 1723 nostrae
1382 1682 1604 1723 confidito.
1637 1695 1772 1737 genus

352 1741 436 1782 hoc
468 1750 532 1781 est
568 1739 796 1795 voluptatis
831 1753 967 1780 meae:
1000 1752 1097 1793 quae
1128 1741 1337 1790 γυμναιο-ιώδη
1369 1739 1558 1779 maxime
1587 1747 1700 1791 sunt,
1723 1752 1774 1779 ea

352 1812 512 1852 quaero.
580 1796 782 1837 Lentulus
819 1810 947 1836 naves
987 1809 1081 1835 suas
1111 1794 1349 1851 pollicetur.
1381 1808 1482 1851 peto
1516 1796 1592 1836 abs
1631 1805 1686 1846 te,
1724 1804 1772 1836 ut

351 1854 444 1895 haec
466 1868 585 1895 cures
608 1853 847 1908 diligenter.
910 1851 1076 1893 Chilius
1101 1862 1143 1892 te
1165 1862 1304 1907 rogat,
1326 1862 1368 1893 et
1385 1867 1466 1907 ego
1488 1853 1579 1908 ejus
1602 1861 1771 1909 rogatu,

349 1908 566 1958 Ειξιιολπιδᾶἷν
582 1910 721 1961 mirem.

287 1986 338 2022 10
778 1976 1011 2019 CICERO
1042 1976 1268 2018 ATTICO
1302 1977 1346 2018 S.

352 2033 499 2087 CUM
521 2060 654 2087 essem
677 2046 718 2086 in
741 2044 998 2096 Tusculano,
1021 2045 1119 2097 (erit
1141 2044 1223 2085 hoc
1247 2045 1325 2086 tibi
1349 2059 1422 2100 pro
1444 2044 1514 2085 illo
1537 2054 1626 2096 tuo,
1658 2044 1771 2086 Cum

304 2117 333 2147 b.
350 2116 484 2144 essem
523 2104 565 2144 in
606 2102 864 2154 Ceramico,)
898 2112 1188 2142 verumtamen
1219 2116 1314 2142 cum
1351 2102 1409 2143 ibi
1445 2116 1594 2153 essem,
1630 2101 1772 2144 Roma

349 2174 469 2215 puer,
495 2175 519 2201 a
552 2173 692 2200 sorore
725 2170 799 2200 tua
830 2158 998 2210 missus,
1031 2159 1255 2214 epistolam
1290 2159 1395 2199 mihi
1423 2159 1496 2199 abs
1535 2170 1575 2199 te
1598 2159 1768 2199 allatam

348 2216 481 2268 dedit,
513 2216 826 2270 nuntiavitque,
847 2230 898 2257 eo
937 2216 1031 2272 ipso
1061 2215 1129 2256 die
1161 2224 1259 2271 post
1280 2216 1500 2256 meridiem
1529 2218 1569 2249 27
1589 2216 1766 2265 iturum,

347 2274 419 2329 qui
443 2274 496 2315 ad
529 2283 567 2314 te
603 2273 957 2329 proficisceretur.
990 2287 1040 2313 eo
1070 2273 1230 2314 factum
1259 2282 1337 2323 est,
1370 2282 1416 2313 ut
1453 2272 1646 2328 epistolae
1679 2282 1765 2313 tuae

346 2331 619 2372 rescriberem
643 2330 826 2385 aliquid3
858 2330 1066 2370 brevitate
1096 2331 1299 2385 temporis
1323 2340 1408 2370 tam
1438 2344 1571 2385 pauca
1593 2343 1770 2385 cogerer

346 2388 542 2429 scribere.
605 2387 796 2428 Primum
829 2387 907 2427 tibi
941 2387 993 2427 de
1022 2395 1167 2427 nostro
1200 2387 1339 2426 amico
1362 2386 1585 2442 placando,
1608 2397 1682 2427 aut
1703 2395 1767 2427 et-

345 2443 430 2485 iam
456 2445 575 2501 plane
597 2444 860 2485 restituendo
894 2443 1110 2499 polliceor.
1140 2443 1253 2498 quod
1277 2458 1373 2498 ego,
1396 2444 1473 2483 etsi
1498 2458 1593 2485 mea
1614 2452 1767 2499 sponte

345 2510 444 2542 ante
463 2503 686 2552 faciebam,
708 2515 759 2541 eo
795 2515 909 2541 nunc
937 2509 1079 2541 tamen
1109 2510 1152 2540 et
1182 2514 1306 2555 agam
1331 2500 1575 2550 studiosius,
1597 2509 1641 2540 et
1661 2514 1766 2541 con-

346 2558 515 2601 tendam
549 2560 602 2600 ab
637 2558 709 2599 illo
733 2557 1040 2608 vehementius,
1060 2557 1173 2612 quod
1207 2566 1369 2598 tantam
1402 2571 1456 2599 ex
1489 2556 1671 2612 epistola
1692 2571 1768 2598 vo—

385 2697 424 2725 25
446 2698 477 2724 et
496 2693 617 2733 celera]
643 2698 673 2723 et
695 2693 793 2723 deleri
816 2692 943 2722 volebat
968 2691 1029 2721 Ca·
1074 2691 1242 2722 rectissimi
1259 2690 1450 2731 probentur.

343 2737 514 2767 saubonus.
544 2743 643 2767 recte.
671 2745 747 2765 nam
778 2735 872 2774 signa
896 2739 1027 2764 tantum
1115 2735 1154 2767 27
1169 2734 1294 2763 iturum
1308 2742 1395 2769 eum,
1409 2733 1465 2773 qui
1480 2731 1555 2771 &c.]
1571 2742 1645 2765 eum
1654 2732 1764 2764 delen·

342 2779 504 2818 qumi-ebat
520 2779 647 2810 Cicero.
1073 2774 1150 2805 dum
1164 2787 1171 2804 τ
1196 2784 1256 2805 nec
1272 2774 1344 2805 addi
1367 2775 1462 2811 solet,
1478 2779 1512 2805 et
1526 2774 1579 2806 hic
1595 2775 1630 2807 in
1644 2775 1762 2807 vicinia

384 2820 423 2849 26
443 2819 514 2861 ejus
536 2820 607 2859 loci]
623 2818 800 2850 Tusculani
823 2828 873 2858 ep.
891 2821 1032 2849 5.——tuae
1071 2827 1105 2848 eo
1120 2817 1166 2848 bis
1181 2817 1277 2859 positi
1295 2816 1392 2848 nimis
1404 2817 1516 2857 friget.

340 2862 522 2900 elegantiae,
544 2866 601 2893 tuo
620 2860 744 2901 judicio
766 2861 801 2892 in
828 2860 889 2892 hoc
913 2869 1030 2901 genere
