1940 3231
293 173 369 209 812
710 170 891 209 EPIST.
918 171 997 209 AD
1023 170 1310 217 ATTICUM,

295 274 410 315 visus
449 281 527 315 est.
588 273 735 316 Altera
769 275 950 331 epistola
984 276 1087 318 llde
1126 276 1311 318 Madaro
1349 277 1522 334 scripta,
1562 280 1724 337 ¹2apud

293 345 422 386 quem
456 331 617 372 nullum
641 335 884 387 φκλαίκςωμοιε
917 341 964 374 ut
998 344 1137 389 putas.
1171 335 1355 390 processi
1390 335 1519 386 enim,
1543 336 1615 378 sed
1646 338 1725 379 mi'-

293 403 388 430 nus.
420 388 580 429 diutius
608 402 802 429 sermone
824 390 938 430 enim
971 405 1063 431 sum
1087 401 1289 433 retentus.
1351 392 1479 438 Quod
1504 402 1648 434 autem
1671 395 1723 437 ad

295 455 336 487 te
371 447 637 502 scripseram,
672 444 852 487 obscure
884 446 1077 497 sortasse,
1111 449 1152 490 id
1184 449 1395 504 ejusmodi
1430 459 1519 491 est:
1566 442 1725 502 aiebat,

294 503 510 545 Caesarem
545 517 703 552 secum,
726 517 811 556 quo
847 514 1038 559 tempore
1061 505 1197 546 Sextii
1225 517 1372 562 rogatu
1398 507 1493 548 veni
1525 508 1576 548 ad
1611 509 1724 559 eum',

291 577 389 602 cum
414 569 708 615 exspectarem
733 559 896 610 sedens,
924 561 1108 603 dixisse:
1141 577 1212 619 ego
1235 579 1339 605 nunc
1363 571 1445 605 tam
1472 564 1544 605 sim
1566 565 1725 617 stultus,

292 626 337 659 ut
358 618 462 658 hunc
485 617 611 672 ipsum
619 614 795 672 facilem
818 617 1029 669 hominem,
1047 625 1185 673 putem
1211 620 1312 661 mihi
1331 636 1407 662 esse
1427 621 1614 672 amicum,
1637 635 1726 664 cum

291 674 448 715 tamdia
468 673 602 714 sedens
633 687 762 714 meum
792 675 1037 716 commodum
1070 676 1296 730 aspectet?
1334 678 1483 720 Habes
1505 679 1638 734 igitur
1655 691 1723 727 φοι-

291 733 469 785 λα’κςωμκ,
497 731 837 772 inimicissimum
862 733 955 783 otii,
982 733 1071 773 l3id
1092 744 1170 785 est,
1196 733 1334 775 Bruti.
1367 734 1417 776 In
1434 735 1723 777 Tusculanum

286 785 441 837 >hodieq
478 788 657 829 Lanuvii
688 803 805 837 cras;
842 790 940 830 inde
972 789 1142 831 Asturae
1176 791 1438 846 cogitabam.
1501 792 1623 834 Piliae
1649 808 1723 849 pa-

288 853 427 885 ratum
452 857 514 885 est
549 846 809 901 hospitium:
843 847 916 888 sed
952 849 988 877 1⁴
1005 847 1151 888 vellem
1186 848 1406 902 Atticain3
1438 853 1604 903 (verum
1639 849 1719 892 tibi

287 900 467 957 ignosco
484 904 514 954 ς)
546 918 725 959 quarum
752 905 919 959 utrique
941 904 1135 946 salutem.

247 1015 272 1050 3
715 1007 949 1051 CICERO
981 1008 1208 1052 ATTICO
1241 1011 1285 1052 S.

282 1068 717 1124 TRANQUILLAE
751 1087 835 1118 tuae
867 1077 1039 1132 quidem
1071 1077 1247 1130 litterae3
1280 1078 1395 1135 quod
1429 1078 1590 1120 utinam
1623 1079 1718 1121 diu-

283 1135 394 1177 tius!
430 1150 525 1176 nam
559 1135 723 1176 Matius
756 1149 878 1190 posse
913 1136 1111 1191 negabat.
1175 1135 1287 1176 Ecce
1319 1146 1460 1177 autem
1485 1145 1716 1178 structores

280 1195 414 1233 nostri
443 1196 479 1223 ¹5
494 1193 544 1233 ad
570 1192 830 1233 frumentum
863 1192 1060 1247 profecti,
1083 1207 1180 1234 cum
1212 1194 1357 1234 inanes
1385 1193 1623 1244 rediissent,
1647 1208 1716 1234 ru-

281 1265 442 1291 morem
467 1249 650 1290 afferunt
673 1264 894 1305 magnum,
918 1249 1071 1291 Romae
1095 1250 1268 1291 domurn
1294 1250 1345 1292 ad
1364 1249 1605 1292 Antonium
1628 1249 1716 1291 fru-

280 1316 472 1348 mentum
497 1322 625 1347 omne
646 1307 832 1363 portari:
864 1312 995 1347 πανικὸν
1017 1318 1154 1349 certe:
1188 1308 1426 1363 scripsisses
1448 1308 1579 1350 enim.
1627 1307 1715 1348 Co-

281 1365 457 1405 rumbus
492 1364 616 1405 Balbi
655 1364 843 1405 16nullus
875 1362 1041 1416 adhuc;
1090 1367 1122 1398 17
1139 1373 1183 1405 et
1217 1365 1323 1406 mihi
1356 1373 1508 1406 notum
1541 1362 1713 1406 nomen.

235 1428 266 1458 b.
283 1421 425 1463 Bellus
448 1422 561 1462 enirn
592 1436 683 1463 esse
704 1421 862 1463 dicitur
893 1421 1167 1463 architectus,
1226 1421 1295 1463 Ad
1327 1423 1644 1479 obsignandum
1667 1431 1713 1464 tu

279 1479 499 1520 adhibitus
524 1494 607 1519 non
633 1480 722 1520 sine
745 1494 873 1520 causa
897 1478 1065 1520 videris.
1098 1479 1248 1520 volunt
1269 1480 1384 1521 enim
1407 1494 1483 1520 nos
1506 1480 1566 1521 ita
1589 1488 1712 1535 puta-

277 1551 335 1577 re.
370 1537 512 1578 nescio
535 1551 610 1577 cur
634 1551 717 1577 non
738 1536 882 1577 animo
904 1549 1078 1591 quoque
1101 1537 1301 1578 sentiant.
1325 1537 1394 1578 sed
1416 1537 1519 1592 quid
1542 1537 1636 1578 haec
1655 1534 1709 1578 ad

274 1597 382 1636 nos?
404 1594 583 1635 odorare
605 1603 746 1634 tamen
766 1593 945 1635 Antonii
967 1595 1132 1635 >coisses-cu:
1157 1609 1284 1649 quem
1306 1594 1478 1649 quidem
1502 1608 1583 1649 ego
1605 1593 1713 1649 epu·-⁴

276 1651 411 1692 larum
451 1651 588 1707 magis
624 1651 807 1692 arbitror
845 1650 1054 1692 rationem
1095 1650 1268 1701 habere,
1305 1665 1434 1706 quam
1472 1650 1708 1707 quidquam

274 1709 375 1750 mali
398 1708 605 1764 cogitare.
665 1708 745 1759 Tu,
769 1709 801 1748 si
825 1707 927 1764 quid
953 1709 1250 1763 pragmaticon
1273 1708 1419 1759 habes,
1441 1708 1580 1749 scribe
1600 1724 1610 1749 ε
1643 1708 1709 1748 sin

274 1766 431 1816 minus,
456 1765 601 1821 populi
623 1769 854 1817 ἐπισημασίαν,
875 1774 918 1806 et
940 1765 1169 1807 mimorum
1193 1766 1309 1807 dicta
1332 1765 1600 1822 perscribito.
1634 1764 1708 1806 Pia

273 1823 343 1865 liae
366 1832 409 1864 et
429 1822 590 1864 Atticae
613 1823 807 1863 salutem.

233 1922 261 1959 4
711 1911 946 1954 CICERO
978 1911 1206 1954 ATTICO
1238 1913 1282 1954 S.

274 1969 466 2023 NUNC
498 1980 601 2037 quid
634 1989 759 2037 putas
783 1995 849 2021 me
886 1980 1096 2022 Lanuvii?
1132 1989 1176 2022 at
1209 1995 1291 2037 ego
1316 1988 1356 2021 te
1390 1979 1489 2021 istic
1511 1977 1705 2035 quotidie

270 2039 431 2095 aliquid
451 2039 552 2080 novi
576 2038 782 2094 suspicor.
815 2047 982 2079 tument
1003 2039 1192 2094 negotia.
1227 2041 1263 2070 18
1278 2052 1376 2079 nam
1398 2051 1496 2078 cum
1522 2036 1704 2086 Matius,

269 2097 372 2152 quid
395 2111 542 2137 censes
565 2097 756 2137 ceteros?
779 2095 977 2151 equidem
1001 2095 1140 2146 doleo,
1158 2095 1274 2151 quod
1296 2109 1530 2149 numquam
1553 2094 1595 2134 in
1621 2092 1704 2133 ulla

268 2154 446 2195 civitate
467 2153 639 2203 accidit,
662 2167 749 2194 non
782 2168 864 2193 una
885 2167 982 2193 cum
1015 2152 1212 2194 libertate
1242 2152 1553 2209 rempublicam
1583 2164 1703 2191 recu-

270 2221 476 2268 peratam.
513 2210 718 2252 horribile
739 2220 818 2263 est,
839 2225 936 2267 quae
964 2209 1209 2266 loquantur,
1232 2225 1329 2266 quae
1352 2209 1621 2250 minitentur.
1651 2221 1702 2249 ac

312 2378 350 2406 io
367 2377 506 2415 plausus
522 2374 565 2405 L.
584 2374 617 2405 C‘.
635 2373 746 2413 datus]
774 2383 805 2404 v.
830 2372 871 2404 ad
885 2373 961 2404 Div.
1005 2372 1083 2403 dum
1100 2372 1138 2404 de
1153 2373 1259 2406 glossa
1273 2375 1462 2412 suspectum
1478 2370 1554 2401 fuit.

267 2417 348 2453 XII,
364 2420 394 2448 2.
411 2427 508 2456 quare
521 2417 645 2448 facetus
659 2416 714 2447 ille
729 2416 861 2457 plausus
877 2417 963 2447 visus
1050 2417 1087 2446 14
1109 2416 1223 2446 vellem
1245 2414 1405 2453 Atticam]
1432 2413 1548 2444 Filiam
1563 2420 1630 2442 una
1650 2419 1699 2442 se-

267 2460 310 2490 sit
327 2460 490 2494 Ciceroni,
509 2469 573 2489 non
590 2463 731 2489 constat.
1005 2467 1080 2488 cum
1098 2458 1283 2488 adduceret.
1306 2458 1364 2487 tibi
1386 2459 1526 2496 ignosco,
1541 2454 1626 2494 quod
1642 2453 1699 2484 do-

314 2505 346 2531 ll
384 2503 422 2532 de
450 2501 608 2541 Μαᾱανο]
654 2501 774 2538 Matio,
805 2501 858 2540 qui
891 2505 963 2531 erat
1005 2501 1050 2530 mi
1066 2505 1177 2531 tecum
1192 2510 1264 2530 eam
1279 2508 1347 2530 esse
1362 2499 1475 2529 mavis.

267 2543 398 2580 calvusg
438 2544 524 2575 infra
555 2544 640 2574 idem
675 2544 816 2574 Calvena
842 2544 963 2574 dicitur
1050 2546 1087 2574 15
1110 2541 1387 2582 adsi-amentum]
1405 2541 1520 2571 Romae
1534 2538 1697 2580 accipien-

265 2597 317 2627 ep.
336 2589 365 2617 5.
381 2591 411 2621 9.
1004 2584 1082 2615 duni
1098 2596 1114 2616 e
1131 2585 1202 2624 lege
1216 2583 1341 2614 Clodia.
1694 2614 1698 2618 f

312 2631 349 2659 12
378 2629 469 2669 apud
494 2638 588 2667 qvem
616 2638 648 2657 n.
678 2634 752 2667 φαλ.
781 2632 820 2658 ut
842 2627 958 2668 putas]
1052 2627 1087 2658 16
1109 2628 1220 2658 nultus
1240 2624 1362 2665 adhuc]
1401 2623 1560 2655 Nondum
1581 2622 1622 2654 ad
1645 2633 1697 2654 me

265 2670 343 2702 Non
361 2672 476 2712 reperi,
498 2680 573 2700 eum
591 2680 657 2701 esse
678 2671 908 2709 tranquillum,
926 2676 960 2701 et
1002 2670 1103 2700 venit.
1695 2700 1698 2704 ,

265 2714 299 2744 in
315 2723 437 2744 coesse
461 2713 714 2751 tranquillitatis
736 2712 883 2743 studium
901 2717 959 2743 aut
1049 2714 1083 2746 17
1109 2715 1140 2741 et
1167 2711 1247 2741 mihi
1284 2714 1396 2741 notum
1431 2708 1480 2748 n.]
1518 2707 1597 2738 Non
1632 2706 1696 2738 hoe

263 2766 421 2787 amorem.
450 2760 487 2785 ut
503 2759 605 2795 putas
621 2754 748 2784 restitui
771 2764 845 2784 eum
869 2755 959 2784 Grae-
1002 2763 1077 2784 cum
1100 2755 1210 2784 nullus
1231 2753 1339 2783 adhuc·
1360 2750 1531 2782 commode
1553 2749 1630 2780 coit.
1652 2759 1696 2781 an

263 2799 326 2833 vin,
343 2809 381 2829 ex
396 2799 468 2829 edd.
485 2808 534 2838 pr.
551 2801 589 2827 ut
604 2796 659 2827 ille
671 2807 688 2826 c
704 2796 785 2827 Mss.
801 2797 880 2833 suis,
896 2806 955 2837 pro
995 2796 1078 2826 sed?

263 2852 326 2881 quo
343 2842 458 2873 Bosius
474 2845 510 2870 tm
527 2843 613 2880 puta
628 2839 768 2869 induxit.
812 2840 955 2879 Sequen-
1044 2841 1080 2869 18
1104 2848 1182 2869 nam.
1197 2847 1270 2868 cnm
1285 2835 1426 2876 Alterius]
1445 2836 1496 2867 [ta
1508 2834 1639 2870 sentiat,
1655 2837 1694 2865 ut

262 2884 310 2916 tia
326 2893 391 2914 non
408 2883 571 2921 intelligo.
999 2890 1098 2920 supra
1125 2881 1248 2912 dictum
1279 2890 1331 2921 ep.
1363 2882 1394 2912 1.
1421 2878 1521 2911 homo
1546 2876 1693 2920 placidus

308 2929 345 2958 13
368 2926 404 2957 z'd
425 2929 482 2964 esc,
508 2923 626 2966 Bruti]
652 2923 725 2955 Hoc
750 2922 829 2955 mihi
855 2922 957 2954 inter·
998 2922 1090 2955 alias.
