1940 3231
747 123 953 164 LIBER
995 123 1105 162 v111.
1573 130 1652 172 632

210 246 300 282 sua,
322 239 397 273 aut
419 230 667 288 reipublicae
690 243 819 271 causa
842 228 1069 270 Luceriam
1090 226 1250 279 venire,
1272 229 1418 270 statim
1439 245 1530 273 esse
1547 246 1650 274 ven·
1661 259 1694 290 p.
1715 252 1727 280 1
1736 250 1787 281 ιε,

209 298 380 332 turum:
413 289 696 342 hortatusque
729 300 837 337 sum,
860 296 909 326 ut
943 299 1063 326 oram
1092 284 1355 325 maritimam
1377 289 1593 341 retineret,
1615 290 1694 332 sia·

208 360 298 387 rem
325 345 648 388 frumentariam
671 343 751 383 sibi
776 358 830 384 ex
855 342 1090 400 provinciis
1114 342 1380 398 suppeditari
1404 344 1544 386 vellet.
1568 347 1653 389 hoc

209 418 281 444 me
303 403 461 445 frustra
482 403 668 443 scribere
686 400 900 442 videbam.
919 401 991 442 sed
1014 400 1076 441 uti
1097 400 1140 441 in
1160 400 1266 441 urbe
1287 399 1512 443 retinenda
1535 412 1654 456 tunc,

212 461 275 504 Sic
307 475 421 502 nunc
451 461 495 500 in
530 457 657 499 Italia
689 472 775 499 non
807 458 1087 514 relinquenda
1109 457 1372 499 testificabar
1394 462 1654 502 sententiam

210 531 367 560 meam.
402 517 463 557 sic
495 516 610 557 enim
645 516 785 572 parari
821 516 960 566 video,
991 526 1037 557 ut
1072 515 1298 557 Luceriam
1332 529 1480 556 omnes
1514 518 1654 574 copiae

211 574 549 618 contrahantur:
584 576 663 614 4et
698 587 752 614 ne
785 573 819 614 is
853 574 1028 630 quidem
1062 573 1180 614 locus
1209 572 1390 624 stabilis,
1413 573 1487 615 sed
1517 588 1570 615 ex
1604 590 1655 617 eo

209 632 319 689 ipso,
341 631 376 672 si
408 644 652 687 urgeamur,
683 641 858 686 paretur
890 631 1008 688 fuga.
1030 645 1117 686 quo
1150 631 1291 671 minus
1323 631 1492 683 mirere,
1524 632 1558 673 si
1592 633 1657 673 in-

209 690 323 731 vitus
352 689 398 729 in
429 703 522 729 eam
556 703 729 730 causam
761 689 992 740 descendo,
1017 689 1058 729 in
1082 702 1167 743 qua
1200 702 1339 743 neque
1362 689 1494 745 pacis,
1517 704 1657 745 neque

209 746 405 787 victoriae
437 746 548 787 ratio
571 746 755 801 quaesita.
785 746 841 787 sit
873 761 1094 801 umquam,
1118 745 1190 787 sed
1224 760 1392 802 semper
1423 747 1654 803 flagitiosae

211 812 255 844 et
274 803 538 844 calamitosae
563 804 696 860 fugae.
731 803 959 856 Eundum;
982 813 1044 854 ut,
1060 817 1377 858 quemcumque
1399 803 1486 845 fors
1511 804 1657 846 tulerit

211 875 374 912 casum,
394 863 568 901 subeam
597 861 737 916 potius
757 876 857 902 cum
880 861 1033 916 iis‚qui
1053 862 1255 902 dicuntur
1277 875 1369 902 esse
1390 861 1507 912 boni,
1525 877 1656 916 quam

148 946 154 953 -
209 918 356 959 videar
378 934 403 959 a
424 919 549 959 bonis
572 918 813 959 dissentire.
833 919 912 960 etsi
938 918 1189 974 propediem
1215 918 1338 959 video
1364 919 1590 970 bonorum,
1612 920 1655 962 id

210 985 290 1026 est,
312 975 526 1017 lautorum
559 985 603 1017 et
634 975 931 1032 locupletium,
956 977 1107 1017 urbem
1139 974 1340 1017 refertam
1373 976 1479 1027 fore,
1512 978 1657 1018 muni-

209 1033 336 1090 cipiis
368 1048 468 1075 vero
501 1033 567 1074 his
600 1033 773 1084 relictis,
805 1033 1144 1074 refertissimam.
1167 1048 1253 1088 quo
1283 1047 1367 1089 ego
1400 1033 1442 1074 in
1476 1049 1654 1076 numero

210 1105 363 1142 essem,
386 1092 419 1132 si
452 1091 530 1132 hos
560 1091 733 1132 lictores
765 1090 1091 1132 molestissimos
1114 1105 1199 1131 non
1233 1090 1450 1132 haberem.
1476 1106 1556 1133 nec
1587 1107 1656 1134 me

213 1147 297 1190 M’.
324 1148 491 1205 Lepidi,
525 1147 573 1189 L.
597 1148 798 1198 Volcatii‚
822 1148 913 1189 Ser.
938 1148 1120 1204 Sulpicii
1151 1147 1363 1188 comitum
1395 1150 1656 1204 poeniteret3

212 1220 397 1261 quorum
428 1220 556 1247 nemo
587 1219 666 1247 nec
698 1205 869 1246 stultior
898 1215 979 1256 est,
1000 1219 1129 1262 quam
1156 1204 1205 1246 L.
1230 1204 1468 1256 Domitius,
1492 1221 1570 1248 nec
1593 1208 1659 1248 in-

213 1264 496 1314 constantior,
518 1277 648 1318 quam
672 1262 788 1320 App.
813 1262 1034 1305 Claudius.
1070 1263 1191 1305 Unus
1216 1262 1451 1319 Pompeius
1476 1278 1544 1304 me
1566 1279 1660 1306 mo-

213 1330 300 1372 vet,
324 1321 549 1372 beneficio,
574 1335 659 1362 non
693 1321 966 1362 auctoritate.
989 1335 1118 1377 quam
1150 1322 1266 1362 enim
1299 1321 1371 1362 ille
1401 1320 1558 1362 habeat
1584 1337 1661 1364 au-

213 1379 462 1420 ctoritatem
485 1379 528 1419 in
554 1378 634 1420 hac
656 1393 799 1429 causa,
821 1379 910 1434 qui,
934 1394 1034 1421 cum
1063 1392 1210 1420 omnes
1244 1377 1462 1420 Caesarem
1494 1391 1661 1421 metue-

213 1436 382 1487 bamus,
406 1436 496 1492 ipse
518 1450 616 1476 eum
640 1436 851 1493 diligebat
871 1440 884 1479 ?
916 1446 1145 1492 postquam
1168 1437 1261 1492 ipse
1292 1447 1482 1477 metuere
1503 1439 1658 1494 coepit,

215 1502 342 1549 putat
362 1508 510 1535 omnes
535 1493 678 1535 hostes
702 1494 761 1535 illi
784 1502 983 1550 oportere
1005 1497 1128 1536 esse?
1160 1493 1327 1535 Ibimus
1352 1503 1495 1535 tamen
1525 1495 1659 1537 Luce-

213 1551 319 1592 riam
338 1567 348 1593 :
371 1565 452 1592 nec
469 1565 568 1592 eum
591 1550 772 1593 fortasse
790 1552 1024 1593 delectabit
1046 1561 1191 1593 noster
1209 1552 1434 1593 adventus.
1456 1552 1658 1594 dissimu-

214 1607 303 1649 lare
334 1609 450 1649 enim
483 1623 570 1649 non
604 1618 772 1665 potero,
795 1609 917 1661 mihi,
939 1624 1037 1665 quae
1071 1609 1213 1650 adhuc
1246 1619 1344 1650 acta
1376 1617 1488 1660 sunt,
1510 1610 1659 1666 displi-

215 1680 326 1707 cere.
373 1665 469 1722 Ego
493 1667 525 1707 si
550 1681 749 1708 somnum
772 1681 926 1723 capere
949 1681 1134 1723 possem,
1156 1675 1246 1707 tam
1268 1666 1410 1722 longis
1434 1675 1476 1707 te
1498 1669 1661 1724 episto—

213 1722 265 1764 lis
288 1738 374 1765 non
397 1724 697 1766 obtunderem.
721 1735 782 1777 tu,
805 1725 840 1765 si
872 1725 952 1766 tibi
984 1725 1135 1766 eadem
1166 1739 1296 1766 causa
1323 1733 1405 1777 est,
1428 1738 1497 1766 me
1521 1740 1662 1767 remu-

211 1795 363 1823 -nerere
385 1796 487 1823 sane
512 1781 653 1824 velim.

645 1865 880 1908 CICERO
912 1864 1142 1908 ATTICO
1174 1865 1221 1908 S.
1670 1897 1700 1933 2

217 1921 388 1975 MIHI
411 1948 511 1976 vero
543 1935 690 1976 omnia
719 1944 868 1991 grata3
899 1942 942 1975 et
964 1934 1081 1989 quod
1117 1933 1325 1990 scripsisti
1359 1934 1412 1975 ad
1445 1948 1529 1986 me,
1561 1949 1692 1997 quaeb

218 1991 441 2044 audieras3
472 2002 516 2033 et
556 1993 671 2048 quod
715 2007 801 2033 non
842 1992 1079 2043 credidisti,
1121 2007 1218 2048 quae
1261 1992 1394 2048 digna
1433 1991 1661 2049 diligentia
1696 1990 1705 2000 ⁰

218 2063 315 2090 mea
348 2063 435 2091 non
468 2060 617 2101 erant3
649 2059 693 2091 et
725 2049 841 2106 quod
875 2049 1098 2100 monuisti,
1121 2051 1238 2106 quod
1271 2049 1501 2092 sentiebas.
1563 2049 1660 2107 Ego

219 2107 272 2156 ad
296 2105 513 2148 Caesarem
537 2122 640 2148 unas
673 2107 826 2164 Capua
856 2107 1020 2149 litteras
1050 2107 1163 2158 dedi,
1185 2107 1342 2163 quibus
1365 2107 1417 2148 ad
1440 2121 1491 2148 ea
1511 2108 1663 2150 rescri-

219 2165 301 2220 psi,
326 2167 455 2220 5quae
489 2179 659 2206 mecum
694 2165 764 2206 ille
790 2165 843 2206 de
865 2165 1179 2222 gladiatoribus
1202 2165 1288 2206 suis
1311 2175 1473 2221 egerat,
1500 2166 1662 2217 breves,

218 2222 291 2263 sed
317 2221 652 2264 benivolentiam
675 2222 986 2278 significantes,
1010 2237 1094 2263 non
1119 2223 1248 2264 modo
1271 2223 1363 2263 sine
1384 2222 1664 2275 contumelia,

218 2280 292 2321 sed
314 2281 444 2321 etiam
468 2280 600 2321 chm
635 2280 828 2321 maxima
858 2280 982 2322 laude
1006 2279 1221 2336 Pompeii;
1244 2280 1288 2321 id
1319 2280 1434 2321 enim
1466 2280 1537 2321 illa
1568 2294 1664 2337 senff

219 2338 355 2379 tentia
378 2336 640 2393 postulabat,
663 2353 748 2393 qua
772 2337 889 2380 illum
911 2338 964 2379 ad
987 2338 1265 2380 concordiam
1294 2337 1516 2379 hortabar.
1537 2352 1608 2379 eas
1630 2338 1665 2379 si

217 2410 304 2451 quo
335 2395 405 2437 ille
436 2395 569 2448 misit,
591 2396 637 2437 in
668 2395 845 2452 publico
876 2404 1094 2453 proponat
1116 2395 1261 2438 velim.
1320 2394 1491 2437 Alteras
1513 2395 1667 2438 eodem

218 2551 345 2584 edidere
366 2553 539 2592 tutissimo,
563 2554 651 2593 quod
672 2563 787 2585 omnes
813 2553 918 2584 secuti
954 2588 956 2591 v
1005 2556 1023 2584 5
1045 2563 1116 2593 qua⁸
1139 2563 1266 2585 mecum
1289 2553 1358 2594 ille]
1385 2554 1446 2584 int.
1461 2554 1662 2594 Pompeius;

220 2600 310 2627 sunt.
335 2605 410 2635 eg0‚
435 2597 512 2635 quia
537 2607 576 2627 ea
598 2597 706 2628 forma
727 2602 778 2628 est
801 2601 920 2627 contra
961 2596 1001 2626 de
1012 2597 1254 2634 gladiatoribus
1268 2597 1349 2634 suis,
1365 2607 1397 2627 v.
1412 2596 1492 2634 Vll,
1513 2599 1561 2627 14.

216 2637 420 2677 analogiam,
446 2647 506 2669 nec
533 2639 623 2670 aliud
649 2640 837 2680 exemplum
864 2648 918 2668 us.
998 2639 1017 2668 6
1031 2649 1106 2669 eum
1122 2642 1274 2670 maxima
1287 2638 1558 2679 laudePompeii]
1577 2637 1660 2670 Edd.

219 2680 306 2720 piam
322 2682 391 2720 ejus
407 2682 563 2719 occurrit,
580 2692 646 2713 uno
664 2683 803 2714 Charisii
821 2681 918 2719 libro,
963 2691 1012 2722 pr.
1027 2691 1102 2711 cum
1115 2682 1214 2723 hujus
1230 2693 1320 2713 max.
1337 2683 1434 2713 laude
1447 2681 1608 2720 Pompeii,
1622 2684 1663 2712 ut

220 2731 288 2752 non
309 2732 382 2753 sum
406 2723 568 2755 imitatus.
614 2725 706 2756 Infra
727 2735 779 2766 ep.
799 2727 847 2756 ll.
868 2728 919 2756 est
962 2728 996 2754 et
1012 2724 1046 2754 in
1064 2724 1127 2755 Ms.
1144 2725 1266 2765 reperit
1280 2724 1429 2755 Ursinus.
1475 2723 1586 2753 Placet
1602 2722 1664 2753 Fa-

221 2765 380 2795 tutissime
384 2764 477 2804 sore.
965 2767 1037 2797 erni
1059 2769 1238 2805 sententia,
1254 2768 1309 2807 qui
1332 2767 1481 2798 servabat
1503 2763 1614 2805 hujus,
1629 2768 1666 2796 et

263 2808 285 2836 4
306 2812 338 2837 et
351 2817 392 2838 ne
406 2809 434 2838 is
446 2818 476 2848 q.
492 2810 580 2840 locus
592 2811 731 2848 stabilis,
745 2809 816 2850 sed]
837 2810 921 2840 Puto
964 2809 1097 2840 delebat
1113 2809 1277 2851 Pompeii,
1301 2818 1338 2840 ut
1362 2816 1381 2840 a
1403 2808 1511 2848 glossa
1534 2812 1663 2838 natum.

224 2854 299 2889 post
314 2851 439 2880 stabilis
453 2852 607 2884 excidisse
622 2854 664 2885 rit
676 2866 686 2881 .·
705 2853 791 2893 quod
807 2853 861 2885 hic
874 2853 921 2884 fa·
964 2852 1052 2882 Puto
1068 2862 1181 2885 verum
1204 2862 1285 2886 esse,
1300 2853 1397 2884 ileum
1420 2850 1570 2890 intellige
1592 2850 1665 2881 Cae-

221 2891 284 2922 eile
299 2890 370 2922 fieri
385 2894 506 2933 potuit.
965 2903 1084 2926 sarem.
