1940 3231
720 117 938 157 LIBER

981 118 1034 155 n.
1525 130 1598 177 431

158 239 228 268 sus
258 224 465 268 >abhorret
493 223 676 265 animus.
707 223 868 264 etenim
895 227 1129 278 yswygoepmssz,
1158 237 1254 279 quae
1278 227 1602 281 constitueram,

156 299 362 341 magnum
386 297 495 338 opus
517 293 605 322 est:
639 282 699 321 ita
723 280 843 321 valde
867 279 1190 331 Eratosthenes,
1222 296 1346 336 quem
1374 284 1476 324 mihi
1505 301 1601 340 pro..

155 355 398 398 posueram,
438 355 463 380 a
504 339 738 393 Serapione
778 347 821 378 et
863 338 917 377 ab
959 335 1219 393 Hipparcho
1259 340 1600 394 reprehenditur.

156 400 261 454 quid
300 411 461 447 censeS,
496 396 530 436 si
563 394 782 450 Tyrannio
823 395 1078 436 accesserit?
1112 394 1168 436 Et
1201 396 1371 437 hercule
1403 408 1503 439 sunt
1534 415 1598 442 res

156 456 354 497 difficiles
383 452 786 508 adexplicandum,
818 464 861 494 et
887 456 1047 505 ὁμοειδεῖς,
1081 467 1159 493 nec
1191 462 1278 494 tam
1303 466 1481 509 possunt
1501 463 1599 502 ἀνθη-

154 518 409 570 ςογςκφεῑσθαι,
432 525 561 566 quam
587 510 839 552 videbatur:
870 521 927 560 et,
952 510 1067 565 quod
1092 521 1223 566 caput
1246 522 1325 561 est,
1349 512 1455 552 mihi
1480 528 1599 568 quae-

154 572 220 612 vis
242 571 342 611 satis
368 570 491 623 justa
522 581 651 608 causa
680 569 875 609 cessandi
907 576 985 607 est.
1023 568 1126 622 quin
1155 568 1286 609 etiam
1309 569 1520 618 dubitem,
1543 587 1597 612 an

153 627 241 678 hic,
275 642 327 667 an
361 625 484 667 Antii
519 625 756 676 considam,
787 636 830 666 et
863 626 946 666 hoc
975 633 1145 680 tempus
1168 640 1296 666 omne
1318 642 1596 681 consumam3

154 685 228 730 ubi
272 683 448 739 quidem
485 697 567 738 ego
607 682 775 723 mallem
820 682 1128 732 Duumvirum,
1168 698 1298 737 quam
1338 684 1491 727 Romae
1528 701 1596 728 me

152 741 299 782 fuisse.
334 751 378 781 tu
420 755 520 782 vero
559 741 795 794 sapientior
829 740 1033 781 Buthroti
1075 740 1252 781 domum
1290 743 1462 797 parasti.
1507 745 1595 796 sed,

151 798 260 839 mihi
283 798 422 849 crede,
456 798 652 853 proxima
674 807 738 838 est
761 797 819 838 illi
846 797 1083 852 municipio
1105 798 1198 838 haec
1220 797 1464 840 Antiatium
1489 801 1595 842 civi-

128 864 231 896 -tas.
264 859 302 887 58
316 870 407 896 esse
439 857 583 896 locum
618 865 705 895 tam
744 869 876 910 prope
912 855 1112 906 Romam,
1144 856 1217 896 ubi
1248 856 1372 897 multi
1397 858 1496 909 sint,
1520 860 1594 913 qui

150 912 376 954 Vatinium
402 927 634 968 numquam
662 913 874 954 viderint?
906 913 980 953 ubi
1003 927 1131 953 nemo
1155 913 1210 953 sit
1233 924 1389 969 praeter
1415 930 1494 966 me,
1519 917 1593 971 qui

149 985 410 1026 quemquam
434 986 488 1012 ex
515 970 774 1026 vigintiviris
798 973 837 1004 59
853 970 999 1010 vivum
1021 979 1064 1010 et
1087 969 1251 1011 salvum
1277 971 1404 1014 velit?
1429 974 1501 1015 ubi
1526 989 1593 1015 me

149 1027 394 1085 interpellet
429 1043 571 1078 nemo,
603 1027 788 1083 diligant
820 1029 995 1068 omnes?
1034 1027 1105 1068 hic
1140 1027 1343 1068 nimirum
1377 1035 1591 1072 πολιτευτέον.

147 1099 249 1126 nam
281 1086 377 1128 istic
411 1101 495 1127 nou
537 1084 673 1125 solum
708 1099 794 1126 non
827 1084 944 1135 licet,
983 1084 1055 1124 sed
1094 1084 1223 1125 etiam
1263 1086 1408 1126 taedet.
1447 1087 1593 1142 itaque

145 1145 316 1190 ἀνέκδοτω,
351 1159 448 1198 quae
484 1143 563 1184 tibi
595 1142 667 1183 uni
701 1142 910 1198 legamuS,
939 1140 1274 1198 Theopompino
1309 1158 1478 1199 genere,
1517 1156 1592 1185 aut

146 1200 277 1240 etiam
316 1202 530 1257 asperiore
559 1199 711 1250 multo,
747 1209 1004 1255 pangentur.
1038 1213 1177 1254 neque
1206 1199 1321 1250 uliud
1349 1200 1443 1255 jam
1469 1202 1591 1256 quic-

148 1272 277 1312 quam
316 1261 545 1310 πολιτεὺομοιι,
582 1257 664 1297 nisi
701 1257 842 1298 odisse
873 1256 1111 1313 improbOS,
1143 1267 1185 1298 et
1218 1257 1260 1298 id
1293 1258 1434 1313 ipsum
1473 1258 1592 1300 nullo

146 1329 246 1356 cum
281 1314 520 1365 stomacho,
552 1315 626 1355 sed
656 1315 800 1371 potius
823 1329 921 1355 cum
946 1313 1088 1369 aliqua
1111 1315 1326 1366 scribendi
1354 1316 1590 1371 voluptate.

148 1371 233 1413 Sed
269 1381 315 1412 ut
344 1372 395 1412 ad
420 1386 524 1423 rem,
547 1372 697 1429 scripsi
721 1373 773 1413 ad
809 1382 1045 1427 quaestores
1079 1373 1266 1413 urbanos
1289 1372 1330 1403 60
1349 1373 1401 1413 de
1436 1374 1589 1419 Quinti
1606 1388 1635 1427 h.

146 1428 289 1470 fratris
310 1430 505 1485 negotio.
532 1430 642 1481 vide,
659 1430 764 1485 quid
781 1441 969 1481 narrent,
989 1444 1125 1484 ecqua
1145 1445 1240 1485 spes
1264 1430 1318 1470 sit
1338 1430 1517 1481 denarii,
1537 1447 1592 1473 an

147 1486 400 1542 cistophoro
426 1486 694 1543 Pompeiano
718 1487 960 1543 jaceamus.

1023 1486 1241 1528 Praeterea
1270 1487 1322 1528 de
1345 1502 1482 1539 muro,
1507 1498 1592 1530 sta-

146 1552 233 1595 tue,
256 1544 360 1599 quid
384 1543 630 1586 faciendum
654 1545 723 1586 sit.
755 1544 887 1585 Aliud
910 1545 1042 1600 quid?
1065 1545 1210 1586 etiam.
1235 1546 1407 1600 quando
1429 1555 1469 1587 te
1491 1561 1591 1603 pro-

144 1600 281 1645 ficisci
305 1602 433 1644 istinc
456 1611 594 1659 puteS,
618 1602 702 1655 fac,
725 1612 772 1644 ut
795 1602 943 1644 sciam.

575 1691 811 1734 CICERO
843 1690 1073 1733 ATTICO
1106 1691 1150 1733 S.

144 1747 246 1802 DE
268 1759 536 1817 geographia
557 1762 687 1803 etiam
711 1770 839 1817 atque
862 1761 992 1801 etiam
1015 1760 1366 1802 deliberabimus.
1412 1760 1591 1803 Oratio-

138 1831 216 1859 -nes
241 1826 387 1858 autem
419 1833 489 1860 me
517 1819 622 1860 duas
661 1819 876 1875 postulas:
909 1832 1088 1873 quarum
1114 1818 1292 1859 alteram
1315 1833 1402 1860 non
1426 1819 1590 1862 libebat

137 1875 248 1922 mihi
279 1875 480 1929 scribere,
516 1876 553 1907 61
571 1876 673 1933 quia
709 1877 1004 1928 abscideramg
1050 1874 1242 1928 alteram,
1276 1891 1330 1918 ne
1370 1876 1592 1924 laudarem

182 2036 222 2066 58
237 2044 302 2066 esse
316 2036 421 2066 Iocum
438 2034 512 2075 &c.]
538 2033 659 2067 Forma
673 2034 839 2066 admiran-

137 2077 192 2115 ςίε.
223 2078 294 2116 quis
323 2078 436 2109 credat
463 2078 497 2108 in
527 2077 600 2108 loco
630 2083 702 2108 tam
730 2078 838 2108 vicino

135 2112 254 2152 Romae
282 2121 406 2150 nemini
428 2120 534 2150 visum
557 2120 741 2151 Vatinium.
786 2121 839 2152 Sic

129 2161 264 2196 Comici
280 2163 430 2203 inprimis
446 2163 577 2203 passim.

178 2207 219 2238 59
241 2206 353 2236 vivum
367 2209 398 2235 et
410 2207 541 2236 salvum
556 2205 647 2244 velit]
666 2205 740 2236 Hoc
754 2215 839 2245 prae-

131 2247 199 2278 ¹tuli
210 2257 286 2277 cum
297 2248 426 2279 Graevio
439 2259 458 2278 e
471 2248 675 2278 correctione
687 2248 837 2285 Corradi,

134 2299 211 2329 quae
239 2299 380 2321 maxime
405 2291 574 2321 consentit
601 2290 736 2321 lectioni
763 2291 837 2321 edd.

126 2332 283 2369 demoni,
311 2333 386 2364 Aldi
411 2334 469 2364 &c.
493 2343 597 2364 unum
621 2343 686 2363 esse
705 2335 835 2364 salvum

132 2375 222 2405 velit.
267 2376 361 2416 Saepe
389 2376 424 2406 in
454 2376 544 2406 libris
569 2386 656 2406 unus
682 2381 716 2407 et
742 2377 836 2406 vivus

133 2422 378 2457 permutantur.
422 2418 547 2449 Vitium
585 2419 686 2449 etiam
723 2420 834 2449 ortum

130 2459 262 2489 videtur
277 2471 315 2491 ex
329 2470 381 2498 eo,
396 2461 485 2499 quod
494 2466 618 2501 proecer
633 2471 683 2491 me
696 2460 738 2491 ad
751 2471 835 2501 prae-

128 2501 282 2533 cedentia
291 2503 493 2538 referebant.
517 2504 645 2535 Ceterae
660 2504 836 2534 correctio-

130 2553 189 2574 nes
206 2545 302 2575 nihili
317 2550 409 2576 sunt.
455 2545 516 2577 Ed.
541 2546 637 2577 Rom.
652 2556 757 2577 unum
772 2555 837 2576 esse

132 2587 291 2626 Sergium
306 2589 396 2619 velit.

89 2649 93 2652 -
172 2630 214 2660 60
238 2631 277 2660 de
298 2632 341 2671 2.
353 2629 484 2669 fratris
505 2631 646 2671 negotio]
676 2630 832 2662 Praetoris

87 2703 89 2705 ,
126 2671 215 2709 Asiae
229 2674 403 2712 pecuniam
424 2674 485 2704 sibi
507 2674 672 2705 decretam
688 2674 832 2714 petentis

124 2713 188 2744 eibi
198 2715 280 2744 solvi
294 2716 432 2756 pecunia
445 2716 609 2752 Romana,
623 2727 691 2747 non
702 2716 830 2753 Graeca,

128 2757 329 2797 cistophoro,
358 2759 391 2788 in
421 2756 487 2798 qua
510 2761 681 2797 jacturam
708 2759 831 2791 faceret

126 2797 255 2836 Cicero,
281 2800 410 2830 lucrum
433 2806 577 2840 quaestor
592 2802 643 2832 vel
660 2802 827 2832 aerarium.

125 2842 194 2877 Cur
212 2842 449 2882 Pompeianum
475 2843 564 2875 dicat
587 2843 828 2886 cistophorum,

125 2893 194 2921 non
208 2885 289 2914 satis
305 2885 386 2914 mihi
400 2885 517 2924 liquet.

133 2934 135 2937 ’
185 2940 295 2976 vot..
320 2940 398 2971 111.
425 2941 466 2968 P.
490 2941 546 2970 11.

924 2034 962 2066 61
988 2034 1067 2076 quia
1086 2032 1303 2074 abscideram]
1331 2034 1396 2072 Sic,
1413 2033 1463 2065 vei
1486 2035 1588 2069 absci-

881 2087 968 2114 rmn,
998 2078 1074 2108 libri
1100 2086 1226 2114 onmes,
1256 2083 1376 2117 praeter
1408 2077 1457 2108 ed.
1488 2078 1587 2112 Rom.

881 2130 956 2160 quae
991 2120 1098 2161 *habet
1139 2119 1325 2160 alffueram.
1375 2120 1494 2150 Sensus
1535 2126 1587 2153 es't,

884 2167 1010 2200 autem,
1036 2164 1124 2202 quia,
1149 2173 1223 2192 cum
1248 2163 1387 2193 scribere
1410 2163 1587 2203 epistolam

883 2207 1063 2245 coepissem,
1099 2210 1234 2245 repente
1270 2206 1338 2244 ejus
1370 2206 1584 2245 scriptionem

882 2248 1013 2286 praeeidi
1044 2254 1078 2279 et
1107 2249 1210 2288 ipsam
1241 2248 1355 2286 abjeci,
1393 2248 1508 2278 nolens
1544 2249 1585 2279 ad

881 2289 982 2321 finem
1001 2291 1188 2331 perducere.
1233 2291 1286 2321 Sic
1309 2291 1456 2320 absctssio
1478 2291 1585 2330 figura

878 2337 941 2370 est,
965 2343 1041 2372 qua,
1057 2342 1132 2364 cum
1148 2333 1269 2372 aliquid
1291 2333 1396 2363 dicere
1412 2334 1583 2372 coepimus,

878 2376 1098 2414 praecidimus‚
1116 2382 1152 2405 ut
1167 2381 1217 2406 est
1232 2375 1272 2405 ad
1287 2375 1436 2405 Herenn.
1453 2375 1511 2411 1V,
1527 2379 1581 2408 54.

878 2417 1011 2448 Scilicet
1033 2424 1180 2449 oratores
1205 2418 1392 2448 scribebant
1415 2419 1581 2450 orationes

878 2469 952 2490 suas
965 2470 1030 2490 non
1042 2467 1131 2496 ante,
1143 2471 1240 2499 quam
1251 2459 1410 2496 dicerent,
1426 2459 1481 2490 sed
1492 2466 1582 2500 post-

879 2512 978 2541 quam
988 2504 1152 2540 dixerant,
1168 2513 1228 2533 nec
1240 2502 1273 2532 id
1282 2502 1447 2533 faciebant
1462 2502 1495 2532 in
1510 2513 1581 2533 oni-

879 2546 987 2575 nibus.
1032 2545 1148 2585 ltaque
1165 2546 1280 2576 Cicero
1297 2550 1330 2575 et
1346 2545 1413 2584 ipse
1431 2545 1580 2577 voluerat

878 2597 952 2618 earn
968 2588 1165 2624 orationem,
1179 2587 1218 2618 de
1231 2597 1295 2627 qua
1311 2587 1401 2623 dicit,
1419 2597 1451 2617 re
1467 2598 1578 2618 recen-

874 2631 913 2666 ti,
930 2630 1082 2668 scribere,
1099 2632 1176 2669 quia
1190 2635 1223 2660 et
1239 2630 1448 2660 audientibus
1464 2635 1497 2660 et
1516 2631 1579 2670 ipsi

875 2674 1057 2713 placuerat,
1072 2674 1128 2703 sed
1143 2679 1322 2711 antequam
1343 2672 1390 2702 ad?
1405 2672 1506 2702 finem
1523 2683 1575 2703 ve-

874 2722 982 2753 nerat‚
1001 2721 1130 2746 mutato
1149 2715 1286 2746 consilio
1308 2715 1484 2754 abruperat
1498 2716 1577 2744 scri-

873 2759 1034 2798 ptionem.
1059 2767 1147 2788 nunc
1162 2767 1271 2789 serum
1295 2762 1366 2787 erat
1389 2762 1423 2786 et
1444 2755 1576 2789 difficile

874 2810 947 2832 eam
963 2801 1114 2831 scribere.
1131 2801 1192 2830 nisi
1208 2810 1283 2829 vero
1300 2799 1357 2829 illa
1372 2797 1524 2828 abscissio
1539 2799 1573 2832 in

874 2843 945 2883 ipsa
956 2844 1115 2874 orationis
1128 2843 1272 2872 dictione
1283 2842 1371 2871 facta
1381 2846 1429 2870 est
1440 2848 1575 2881 propter

873 2886 1083 2928 repentinam
1097 2889 1158 2917 aut
1171 2885 1322 2917 idoneam
1338 2882 1482 2922 anquam
1497 2890 1573 2913 cau-

834 2940 885 2968 11
