1940 3231
275 142 354 178 580
692 137 873 178 EPIST.
898 135 978 178 AD
1003 137 1288 183 ATTICUM,

275 247 438 285 rentur.
460 240 545 285 hoe
566 242 671 300 quid
692 243 877 296 intersit,
900 244 934 286 si
967 251 1063 287 tuos
1091 244 1253 301 digitos
1286 241 1405 294 novi,
1437 248 1554 284 certe
1576 239 1711 283 habes

277 301 554 343 subductum.
588 302 632 344 iu
662 316 748 358 quo
780 303 971 358 quidem,
998 305 1109 345 786ὃέ
1126 306 1300 358 πάςεςγον,
1325 300 1535 342 Lucceius
1567 298 1637 340 M.
1660 298 1711 339 F.

275 358 470 413 queritur
490 359 605 415 apud
629 374 699 400 me
726 375 801 416 per
821 359 999 412 litteras,
1029 373 1245 401 summum
1268 372 1359 399 esse
1383 355 1634 413 periculum,
1660 369 1714 396 ne

276 415 404 473 culpa
433 425 619 468 senatus,
648 417 715 457 his
741 416 939 467 decretis,
961 431 1026 457 res
1056 417 1110 458 ad
1132 414 1298 457 tabulas
1321 429 1454 456 novas
1477 412 1714 471 perveniat.

275 484 603 524 commemorat,
627 472 731 529 quid
755 474 857 514 olim
890 472 991 514 mali
1012 477 1053 508 79
1068 473 1120 515 C.
1142 471 1283 516 Julius
1311 471 1476 523 fecerit,
1503 485 1602 513 cum
1625 469 1716 511 die-

275 530 418 572 culam
440 529 636 572 duxerit:
668 544 904 586 numquam
926 530 1169 587 respublica
1194 530 1306 587 plus,
1357 528 1441 571 Sed
1464 528 1517 570 ad
1538 542 1628 570 rem
1651 541 1717 568 re-

276 588 374 629 deo.
408 586 615 628 meditare
647 587 850 629 adversus
883 587 1069 629 Brutum
1102 602 1276 630 causam
1305 601 1470 629 meam:
1502 585 1588 626 8051
1619 584 1716 626 haec

277 659 407 686 causa
428 654 506 695 est,
525 652 676 685 contra
698 658 827 701 quam
852 645 959 687 nihil
979 644 1160 687 honeste
1177 645 1263 687 dici
1286 652 1455 701 potest;
1477 641 1718 700 praesertim

275 715 376 743 cum
398 701 610 758 integram
636 716 724 743 rem
745 710 788 745 et
809 716 983 745 causam
1005 702 1263 758 reliquerim.
1313 701 1500 756 Reliqua
1521 707 1620 742 sunt
1641 699 1719 740 do-

276 757 471 799 mestica.
533 757 602 800 De
637 762 811 813 ἐνδομὺχῳ,
847 761 983 816 probo
1016 760 1146 811 idem,
1176 759 1293 814 quod
1328 768 1390 809 tu,
1423 756 1718 800 81P0stumiae

277 815 328 856 F.
360 815 445 866 ille,
478 816 683 870 quoniam
721 815 927 858 Pontidia
957 826 1162 872 nugatur.
1193 816 1266 857 sed
1297 815 1450 858 vellem
1480 816 1664 857 adesses.
1695 828 1722 854 a

279 872 449 920 Quinto
479 873 611 914 fratre
643 872 707 914 his
740 874 958 915 mensibus
991 873 1100 914 nihil
1133 873 1413 929 exspectaris.
1433 887 1532 913 nam
1552 871 1720 914 Taurus

276 938 455 985 propter
492 930 613 972 nives
647 939 748 971 ante
781 944 973 972 mensem
1008 930 1192 973 Junium
1232 929 1401 971 transiri
1439 943 1526 970 non
1561 937 1719 985 potest.

278 990 319 1017 82
331 986 583 1040 Thermum,
605 996 654 1029 ut
677 1002 817 1044 rogem,
838 988 1109 1030 creberrimis
1130 987 1284 1029 litteris
1306 986 1456 1028 fulcio.
1500 988 1539 1017 83
1559 986 1609 1027 P.
1631 986 1719 1027 Va-

275 1044 428 1085 lerium
451 1055 584 1101 negat
605 1044 762 1087 habere
784 1046 1016 1102 quicquam
1048 1044 1280 1087 Deiotarus
1307 1059 1398 1095 rex,
1421 1057 1620 1099 eumque,
1642 1043 1719 1095 ait,

278 1117 304 1143 a
325 1115 369 1142 se
390 1103 635 1144 sustentari.
685 1101 796 1143 Cum
820 1103 942 1155 scies,
965 1103 1121 1144 Romae
1144 1101 1444 1144 intercalatum
1466 1100 1536 1152 sit,
1557 1114 1719 1153 necne3

276 1158 407 1200 velim
440 1159 492 1201 ad
522 1173 593 1201 me
621 1159 783 1201 scribas
807 1171 987 1212 certum,
1017 1175 1102 1216 quo
1125 1160 1195 1202 die
1216 1159 1422 1216 mysteria
1450 1157 1596 1200 futura
1617 1157 1721 1200 sint.

279 1216 465 1257 Litteras
489 1226 581 1259 tuas
603 1217 746 1259 minus
777 1217 919 1275 paullo
940 1227 1163 1274 exspecto,
1193 1232 1322 1273 quam
1345 1217 1380 1258 si
1402 1215 1560 1258 Romae
1581 1229 1719 1257 esses:

279 1274 351 1317 sed
375 1283 518 1317 tamen
537 1284 763 1331 exspecto.
1630 1280 1633 1282 ’

320 1408 360 1439 78
396 1402 445 1436 333
466 1403 624 1448 πάρεργον]
656 1404 695 1435 In
718 1404 904 1444 parenthesi
927 1405 975 1437 di-
1019 1405 1165 1446 picium3
1196 1404 1317 1445 pendet
1328 1404 1418 1435 enim
1439 1414 1457 1435 e
1474 1403 1585 1444 probo.
1627 1400 1718 1434 Tum

278 1452 371 1479 etum
385 1448 509 1488 accipio
522 1460 528 1477 ε
553 1452 591 1478 ut
605 1447 667 1478 hoc
683 1447 790 1477 obiter
805 1447 932 1479 addam.
1019 1448 1091 1478 dedi
1108 1448 1279 1484 Pontidia,
1293 1452 1333 1478 ut
1346 1447 1470 1478 habent
1485 1446 1556 1477 edd.
1571 1455 1622 1486 pr.
1638 1455 1719 1485 quo-

320 1493 363 1525 79
390 1490 424 1521 C.
438 1491 554 1521 Julius
554 1489 594 1531 f.
608 1500 682 1520 eum
698 1491 860 1520 dieculam
876 1491 978 1520 duxe-

278 1532 340 1572 rit]
366 1532 406 1563 In
430 1534 461 1564 h.
479 1533 501 1563 l.
529 1532 721 1574 explicando
748 1541 815 1562 non
840 1542 978 1563 eonsen-

280 1575 372 1605 tiunt
387 1576 446 1606 viri
463 1575 563 1605 docti.
587 1584 647 1614 ego
660 1575 767 1605 fateor
781 1585 833 1605 me
849 1584 914 1604 non
930 1575 979 1605 in-

279 1616 444 1656 telligere,
456 1617 532 1657 quia
545 1617 718 1647 historiam
734 1617 862 1656 ignoro.
878 1616 917 1647 de
932 1617 980 1648 di·

278 1659 405 1690 latione
420 1660 594 1690 solutionis
615 1668 798 1689 sermonem
822 1668 890 1689 esse
905 1670 974 1689 cre-

279 1701 338 1738 do,
354 1711 411 1741 per
433 1711 529 1742 quam
544 1701 624 1732 fides
639 1701 769 1731 sublata
784 1701 839 1738 sit,
856 1706 894 1732 ut
917 1712 972 1732 ne-

280 1753 337 1773 mo
353 1745 476 1775 nemini
491 1744 666 1784 pecuniam
680 1743 835 1774 crederet.

324 1788 364 1817 20
386 1787 413 1816 si
435 1788 501 1817 hoec
526 1796 628 1817 causa
656 1790 702 1816 est
731 1785 807 1825 δια]
831 1785 918 1816 Nam
942 1786 976 1817 in

281 1837 379 1859 causa
396 1828 594 1868 intelligitur
609 1837 658 1858 res
672 1832 892 1858 controversa.

323 1873 360 1900 81
387 1870 566 1901 Postumice
586 1870 623 1902 F.
644 1872 711 1907 ille,
738 1879 791 1909 qn.
820 1870 977 1900 Pontidia

280 1913 447 1952 nugatur]
482 1913 515 1943 F.
532 1913 715 1954 int.filius‚
738 1914 764 1942 si
788 1914 842 1942 ille
865 1922 976 1942 verum

281 1959 354 1991 est3
379 1955 434 1986 sed
450 1955 579 1985 videtur
594 1955 677 1985 mihi
692 1956 746 1985 ille
763 1961 878 1985 natum
895 1955 976 1995 efil.

281 1998 455 2037 explanate
470 1998 592 2038 scripto
604 1997 733 2034 vitiose,
745 2002 784 2027 ut
797 1998 830 2027 in
844 1997 915 2027 edd.
931 2007 977 2037 pr.

281 2040 433 2081 estfilioe.
463 2040 552 2080 Ergo
566 2041 623 2070 ille
637 2038 811 2070 deleverim
826 2050 834 2077 ;
851 2044 884 2070 et
900 2041 977 2070 scri-

282 2081 359 2115 bam
376 2082 556 2116 Postumia>
566 2082 698 2124 filium,
714 2083 735 2112 i.
760 2092 788 2113 e.
803 2082 891 2113 Serv.
907 2082 978 2113 Sul-

1022 1491 1112 1520 niam
1135 1489 1301 1527 Pontidia,
1324 1498 1397 1528 quae
1420 1489 1523 1520 alium
1549 1497 1720 1519 commen-

1022 1531 1129 1568 darat,
1145 1537 1309 1572 nugatur:
1340 1542 1402 1562 nec
1418 1532 1487 1571 ejus
1499 1531 1587 1561 filius
1601 1535 1653 1561 est
1668 1530 1720 1560 in-

1022 1573 1232 1613 telligendus.
1275 1574 1328 1604 Sic
1352 1574 1497 1604 Servilia
1511 1571 1721 1603 commenda-

1023 1621 1077 1647 rat
1103 1617 1249 1647 Servium
1273 1616 1367 1656 Sulp.
1392 1616 1478 1646 unde
1500 1615 1581 1646 dicit
1602 1615 1663 1651 V1‚
1691 1617 1719 1645 Ι,

1017 1660 1104 1689 malo
1127 1660 1213 1690 hunc
1227 1669 1249 1690 α
1272 1658 1444 1696 Pontidia,
1459 1667 1560 1698 quam
1581 1658 1680 1688 illum
1693 1667 1716 1688 a

1017 1700 1172 1732 Servilia.

1062 1746 1101 1774 82
1137 1744 1436 1774 Thermum—cr.
1466 1742 1569 1772 literis
1589 1739 1717 1783 fulcio]

1020 1785 1082 1816 Ed.
1106 1785 1198 1817 Jens.
1216 1785 1442 1816 celeberrimis.
1488 1784 1600 1815 Fulcio
1616 1785 1721 1815 literis

1019 1828 1039 1857 i.
1055 1839 1085 1858 e.
1102 1828 1198 1859 firmo
1219 1829 1253 1858 in
1269 1826 1499 1857 benevolentia
1514 1832 1548 1857 et
1564 1826 1718 1857 volunta-

1018 1874 1065 1905 te,
1080 1880 1177 1909 quam
1195 1870 1276 1900 mihi
1292 1868 1436 1899 ostendit
1451 1878 1484 1899 se
1503 1870 1713 1902 commenda-

1019 1913 1110 1942 tione
1127 1923 1199 1943 mea
1213 1912 1330 1942 habere
1346 1920 1423 1950 erga
1435 1916 1467 1941 te
1483 1916 1632 1951 tuosque.

1062 1958 1101 1985 83
1127 1955 1170 1985 P.
1195 1954 1366 1984 Valerium>
1390 1958 1489 1992 negat
1517 1953 1593 1993 &e.]
1619 1953 1717 1985 Vide·

1021 2002 1077 2026 tur
1092 1997 1203 2028 Attico
1227 1997 1387 2032 debuisse,
1403 2001 1449 2033 et,
1466 1996 1543 2035 quia
1563 1997 1598 2026 in
1614 1996 1716 2027 Deio·

1020 2039 1085 2069 tari
1111 2049 1211 2080 regno
1235 2044 1319 2079 erat,
1345 2038 1385 2071 ab
1408 2048 1448 2070 eo
1473 2038 1633 2070 auxilium
1663 2048 1720 2080 pe-

1022 2082 1123 2113 tiisse.
