1940 3231
334 149 412 182 540
750 139 928 181 EPIST.
960 143 1038 181 AD
1065 143 1350 187 ATTICUM,

270 255 314 288 11
758 246 992 290 CICERO
1024 247 1251 290 ATTICO
1283 248 1328 289 S.

332 302 806 356 DELECTARUNT
848 329 915 356 me
953 315 1146 371 epistolae
1185 328 1294 357 tuae:
1347 329 1452 370 quas
1490 314 1636 380 accepi
1676 329 1761 358 uno

322 381 525 428 ‘tempore
548 373 652 413 duas
676 382 774 412 ante
796 372 909 412 diem
943 386 979 413 11
1011 371 1105 413 Kal.
1129 387 1258 429 perge
1289 372 1465 427 reliqua.
1487 382 1627 428 gestio
1657 372 1764 414 scire

327 428 412 469 ista
447 430 605 469 omnia.
647 429 777 468 etiam
818 428 919 469 illud
959 427 1202 482 cujusmodi
1242 429 1312 480 sit,
1344 429 1469 469 velim
1505 429 1760 484 perspicias:

324 494 451 541 'potes
475 501 498 526 a
522 485 760 527 Demetrio.
783 488 824 519 94
837 485 950 525 dixit
972 485 1077 525 mihi
1111 485 1359 541 Pompeim,
1383 486 1585 527 Crassum
1607 501 1632 526 a
1653 499 1697 526 se
1719 486 1763 526 in

321 541 499 583 'Albano
521 542 764 597 exspectari
799 551 898 582 ante
930 541 1041 582 diem
1078 556 1125 582 1v
1154 542 1249 583 Kal.
1276 543 1309 583 is
1331 557 1427 583 cum
1452 543 1652 592 venisset,
1674 541 1766 583 Ro-

324 613 441 640 lnam
473 613 563 639 esse
594 598 739 638 statim
765 608 978 648 ventui-OS,
1004 608 1049 637 ut
1082 599 1265 640 rationes
1288 614 1385 640 cum
1418 599 1658 655 publicanis
1681 613 1761 655 pu-

326 664 481 696 tarent.
501 655 696 710 quaesivi‚
720 654 1112 708 gladiatoribusne?
1135 657 1369 712 respondit,
1391 666 1618 712 antequam
1640 655 1766 696 indu-

325 723 539 753 cerentur.
579 712 622 752 id
653 711 897 766 cujusmodi
935 711 1003 762 sit,
1035 724 1109 752 aut
1139 727 1269 764 nuuc,
1291 713 1325 752 si
1359 713 1483 764 scias,
1504 723 1579 754 aut
1599 727 1696 753 cum
1730 713 1765 753 is

327 767 515 810 Romam
549 769 724 819 venerit,
760 769 812 809 ad
850 783 916 808 me
955 769 1100 809 mittas
1132 769 1273 810 velim.
1335 769 1426 809 Nos
1460 769 1528 811 hic
1561 784 1761 810 voramus

323 824 488 866 litteras
511 840 610 867 cum
633 825 807 866 homine
830 824 1012 865 mirifico
1035 825 1116 877 (ita
1137 826 1378 866 mehercule
1401 826 1558 875 sentio)
1590 826 1760 882 Diony-

213 882 405 946 ι,,,6],εἰο,
438 883 510 938 qui
539 892 580 923 te
612 895 846 938 omnesque
871 896 945 923 vos
979 881 1148 922 salutat.
1181 885 1249 923 ὲδὲν
1267 885 1464 937 γλυκίιτεςω
1483 886 1499 925 ἠ’
1518 886 1616 923 πάντ’
1634 886 1756 925 εἰδέναι.

285 954 471 994 aquare,
495 950 543 980 ut
564 939 729 980 homini
753 939 937 990 curioso,
961 938 1020 979 ita
1052 939 1267 993 perscribe
1296 938 1349 978 ad
1371 952 1453 989 me,
1475 938 1579 994 quid
1605 940 1763 994 primus

325 997 431 1048 dies,
454 996 557 1052 quid
577 996 801 1048 secundm,
821 996 924 1051 quid
947 1010 1158 1047 censores,
1179 994 1281 1050 quid
1305 993 1490 1050 Appius,
1511 997 1551 1029 95
1565 995 1668 1050 quid
1692 995 1763 1038 illa

325 1054 476 1110 populi
500 1053 696 1110 Apuleia.
720 1053 918 1108 denique,
951 1053 1080 1094 etiam
1103 1053 1204 1108 quid
1237 1067 1262 1092 a
1292 1061 1334 1092 te
1355 1051 1445 1103 fiat,
1468 1052 1519 1092 ad
1543 1066 1611 1094 me
1634 1051 1761 1094 velim

327 1111 504 1152 scribas.
542 1125 629 1152 non
664 1109 778 1151 enim
815 1115 886 1163 (ut
923 1123 1019 1150 vere
1058 1109 1301 1165 loquamur)
1333 1118 1420 1149 tam
1462 1109 1588 1150 rebus
1622 1109 1762 1160 novis,

329 1182 459 1222 quam
491 1168 574 1208 tuis
606 1168 773 1217 litteris,
804 1166 1008 1208 delector.
1069 1166 1165 1222 Ego
1189 1180 1375 1216 mecum,
1406 1177 1562 1221 praeter
1594 1165 1764 1222 Diony-

329 1225 455 1276 sium,
488 1225 594 1266 duxi
626 1225 839 1266 neminem
860 1241 868 1266 ι
901 1225 942 1258 96
956 1238 1034 1265 nec
1067 1234 1214 1265 metuo
1237 1233 1397 1273 tamen,
1419 1238 1473 1263 ne
1495 1222 1601 1263 mihi
1625 1236 1763 1264 sermo

328 1282 463 1323 desit:
503 1282 580 1322 abs
615 1290 656 1323 te
684 1296 813 1337 opere
846 1281 1049 1322 delector.
1108 1280 1172 1322 Tu
1210 1279 1396 1321 Lucceio
1435 1283 1682 1321 97nostrum
1713 1279 1764 1320 li-

329 1339 454 1380 brum
476 1338 614 1380 dabis.
675 1335 887 1393 Demetrii
921 1337 1144 1394 Magnetis
1167 1337 1246 1378 tibi
1270 1337 1423 1389 mitt03
1454 1336 1601 1378 statim
1624 1346 1671 1378 ut
1693 1337 1763 1388 sit,

328 1398 400 1450 qui
425 1412 449 1436 a
471 1406 512 1436 te
536 1395 640 1437 mihi
660 1395 887 1451 epistolam
909 1394 1080 1436 referat.

266 1488 316 1524 12
761 1466 996 1509 CICERO
1026 1465 1255 1509 ATTICO
1287 1465 1332 1507 S.

327 1523 652 1578 EGNATIUS
691 1535 842 1577 Romae
875 1545 953 1577 est.
983 1535 1055 1576 sed
1088 1549 1170 1590 ego
1192 1548 1291 1575 cum
1317 1547 1368 1573 eo
1390 1532 1443 1574 de
1469 1547 1513 1573 re
1547 1532 1758 1574 Halimeti

322 1593 600 1634 vehementer
630 1593 754 1633 Antii
788 1593 874 1648 egi.
908 1593 1098 1648 graviter
1120 1605 1164 1632 se
1192 1601 1388 1632 acturum
1409 1592 1451 1624 98
1463 1604 1561 1630 cum
1584 1589 1761 1645 Aquilio

323 1650 613 1691 confirmavit.
635 1650 802 1691 videbis
825 1663 928 1704 ergo
952 1648 1190 1699 hominem,
1213 1649 1247 1688 si
1270 1647 1402 1688 voles.
1461 1646 1661 1688 Macroni
1686 1648 1758 1688 vix

326 1707 473 1748 videor
495 1715 654 1762 praesto
676 1721 781 1747 esse.
818 1711 859 1741 99
872 1706 1022 1747 Idibus
1044 1706 1156 1747 enirn
1181 1705 1428 1745 auctionem
1449 1703 1595 1744 Larini
1616 1703 1758 1755 video,

324 1773 369 1804 et
392 1764 570 1805 biduum
592 1774 814 1820 praeterea.
847 1763 890 1805 id
914 1773 976 1816 tu,
997 1765 1201 1819 quoniam
1227 1760 1483 1803 Macronem
1506 1760 1616 1802 tanti
1638 1760 1760 1812 facis,

366 1879 409 1910 94
444 1879 529 1909 dixit
562 1878 644 1909 mihi
672 1877 862 1917 Pompeius]
902 1876 1018 1907 Addidi
1059 1876 1190 1906 dentia:
1215 1875 1276 1905 etsi
1291 1885 1396 1905 unum
1416 1874 1613 1915 Dionysium
1629 1884 1759 1905 mecum

324 1919 420 1958 mihi,
449 1927 488 1951 ut
516 1920 647 1950 volebat
675 1920 875 1960 Malawina,
900 1920 955 1959 qui
985 1919 1020 1950 in
1063 1918 1179 1954 habeo,
1206 1922 1320 1948 tamen
1346 1927 1452 1947 sermo
1481 1926 1548 1946 non
1571 1916 1687 1952 deerit,
1710 1926 1757 1947 se.

322 1962 404 1992 Mss.
427 1962 552 1993 duobus
576 1967 752 2002 repererat:
775 1967 825 1992 est
847 1966 883 1992 et
911 1964 945 1992 in
968 1961 1018 1992 ed.
1063 1964 1197 2000 propter
1218 1959 1402 1990 doctrinam
1426 1960 1504 1997 ejus.
1548 1958 1637 1997 Ergo
1653 1959 1710 1988 abs
1729 1963 1761 1988 te

323 2004 421 2035 Rom.
451 2005 543 2035 Jens.
582 2006 658 2036 Asc.
686 2004 760 2035 Ald.
790 2004 965 2044 respondet
991 2005 1021 2034 ei

322 2048 465 2087 quoeswz'.

366 2091 407 2122 95
430 2089 509 2128 quid
533 2089 595 2119 illa
617 2089 732 2128 populi
762 2087 916 2127 Apuleia]
943 2087 1019 2116 Clo-

323 2130 408 2168 dius,
426 2131 510 2160 alter
526 2130 681 2170 Apuleius
698 2131 908 2166 Saturninus,
924 2139 1020 2168 quem

322 2172 498 2212 Apuleium
513 2178 646 2213 propter
661 2172 833 2202 libidinum
851 2172 1020 2202 infamiam

321 2214 413 2244 dicit.
456 2215 650 2245 Tunstallus
673 2220 786 2244 tamen
813 2224 843 2254 p.
871 2217 924 2248 98.
948 2224 1017 2244 ma-

321 2256 395 2286 vult
417 2256 558 2295 intelligi
583 2257 745 2292 Clodiam,
769 2256 796 2286 si
822 2255 920 2286 lectio
940 2265 1018 2286 sana

320 2299 382 2328 sit:
408 2299 463 2329 sed
479 2299 574 2328 malit
595 2299 702 2337 legere
717 2298 851 2338 ἀφέλεια.
869 2298 944 2337 quid
962 2308 1018 2337 po-

317 2340 421 2412 -pulus
450 2341 484 2370 in
513 2341 608 2381 Appii
637 2341 796 2380 petitione
820 2340 1019 2370 Consulatus

338 2383 423 2412 aciat
447 2393 504 2422 pro
521 2383 579 2413 illa
597 2393 655 2413 sua
671 2383 805 2423 ἀφελείᾳ,
821 2393 887 2422 qua
900 2383 933 2412 in
949 2392 1016 2412 cre-

322 2424 416 2454 andis
440 2425 628 2454 consulibus
652 2427 772 2462 utitur,
796 2426 895 2456 libere
918 2433 1017 2462 agens

323 2471 357 2496 et
373 2467 442 2497 sine
457 2467 667 2497 simulatione
679 2474 737 2498 aut
746 2467 1017 2498 dissimulatione.

322 2507 401 2539 Non
426 2508 546 2549 placet.
573 2519 649 2539 nam
677 2520 776 2540 merae
798 2510 852 2540 hic
873 2517 1020 2549 personae

323 2556 414 2581 sunt.
505 2585 510 2590 ⁴

365 2594 406 2627 96
429 2602 486 2622 vec
502 2597 608 2622 metuo
623 2597 746 2630 tamen,
761 2604 801 2624 ne
818 2594 898 2623 mihi
917 2602 1021 2623 sermo

323 2635 404 2665 desit
419 2635 476 2664 abs
490 2639 531 2664 te.
581 2635 683 2674 Opere
696 2636 847 2674 delector]
874 2634 974 2665 Valde
989 2643 1022 2664 se

323 2682 493 2708 torserunt
519 2677 553 2706 in
575 2676 608 2706 h.
633 2677 655 2707 l.
681 2677 739 2707 viri
763 2678 868 2707 docti:
893 2678 948 2715 qui
971 2675 1016 2706 sic

321 2724 372 2750 est
396 2720 430 2750 in
453 2719 505 2749 ed.
522 2718 618 2749 Rom.
644 2723 678 2748 at
693 2720 742 2749 ed.
758 2719 849 2749 (lens.
865 2719 939 2749 Ald.
956 2719 1016 2748 διο.

321 2761 456 2796 habent,
469 2761 549 2791 desit
562 2761 669 2796 abste,
683 2771 743 2801 quo
755 2770 951 2800 magnopere
966 2761 1018 2789 de-

319 2806 431 2835 lector.
452 2803 486 2834 ’νό
501 2808 612 2834 tamen
629 2808 855 2843 comparatum
871 2812 944 2832 cum
962 2812 1017 2832 ne-

322 2848 455 2882 minem,
481 2845 605 2876 clarum
629 2845 721 2881 facit,
743 2845 806 2875 hoe
829 2854 894 2875 non
915 2848 1020 2874 metuo

320 2898 363 2919 aee
375 2889 455 2919 mihi
467 2898 572 2919 sermo
591 2887 685 2926 desit,
702 2887 813 2920 referri
829 2887 868 2918 ad
890 2892 1019 2917 antece-

1064 2012 1139 2032 cum
1155 2011 1247 2041 opere
1258 2002 1397 2032 delector
1411 2000 1675 2039 conjungendum
1689 2006 1738 2030 est
1750 2012 1758 2030 :

1062 2051 1101 2074 tu
1118 2044 1243 2074 interea
1258 2054 1384 2083 quoque
1401 2053 1452 2073 me
1473 2042 1648 2072 delectabis
1664 2052 1761 2082 opere

1063 2087 1128 2116 sive
1152 2086 1246 2121 libro,
1270 2096 1366 2124 quem
1391 2085 1429 2115 de
1454 2085 1548 2115 rebus
1571 2084 1663 2114 novis
1682 2085 1761 2115 scri·

1064 2128 1172 2168 psisti,
1186 2128 1252 2158 sive
1268 2127 1414 2168 epistolis
1434 2127 1474 2157 ad
1496 2137 1549 2156 me
1571 2126 1760 2164 scribendis,

1064 2171 1102 2200 de
1127 2171 1243 2209 quibus
1267 2171 1307 2200 ab
1334 2170 1430 2199 initio
1453 2169 1597 2199 dixerat:
1622 2169 1762 2208 epistoloe

1060 2217 1125 2243 tuce
1153 2222 1203 2241 me
1230 2214 1445 2243 delectarunt.
1473 2211 1554 2241 dixit
1589 2220 1694 2249 opere,
1723 2215 1762 2241 ut

1061 2261 1283 2294 opponeretur
1303 2255 1453 2289 sermoni,
1468 2253 1554 2283 sicut
1569 2252 1645 2283 alibi
1660 2253 1760 2283 verba

1060 2304 1094 2326 et
1111 2295 1281 2336 res,facta
1295 2304 1521 2336 opponuntur.
1535 2296 1568 2325 in
1580 2304 1644 2334 quo
1658 2304 1760 2325 venu-

1062 2345 1128 2369 stas
1152 2339 1300 2376 quaedam
1323 2343 1384 2368 est.
1403 2338 1535 2376 quidam
1557 2337 1597 2367 de
1620 2336 1759 2367 aedificio

1060 2380 1253 2419 intelligunt
1269 2392 1274 2409 :
1301 2390 1360 2410 nec
1375 2380 1436 2410 hoc
1453 2379 1550 2410 male.

1101 2425 1140 2457 97
1165 2427 1311 2453 nostrum
1342 2421 1477 2461 librum]
1505 2421 1570 2451 De'
1585 2420 1760 2452 consulatu

1061 2475 1148 2501 meo,
1179 2469 1217 2494 ut
1245 2464 1364 2494 habeat
1393 2463 1566 2494 materiam
1591 2462 1698 2503 operis
1719 2462 1758 2493 de

1062 2517 1115 2537 me
1129 2506 1302 2537 scribendi.

1103 2552 1144 2584 98
1167 2559 1239 2579 cum
1255 2547 1399 2587 Aquilio]
1423 2547 1524 2584 JCto,
1541 2556 1583 2577 an
1594 2545 1672 2576 trib.
1691 2545 1758 2586 ple-

1063 2591 1124 2627 bis,
1153 2591 1207 2630 qui
1237 2590 1301 2620 illis
1328 2589 1530 2629 temporibus
1552 2588 1629 2625 fuit,
1653 2587 1757 2619 incer-

1063 2637 1151 2669 tum,
1167 2633 1243 2671 quia
1257 2631 1394 2662 historia
1409 2631 1453 2661 rei
1468 2631 1652 2670 ignoratur.

1101 2679 1143 2708 99
1166 2676 1278 2706 Idibus
1287 2673 1387 2713 enim]
1405 2672 1521 2703 Addidi
1536 2681 1611 2702 cum
1626 2672 1756 2703 Graevio

1061 2717 1185 2753 Idibus,
1201 2723 1239 2747 ut
1253 2717 1324 2755 jam
1346 2715 1462 2746 Bosius
1485 2714 1577 2752 fecit,
1601 2724 1619 2744 e
1637 2715 1757 2745 veteri-

1061 2760 1121 2789 bus
1143 2758 1221 2795 suis,
1243 2762 1281 2788 ut
1303 2758 1395 2795 dicit,
1417 2756 1546 2797 scriptis
1567 2765 1610 2787 an
1633 2755 1752 2787 editis!

1060 2811 1138 2832 nam
1154 2801 1200 2830 sic
1213 2802 1281 2840 jam
1295 2805 1347 2830 est
1368 2800 1403 2830 in
1419 2799 1472 2830 ed.
1486 2799 1578 2829 Jens.
1593 2799 1667 2830 Asc.
1682 2797 1756 2835 Ain.

1062 2845 1121 2873 &eu
1150 2843 1316 2873 Victorius
1331 2842 1464 2879 delevit,
1480 2841 1597 2882 opinor
1611 2839 1755 2873 auctoni

1062 2891 1132 2916 tate
1147 2885 1195 2916 ed.
1211 2884 1309 2917 Rom.
