1940 3231
739 119 946 160 LIBER
973 120 1040 159 IV.
1533 127 1613 162 585

166 224 329 268 abillis
358 225 475 268 nullo
508 225 638 267 modo
664 239 853 281 possum.
916 224 1109 265 Domum
1143 237 1281 265 meam
1315 225 1430 279 quod
1461 228 1611 270 crebro

169 280 335 336 invisis,
357 291 422 325 est
443 283 549 325 mihi
575 283 696 325 valde
721 291 910 337 glatum.
941 283 981 312 55
1001 280 1221 322 Viaticum
1246 280 1466 337 Crassipes
1502 298 1611 338 prae-

167 340 287 396 ιίρίῐ.
348 340 413 382 Tu
436 341 489 382 de
511 340 581 382 via
601 348 720 380 recta
741 340 782 379 in
809 339 972 380 hortos.
997 338 1166 380 videtur
1187 338 1459 379 commodius
1477 341 1529 381 ad
1554 352 1609 384 te.

167 397 375 452 postridie
397 398 585 439 scilicet:
617 397 721 452 quid
755 397 868 437 enim
894 398 1000 437 tua?
1033 397 1105 437 sed
1140 395 1388 436 viderimus.
1442 396 1609 439 Biblio-

163 453 336 496 thecam
359 454 465 495 mihi
498 454 560 495 tui
584 454 820 509 pinxerunt
850 454 1176 496 constructione
1203 454 1243 484 56
1256 462 1300 494 et
1321 453 1510 509 sittybis.
1534 469 1606 496 eos

165 511 292 553 velim
314 511 474 553 laudes.

603 567 839 609 CICERO
870 566 1100 609 ATTICO
1133 567 1178 609 S.

164 622 263 677 DE
298 635 482 676 Lentulo
516 635 681 678 scilicet
714 636 774 677 sic
798 635 904 686 fero,
935 645 983 676 ut
1013 636 1166 676 debeo.
1201 635 1339 676 virum
1362 636 1539 700 bonum,
1562 649 1605 679 et

159 706 366 749 magnum
390 693 627 744 hominem,
647 704 691 734 et
713 694 755 734 in
781 707 949 734 summa
979 693 1280 748 magnitudine
1313 693 1446 734 animi
1469 695 1606 737 multa

158 749 430 792 humanitate
453 761 738 807 temperatum
773 750 1065 806 perdidimus3
1098 764 1262 814 nosque
1290 750 1403 791 malo
1436 752 1605 818 solatio,

157 807 230 850 sed
262 808 471 849 nonnullo
504 818 663 859 tamen,
694 808 982 859 consolamur,
1004 808 1121 863 quod
1149 808 1283 871 ipsius
1308 808 1446 849 vicem
1478 811 1606 852 mini-

155 876 226 906 me
249 865 458 916 dolemus,
496 881 581 907 non
605 869 642 901 57
662 876 706 906 ut
746 864 946 906 Saufeius
980 876 1024 905 et
1061 865 1393 916 vestri31mmo
1433 865 1605 909 hercule

152 922 258 977 quia
279 923 341 964 sic
364 924 536 964 amabat
573 924 772 980 patriam,
796 932 845 963 ut
872 922 979 963 mihi
1010 921 1155 977 aliquo
1181 923 1359 963 deorum
1392 923 1604 967 beneficio

154 979 353 1021 videatur
374 995 428 1022 ex
462 981 556 1036 ejus
591 981 791 1022 incendio
823 994 914 1021 esse
947 989 1134 1035 ereptus.
1168 995 1269 1020 nam
1301 980 1405 1034 quid
1441 980 1603 1024 foedius

151 1047 301 1078 nostra
326 1038 440 1080 vita?
472 1039 692 1094 precipue
714 1041 837 1079 met?
872 1051 971 1077 nam
996 1046 1040 1077 tu
1073 1037 1263 1101 quidem,
1285 1037 1365 1076 etsi
1399 1052 1443 1078 65
1479 1052 1604 1081 natu-

151 1108 200 1135 ra
234 1101 418 1141 πολιτικὸς,
460 1106 603 1136 tamen
647 1098 686 1126 53
703 1094 860 1135 nullam
902 1094 1036 1134 habes
1068 1094 1288 1150 propriam
1322 1096 1601 1140 servitutem:

153 1153 194 1186 59
207 1154 426 1193 communi
454 1153 603 1194 frueris
627 1152 818 1193 nomine.
850 1166 933 1207 ego
958 1165 1074 1202 vero,
1097 1153 1188 1206 qui,
1223 1166 1256 1191 Sl
1281 1151 1434 1206 loquor
1455 1154 1508 1194 de
1538 1169 1602 1196 re-

151 1209 342 1265 publica,
379 1211 494 1265 quod
527 1219 713 1266 oportet,
750 1209 950 1260 insanus3
985 1209 1034 1260 si,
1057 1210 1175 1263 quod
1209 1223 1318 1265 opus
1353 1219 1432 1260 est,
1456 1225 1600 1253 servus

150 1267 405 1318 existim0r3
442 1283 475 1308 51
500 1277 637 1318 taceO,
668 1280 898 1322 oppressus
929 1275 972 1306 et
1003 1276 1182 1331 captus;

150 1324 318 1366 debeo?
349 1339 435 1379 quo
460 1340 551 1365 suin
577 1300 756 1374 scilicet,
781 1324 864 1364 hoc
885 1323 1018 1364 etiam
1041 1324 1220 1375 acriore,
1239 1324 1357 1379 quod
1382 1338 1434 1365 ne
1455 1325 1601 1368 dolere

146 1381 322 1437 quidem
347 1396 538 1437 possum,
574 1391 621 1423 ut
642 1396 728 1422 non
753 1382 948 1437 ingratus
974 1380 1134 1423 videar.
1159 1381 1279 1438 quid,
1301 1381 1336 1421 si
1361 1396 1526 1424 cessare
1550 1384 1601 1425 li-

149 1438 264 1490 beat,
287 1449 330 1479 et
352 1440 393 1479 in
426 1440 503 1481 otii
529 1449 703 1495 portum
735 1438 1004 1495 confugere?
1040 1439 1345 1494 nequicquam.
1377 1439 1513 1482 immo
1536 1451 1600 1482 et-

146 1496 232 1537 iam
264 1496 304 1536 in
331 1496 490 1538 bellum
512 1507 555 1538 et
578 1497 620 1537 in
643 1505 798 1537 castra.
821 1510 926 1551 ergo
948 1496 1106 1537 erimus
1128 1497 1259 1542 ὀπαδοὶ,
1283 1496 1356 1551 qui
1379 1504 1480 1547 ταγοὶ
1507 1513 1599 1540 6556

144 1553 392 1595 noluimus?
435 1555 496 1595 sic
529 1553 777 1596 faciendum
812 1563 892 1594 est.
926 1553 1005 1594 tibi
1036 1553 1151 1594 enim
1186 1553 1284 1608 ipsi,
1319 1552 1390 1594 cui
1430 1555 1596 1598 utinam

144 1623 314 1667 semper
338 1612 601 1667 paruissem!
635 1611 696 1652 sic
719 1610 845 1651 video
868 1610 1050 1667 placere.
1083 1611 1124 1641 60
1137 1610 1349 1665 reliquum
1372 1620 1451 1662 est,
1474 1615 1594 1668 zoi-dg

141 1687 203 1708 var
221 1669 326 1720 ἔλαχε
328 1689 355 1714 ς,
375 1670 502 1709 ταύταν
521 1672 646 1721 κόσμει.
680 1683 767 1709 non
789 1667 1032 1709 mehercule
1054 1682 1253 1724 possum3
1286 1677 1330 1709 et
1350 1667 1595 1710 Philoxeno

140 1722 341 1788 ignosCO,
374 1724 447 1779 qui
482 1724 629 1766 reduci
665 1726 708 1766 in
751 1740 965 1767 carcerem
1009 1725 1176 1767 maluit.
1218 1735 1515 1766 verumtamen
1551 1726 1595 1767 id

139 1780 281 1837 ipsum
308 1795 476 1823 mecum
502 1783 543 1823 in
563 1782 631 1823 his
654 1783 760 1824 locis
781 1793 1068 1834 commentor,
1090 1784 1126 1813 6¹
1145 1792 1192 1825 ut
1215 1783 1298 1824 ista
1318 1783 1593 1839 impr30bem

138 1838 270 1894 idque
293 1848 354 1890 tu,
379 1854 479 1880 cum
516 1855 602 1882 una
634 1841 808 1892 erimus,
832 1840 1127 1882 confirmabis.
1188 1839 1228 1882 A
1252 1850 1294 1881 te
1315 1840 1480 1882 litteras
1502 1855 1594 1882 cre-

138 1895 218 1937 bro
250 1896 304 1937 ad
338 1911 405 1937 me
439 1898 569 1939 scribi
604 1898 752 1950 video,
793 1899 866 1940 sed
899 1913 1049 1939 omnes
1084 1912 1170 1939 uno
1202 1908 1398 1962 tempore
1427 1899 1592 1954 accepi.

138 1967 238 2008 quae
268 1968 333 1994 res
356 1955 484 1995 etiam
515 1956 638 1997 auxit
660 1956 853 1997 dolorem
877 1970 1038 1998 meum.
1070 1970 1171 1996 casu
1195 1969 1309 1996 enim
1335 1955 1469 1996 trinas
1491 1966 1592 1997 ante

136 2008 340 2066 legeram,
378 2011 550 2066 quibus,
583 2013 834 2055 meliuscule
872 2013 1057 2054 Lentulo
1089 2027 1195 2064 esse,
1234 2013 1443 2069 scriptum
1484 2023 1590 2054 erat

135 2081 237 2109 ecce
260 2077 426 2124 quartae
460 2069 639 2112 fulmen.
662 2071 702 2102 62
719 2071 790 2112 sed
822 2070 906 2123 ille,
930 2079 978 2112 ut
1009 2070 1177 2126 scripsi,
1199 2085 1286 2112 non
1323 2070 1478 2122 miser;
1510 2086 1587 2112 nos

878 2201 1012 2241 propria
1028 2200 1201 2237 servitute,
1217 2199 1322 2239 qualis
1340 2210 1414 2230 mea
1429 2204 1491 2231 est.

922 2244 963 2274 60
993 2244 1159 2283 ‘reliquum
1195 2242 1255 2281 est]
1297 2243 1349 2273 Sic
1387 2243 1587 2282 conjiciebat

879 2285 1080 2325 Malaspina.
1105 2285 1208 2315 immo
1230 2285 1276 2316 sic
1291 2284 1342 2316 ed.
1368 2285 1465 2315 Rom.
1487 2295 1588 2325 quam

878 2338 976 2358 nemo
1006 2327 1059 2357 hic
1090 2327 1244 2367 inspexit.
1276 2328 1331 2358 alii
1360 2327 1435 2357 libri
1463 2336 1525 2358 scr.
1551 2334 1585 2359 et

878 2370 951 2401 edd.
981 2371 1122 2409 reliqua,
1151 2370 1306 2410 reliquia,
1334 2370 1467 2410 reliqui,
1497 2370 1585 2409 quod

877 2413 1045 2443 victorius
1071 2411 1187 2449 edidit,
1210 2412 1297 2442 male
1319 2411 1467 2442 defendit
1492 2412 1584 2443 Grae-

175 2202 215 2231 55
253 2199 423 2232 Viaticum
464 2200 629 2241 Gmasvz'pes
663 2201 832 2241 proeripe't]

133 2235 301 2284 Crassipes
324 2253 428 2274 novus
454 2253 555 2283 gener
578 2244 767 2275 Ciceronis.
806 2245 835 2274 ei

131 2285 208 2325 quia
222 2286 280 2316 dos
302 2286 410 2317 danda
429 2290 513 2323 erat,
531 2287 683 2317 Ciceroni
707 2291 836 2316 sumtus

131 2327 260 2359 itineris
276 2329 363 2359 circa
378 2329 471 2359 villas
486 2328 626 2359 faciendi
643 2328 768 2359 deerat.

177 2372 218 2402 56
240 2377 271 2402 ει
283 2372 424 2411 sillybis]
452 2371 526 2401 Hoc
541 2378 590 2401 est
604 2381 621 2401 e
645 2372 837 2411 conjectura

130 2423 150 2444 e
173 2414 299 2445 vitiosis
326 2413 524 2444 lectionibus
547 2413 720 2444 librorum.
748 2413 835 2444 idem

1220 1281 1306 1321 quo
1340 1265 1489 1309 dolore
1510 1282 1646 1324 esseb

128 2457 266 2487 verbum
282 2456 336 2487 hic
351 2456 448 2487 debet
462 2465 544 2494 esse,
560 2456 649 2496 quod
664 2466 764 2496 supra
778 2466 830 2497 ep.

128 2500 160 2530 4.
176 2500 232 2530 ubi
248 2499 314 2531 vid.

172 2543 211 2575 57
234 2546 273 2572 ut
287 2540 447 2582 Saufeius
467 2546 498 2572 ec
520 2540 634 2580 vestri]
664 2540 832 2581 Epicurei,

126 2592 272 2623 quorum
299 2590 423 2615 sectam
452 2584 585 2614 Atticus
619 2583 832 2623 sequebatur,

128 2626 185 2666 qui
201 2626 284 2657 nihil
300 2626 428 2665 dolent,
444 2627 505 2657 nisi
521 2636 580 2658 sua
596 2626 695 2657 mala.

170 2670 210 2700 58
246 2671 378 2700 nullam
410 2671 585 2709 propriam
621 2667 827 2707 servitutem]

126 2708 213 2749 Quia
226 2720 271 2742 56.
294 2721 398 2752 remp.
415 2721 482 2742 non
498 2712 761 2749 administrarat,
775 2710 830 2742 sed

126 2761 256 2792 semper
269 2754 415 2794 privatus
431 2755 570 2785 vixerat.

168 2796 209 2828 59
236 2798 401 2827 communi
424 2795 560 2835 frueris
596 2794 740 2835 nomine]
779 2804 825 2826 sc.

123 2836 313 2868 servitutis:
349 2839 541 2869 servitutem
565 2838 720 2869 omnibus
739 2847 827 2868 com—

126 2888 263 2910 munem
290 2880 387 2911 modo
412 2882 528 2921 sentis,
549 2890 625 2922 quae
650 2885 701 2912 est
727 2879 829 2911 levior

875 2456 946 2485 vius
974 2454 1147 2494 exempliS‚
1177 2455 1212 2484 in
1241 2455 1359 2494 quibus
1388 2455 1507 2494 reliqui
1534 2460 1584 2486 est

876 2507 950 2527 cum
980 2498 1070 2538 quid,
1101 2497 1241 2537 aliquid,
1272 2497 1375 2528 nihz'c:
1409 2507 1483 2537 quae
1504 2504 1584 2528 sunt

876 2540 990 2570 omnia
1005 2539 1125 2570 aliena.

920 2583 957 2613 61
983 2587 1021 2612 ut
1035 2583 1099 2612 ista
1118 2581 1312 2621 improbem]
1337 2580 1513 2621 Quomodo
1534 2582 1582 2613 ita

873 2624 1072 2664 improbem,
1089 2631 1129 2654 ut
1143 2633 1184 2654 ne
1202 2624 1299 2654 nimis
1314 2624 1491 2654 offendam.
1508 2624 1582 2655 Ma·

873 2667 1003 2708 laspina
1016 2666 1153 2706 corrigit
1167 2677 1184 2697 e
1197 2666 1324 2697 duobus
1339 2666 1422 2697 Mss.
1431 2667 1579 2705 probem,

873 2719 919 2740 sc.
934 2709 1024 2740 salva
1047 2709 1224 2748 dignitate,
1240 2711 1306 2739 sive
1329 2714 1368 2739 ut
1385 2709 1482 2738 amici
1506 2718 1581 2739 sua·

874 2752 976 2789 dent,
1001 2751 1091 2791 quod
1107 2761 1182 2781 cum
1201 2752 1331 2782 Graevio
1347 2750 1460 2791 probo·

914 2795 954 2824 62
977 2795 1035 2824 sed
1048 2795 1070 2824 i.
1095 2803 1130 2824 u.
1151 2804 1177 2823 s·
1200 2803 1265 2824 non
1290 2794 1402 2828 miser,
1426 2801 1483 2822 nos
1503 2802 1580 2824 vero

859 2835 987 2876 ferrei]
1013 2836 1181 2867 Victorius
1204 2835 1402 2875 corrigebat,
1426 2843 1483 2865 nos
1503 2845 1579 2866 vero

871 2880 969 2917 servi,
998 2877 1087 2919 quod
1117 2883 1151 2909 et
1176 2877 1350 2910 Manutius
1375 2878 1510 2918 recepit.
1544 2877 1578 2908 id

789 2935 823 2963 M
850 2927 941 2962 1114

1670 1070 1692 1085 A
