1940 3231
464 399 579 456 JO.
630 402 838 458 AUG.
893 403 1275 458 ERNESTI
1447 479 1456 485 .

195 557 618 627 LECTORI
663 563 963 641 AEQUO
1012 563 1132 630 ET
1175 562 1509 630 DOCTO

745 720 790 761 S.
825 718 875 762 P.
911 720 968 762 D.

130 887 529 953 DEFUNCTUS
553 907 670 948 enim
702 906 877 948 tandem
909 922 1000 948 sum
1034 906 1182 948 labore
1213 920 1373 963 magno
1397 921 1446 947 ae
1468 904 1582 946 diffi-

124 976 212 1027 cili,
242 977 442 1017 absoluta
474 976 753 1032 epistolarum
786 975 1011 1016 Ciceronis
1046 976 1100 1016 ad
1136 975 1347 1027 Atticum,
1385 975 1442 1022 Q.
1479 974 1583 1015 Fra-

126 1051 235 1086 trem
269 1055 312 1086 et
338 1045 522 1086 Brutum
557 1045 822 1086 recensione.
886 1044 981 1085 Nec
1016 1058 1116 1085 vero
1153 1044 1236 1084 alia
1266 1059 1363 1100 pars
1397 1044 1584 1100 scripto-

123 1128 220 1155 rum
244 1113 630 1155 Ciceronianorum
665 1122 834 1153 tantum
869 1113 1000 1165 habet
1027 1113 1296 1154 difficultatis
1319 1124 1362 1154 et
1384 1113 1580 1154 obscuri-

122 1184 243 1234 tatis,
263 1195 393 1238 atque
414 1197 470 1223 ex
493 1196 544 1223 eo
564 1182 658 1238 ipso
678 1181 860 1222 fortasse
880 1182 1100 1233 vitiorum,
1121 1197 1250 1237 quam
1273 1182 1341 1224 hae
1365 1183 1579 1239 epistolae‚

125 1259 218 1292 tum
243 1265 297 1292 ex
322 1252 449 1291 rebus
474 1251 595 1307 ipsis,
629 1260 720 1291 tuin
743 1264 766 1291 e
789 1265 946 1306 genere
979 1251 1212 1301 scribendi,
1235 1251 1350 1306 quod
1375 1261 1440 1292 est
1463 1266 1580 1308 saepe

122 1319 186 1361 ita
226 1320 460 1375 abruptum
502 1329 545 1360 et
583 1321 726 1369 breve,
761 1328 810 1359 ut
842 1319 1019 1360 difficile
1062 1320 1132 1372 sit,
1163 1335 1337 1361 sensum
1370 1321 1580 1363 divinare.

124 1388 237 1435 Quae
262 1402 326 1428 res
349 1389 480 1429 etiam
503 1398 546 1428 et
570 1388 674 1429 feeit
695 1396 811 1439 ante,
834 1398 878 1429 et
901 1403 1016 1430 nunc
1039 1388 1159 1439 facit,
1184 1399 1231 1430 ut
1254 1404 1414 1445 paucos
1438 1389 1577 1431 habu-

121 1456 235 1497 erint
264 1455 539 1512 habeantque
570 1457 768 1498 lectores.
832 1458 933 1503 Quo
965 1459 1103 1514 magis
1126 1459 1258 1498 etiam
1288 1457 1372 1499 hoc
1395 1459 1581 1514 egimus,

119 1535 331 1581 quantum
357 1527 593 1581 potuimuS,
618 1536 664 1566 ut
686 1525 918 1566 lectionem
947 1540 1094 1567 earum
1119 1526 1358 1567 faciliorem
1383 1527 1580 1568 reddere-

119 1608 216 1635 mus
250 1594 470 1643 studiosis,
504 1604 548 1635 et
586 1603 709 1635 textu
747 1595 856 1635 bene
893 1596 1138 1636 accuratius
1177 1595 1502 1647 constituendo,
1537 1605 1582 1637 et

120 1663 325 1703 omnibus
362 1663 550 1704 breviter
584 1673 628 1704 et
658 1662 783 1720 plane
825 1662 1112 1720 explicandiS‚
1151 1663 1194 1704 in
1232 1664 1391 1719 quibus
1425 1664 1579 1720 aliquis

121 1732 261 1788 possit
284 1731 462 1773 haerere.

180 1799 237 1841 Et
266 1801 310 1842 in
344 1810 469 1842 textu
509 1801 685 1856 quidem
721 1801 1030 1842 constituendo
1069 1815 1156 1842 non
1190 1801 1415 1856 contigere
1449 1802 1574 1842 nobis

116 1867 328 1910 librorum
353 1870 614 1926 scriptorum
641 1870 864 1926 praesidia:
900 1879 1001 1911 sunt
1031 1871 1144 1910 enim
1172 1870 1352 1911 omnino
1376 1870 1575 1926 exempla

117 1936 270 1979 harum
302 1939 584 1995 epistolarum
617 1940 778 1994 scripta
810 1939 971 1980 rariora
1002 1938 1155 1989 multo,
1179 1954 1309 1994 quam
1333 1948 1577 1980 ceterorum

117 2004 354 2060 librorum3
386 2008 511 2063 cujus
536 2008 768 2064 paucitatis
791 2022 920 2047 eausa
946 2007 1037 2047 sine
1061 2007 1194 2048 dubio
1220 2007 1261 2047 in
1287 2007 1357 2047 illa
1381 2007 1475 2063 ipsa
1497 2018 1576 2058 est,

116 2088 248 2130 quam
272 2076 479 2127 diximus,
507 2075 765 2117 difficultate
787 2075 1059 2131 intelligendi
1085 2085 1129 2116 et
1151 2076 1360 2117 lectorum
1386 2076 1574 2116 raritate.

117 2143 202 2185 Sed
226 2144 310 2186 hoc
332 2145 487 2200 majori
508 2155 552 2186 et
572 2145 751 2201 justiori
777 2145 905 2201 copia
927 2133 1228 2201 exemplorum
1251 2145 1466 2187 editorum
1490 2146 1577 2186 for-

116 2212 245 2254 mulis
286 2213 617 2270 typographicis
651 2213 777 2254 nobis
815 2214 1126 2269 suppeditavit.
1190 2213 1303 2254 Usus
1338 2214 1453 2254 enim
1484 2230 1575 2255 sum

115 2282 328 2339 exemplis
361 2283 527 2339 primiS‚
552 2281 755 2324 Romano
790 2280 1052 2323 Sweinlzemii
1083 2294 1124 2323 et
1151 2281 1399 2333 Pannmtii,
1423 2293 1465 2323 et
1493 2283 1577 2323 Ve-

115 2361 220 2393 neto
244 2350 444 2393 Jensoni:
478 2361 571 2392 tum
603 2351 737 2393 altero
762 2351 966 2393 Romano
999 2351 1092 2392 sine
1129 2351 1211 2392 loci
1246 2361 1288 2391 et
1318 2352 1419 2392 anni
1457 2361 1576 2403 nota,

118 2417 419 2461 Bartholomaei
443 2419 617 2462 Salicetz'
638 2420 913 2464 Bononiensis
932 2432 975 2461 et
1000 2418 1207 2461 Ludovici
1233 2418 1362 2475 Regii
1387 2418 1576 2460 Corneli-

114 2479 230 2539 ens'z's,
253 2489 294 2530 in
318 2504 405 2545 qua
423 2499 490 2531 est
507 2491 712 2546 repetitio
733 2490 937 2532 editionis
961 2489 1090 2530 factae
1117 2503 1190 2544 per
1214 2487 1472 2531 Euclzarium
1496 2489 1576 2531 Sil-

113 2557 198 2608 ber,
221 2556 326 2598 alias
344 2556 515 2610 Frank3
540 2559 645 2599 item
667 2558 830 2601 Aldino
854 2558 996 2615 primo
1019 2573 1057 2598 a.
1079 2563 1200 2607 1513,
1218 2567 1261 2598 et
1284 2559 1453 2607 ceteris,
1476 2573 1572 2612 quae

110 2626 226 2667 inter
250 2640 385 2682 opera
415 2627 618 2667 universa
650 2626 876 2669 Ciceronis
910 2626 1132 2683 prodiere3
1167 2635 1325 2681 praeter
1357 2625 1574 2668 Mediola-

111 2708 306 2745 nensem,
333 2694 378 2734 in
412 2694 538 2750 cujus
568 2695 773 2736 editionis
804 2694 1008 2751 exemplo
1045 2709 1141 2735 meo
1168 2694 1326 2734 desunt
1359 2694 1572 2749 epistoiae.

111 2761 197 2803 Sed
219 2777 271 2804 eo
297 2777 365 2803 me
389 2771 532 2804 tamen
568 2778 692 2805 usum
715 2757 938 2820 putoLper
969 2763 1205 2804 editionem
1239 2776 1416 2818 operum
1446 2762 1571 2804 Cice-

112 2831 230 2872 ronis
252 2830 450 2873 Ascensii
487 2833 686 2888 primam,
706 2835 838 2888 quam
869 2846 892 2872 e
916 2830 1238 2873 Mediolanensi
1270 2831 1444 2871 ductam
1480 2846 1571 2871 esse

171 2912 524 2943 VOL.111.P.11.
846 2899 917 2940 pf
