<?xml version="1.0" encoding="UTF-8"?>
<!DOCTYPE html PUBLIC "-//W3C//DTD XHTML 1.0 Transitional//EN"
    "http://www.w3.org/TR/xhtml1/DTD/xhtml1-transitional.dtd">
<html xmlns="http://www.w3.org/1999/xhtml" xml:lang="en" lang="en">
 <head>
  <title>
</title>
<meta http-equiv="Content-Type" content="text/html;charset=utf-8" />
  <meta name='ocr-system' content='tesseract 3.04.00' />
  <meta name='ocr-capabilities' content='ocr_page ocr_carea ocr_par ocr_line ocrx_word'/>
</head>
<body>
  <div class='ocr_page' id='page_1' title='image "./p2operaomnia03ciceuoft_0047.png"; bbox 0 0 1940 3231; ppageno 0'>
   <div class='ocr_carea' id='block_1_1' title="bbox 785 99 1646 147">
    <p class='ocr_par' dir='ltr' id='par_1_1' title="bbox 785 99 1646 147">
     <span class='ocr_line' id='line_1_1' title="bbox 785 99 1646 147; baseline 0.002 -9"><span class='ocrx_word' id='word_1_1' title='bbox 785 99 1000 138; x_wconf 91' lang='lat' dir='ltr'>LIBER</span> <span class='ocrx_word' id='word_1_2' title='bbox 1025 101 1078 139; x_wconf 90' lang='grc' dir='ltr'><em>Π.</em></span> <span class='ocrx_word' id='word_1_3' title='bbox 1571 104 1646 147; x_wconf 82' lang='grc'><em>471</em></span> 
     </span>
    </p>
   </div>
   <div class='ocr_carea' id='block_1_2' title="bbox 192 202 1647 374">
    <p class='ocr_par' dir='ltr' id='par_1_2' title="bbox 192 202 1647 374">
     <span class='ocr_line' id='line_1_2' title="bbox 193 202 1647 269; baseline 0.004 -27"><span class='ocrx_word' id='word_1_4' title='bbox 193 202 415 260; x_wconf 86' lang='lat' dir='ltr'>ipsiusque</span> <span class='ocrx_word' id='word_1_5' title='bbox 449 202 561 245; x_wconf 87' lang='lat' dir='ltr'><em>Paeti</em></span> <span class='ocrx_word' id='word_1_6' title='bbox 594 204 674 246; x_wconf 89' lang='lat' dir='ltr'><em>tibi</em></span> <span class='ocrx_word' id='word_1_7' title='bbox 706 205 885 261; x_wconf 86' lang='lat' dir='ltr'><em>negotia</em></span> <span class='ocrx_word' id='word_1_8' title='bbox 912 203 1187 269; x_wconf 80' lang='lat' dir='ltr'><em>commendo,</em></span> <span class='ocrx_word' id='word_1_9' title='bbox 1209 202 1263 245; x_wconf 88' lang='lat' dir='ltr'><em>de</em></span> <span class='ocrx_word' id='word_1_10' title='bbox 1284 203 1441 258; x_wconf 84' lang='lat' dir='ltr'><em>quibus</em></span> <span class='ocrx_word' id='word_1_11' title='bbox 1464 205 1544 247; x_wconf 88' lang='lat' dir='ltr'><em>tibi</em></span> <span class='ocrx_word' id='word_1_12' title='bbox 1576 204 1647 248; x_wconf 85' lang='lat' dir='ltr'><em>ille</em></span> 
     </span>
     <span class='ocr_line' id='line_1_3' title="bbox 192 238 1644 318; baseline 0.003 -17"><span class='ocrx_word' id='word_1_13' title='bbox 192 261 287 316; x_wconf 83' lang='lat' dir='ltr'><em>agit</em></span> <span class='ocrx_word' id='word_1_14' title='bbox 323 261 533 302; x_wconf 81' lang='lat' dir='ltr'><em>maximas</em></span> <span class='ocrx_word' id='word_1_15' title='bbox 566 262 752 317; x_wconf 84' lang='lat' dir='ltr'>gratias.</span> <span class='ocrx_word' id='word_1_16' title='bbox 763 238 838 303; x_wconf 65' lang='lat' dir='ltr'><em>oet</em></span> <span class='ocrx_word' id='word_1_17' title='bbox 867 271 915 303; x_wconf 92' lang='lat' dir='ltr'><em>ut</em></span> <span class='ocrx_word' id='word_1_18' title='bbox 939 261 1035 318; x_wconf 87' lang='lat' dir='ltr'><em>jam</em></span> <span class='ocrx_word' id='word_1_19' title='bbox 1067 261 1228 303; x_wconf 84' lang='lat' dir='ltr'><em>invisas</em></span> <span class='ocrx_word' id='word_1_20' title='bbox 1263 275 1355 312; x_wconf 74' lang='grc' dir='ltr'><strong>ηοε,</strong></span> <span class='ocrx_word' id='word_1_21' title='bbox 1388 275 1481 302; x_wconf 89' lang='lat' dir='ltr'><em>non.</em></span> <span class='ocrx_word' id='word_1_22' title='bbox 1505 263 1644 305; x_wconf 87' lang='lat' dir='ltr'><em>solum</em></span> 
     </span>
     <span class='ocr_line' id='line_1_4' title="bbox 194 294 762 374; baseline 0.002 -16"><span class='ocrx_word' id='word_1_23' title='bbox 194 331 318 374; x_wconf 88' lang='lat' dir='ltr'><em>rogo,</em></span> <span class='ocrx_word' id='word_1_24' title='bbox 337 319 410 360; x_wconf 86' lang='lat' dir='ltr'><em>sed</em></span> <span class='ocrx_word' id='word_1_25' title='bbox 434 318 565 360; x_wconf 85' lang='lat' dir='ltr'><em>etiam</em></span> <span class='ocrx_word' id='word_1_26' title='bbox 566 294 762 360; x_wconf 86' lang='lat' dir='ltr'>suadeo.</span> 
     </span>
    </p>
   </div>
   <div class='ocr_carea' id='block_1_3' title="bbox 203 426 1636 444">
    <p class='ocr_par' dir='ltr' id='par_1_3' title="bbox 203 426 1636 444">
     <span class='ocr_line' id='line_1_5' title="bbox 203 426 1636 444; baseline 0 2787"><span class='ocrx_word' id='word_1_27' title='bbox 203 426 1636 444; x_wconf 95' lang='lat' dir='ltr'><em> </em></span> 
     </span>
    </p>
   </div>
   <div class='ocr_carea' id='block_1_4' title="bbox 368 510 1743 703">
    <p class='ocr_par' dir='ltr' id='par_1_4' title="bbox 368 510 1743 703">
     <span class='ocr_line' id='line_1_6' title="bbox 472 510 1743 587; baseline -0.004 -23"><span class='ocrx_word' id='word_1_28' title='bbox 472 510 555 564; x_wconf 87' lang='lat' dir='ltr'><em>M.</em></span> <span class='ocrx_word' id='word_1_29' title='bbox 592 511 875 565; x_wconf 80' lang='lat' dir='ltr'>TULLII</span> <span class='ocrx_word' id='word_1_30' title='bbox 919 510 1349 566; x_wconf 79' lang='lat' dir='ltr'>CICERONIS</span> <span class='ocrx_word' id='word_1_31' title='bbox 1644 515 1743 587; x_wconf 66' lang='lat'>³3:²¹·</span> 
     </span>
     <span class='ocr_line' id='line_1_7' title="bbox 368 630 1427 703; baseline 0.007 -7"><span class='ocrx_word' id='word_1_32' title='bbox 368 630 426 696; x_wconf 87' lang='lat' dir='ltr'><strong>E</strong></span> <span class='ocrx_word' id='word_1_33' title='bbox 477 632 1427 703; x_wconf 77' lang='lat' dir='ltr'>PISTOLARUM</span> 
     </span>
    </p>
   </div>
   <div class='ocr_carea' id='block_1_5' title="bbox 876 760 931 785">
    <p class='ocr_par' dir='ltr' id='par_1_5' title="bbox 876 760 931 785">
     <span class='ocr_line' id='line_1_8' title="bbox 876 760 931 785; baseline 0 0"><span class='ocrx_word' id='word_1_34' title='bbox 876 760 931 785; x_wconf 73' lang='lat' dir='ltr'><em>AD</em></span> 
     </span>
    </p>
   </div>
   <div class='ocr_carea' id='block_1_6' title="bbox 638 837 1138 995">
    <p class='ocr_par' dir='ltr' id='par_1_6' title="bbox 638 837 1138 995">
     <span class='ocr_line' id='line_1_9' title="bbox 638 837 1138 895; baseline 0 -10"><span class='ocrx_word' id='word_1_35' title='bbox 638 838 683 886; x_wconf 92' lang='lat' dir='ltr'>A</span> <span class='ocrx_word' id='word_1_36' title='bbox 713 838 755 885; x_wconf 93' lang='lat' dir='ltr'>T</span> <span class='ocrx_word' id='word_1_37' title='bbox 783 838 826 885; x_wconf 93' lang='lat' dir='ltr'>T</span> <span class='ocrx_word' id='word_1_38' title='bbox 855 838 877 885; x_wconf 95' lang='grc' dir='ltr'>Ι</span> <span class='ocrx_word' id='word_1_39' title='bbox 910 838 950 885; x_wconf 91' lang='lat' dir='ltr'>C</span> <span class='ocrx_word' id='word_1_40' title='bbox 981 837 1030 886; x_wconf 91' lang='lat' dir='ltr'>U</span> <span class='ocrx_word' id='word_1_41' title='bbox 1062 838 1138 895; x_wconf 87' lang='lat' dir='ltr'><em>M,</em></span> 
     </span>
     <span class='ocr_line' id='line_1_10' title="bbox 762 952 1039 995; baseline -0.004 0"><span class='ocrx_word' id='word_1_42' title='bbox 762 952 949 995; x_wconf 85' lang='lat' dir='ltr'>LIBER</span> <span class='ocrx_word' id='word_1_43' title='bbox 976 952 1039 994; x_wconf 92' lang='grc' dir='ltr'><em>ΙΙ.</em></span> 
     </span>
    </p>
   </div>
   <div class='ocr_carea' id='block_1_7' title="bbox 762 1061 1040 1082">
    <p class='ocr_par' dir='ltr' id='par_1_7' title="bbox 762 1061 1040 1082">
     <span class='ocr_line' id='line_1_11' title="bbox 762 1061 1040 1082; baseline 0 2149"><span class='ocrx_word' id='word_1_44' title='bbox 762 1061 1040 1082; x_wconf 95' lang='lat' dir='ltr'><em> </em></span> 
     </span>
    </p>
   </div>
   <div class='ocr_carea' id='block_1_8' title="bbox 691 1140 1098 1179">
    <p class='ocr_par' dir='ltr' id='par_1_8' title="bbox 691 1140 1098 1179">
     <span class='ocr_line' id='line_1_12' title="bbox 691 1140 1098 1179; baseline -0.005 0"><span class='ocrx_word' id='word_1_45' title='bbox 691 1140 1098 1179; x_wconf 85' lang='lat' dir='ltr'><em>ARGUMENTUM.</em></span> 
     </span>
    </p>
   </div>
   <div class='ocr_carea' id='block_1_9' title="bbox 176 1204 1625 2662">
    <p class='ocr_par' dir='ltr' id='par_1_9' title="bbox 176 1204 1625 2662">
     <span class='ocr_line' id='line_1_13' title="bbox 176 1204 1625 1256; baseline 0.001 -13"><span class='ocrx_word' id='word_1_46' title='bbox 176 1204 277 1244; x_wconf 79' lang='lat' dir='ltr'><em>Duoe</em></span> <span class='ocrx_word' id='word_1_47' title='bbox 290 1207 419 1254; x_wconf 85' lang='lat' dir='ltr'><em>primae</em></span> <span class='ocrx_word' id='word_1_48' title='bbox 438 1206 522 1242; x_wconf 85' lang='lat' dir='ltr'><em>libri</em></span> <span class='ocrx_word' id='word_1_49' title='bbox 541 1204 645 1251; x_wconf 80' lang='lat' dir='ltr'><em>hujus</em></span> <span class='ocrx_word' id='word_1_50' title='bbox 665 1206 838 1254; x_wconf 70' lang='lat' dir='ltr'><em>epistolae,</em></span> <span class='ocrx_word' id='word_1_51' title='bbox 857 1207 1004 1253; x_wconf 70' lang='lat' dir='ltr'><em>scriptae</em></span> <span class='ocrx_word' id='word_1_52' title='bbox 1020 1209 1118 1247; x_wconf 87' lang='lat' dir='ltr'><em>sunt,</em></span> <span class='ocrx_word' id='word_1_53' title='bbox 1138 1205 1225 1240; x_wconf 87' lang='lat' dir='ltr'><em>item</em></span> <span class='ocrx_word' id='word_1_54' title='bbox 1244 1209 1284 1240; x_wconf 84' lang='lat' dir='ltr'><em>ut</em></span> <span class='ocrx_word' id='word_1_55' title='bbox 1302 1205 1442 1242; x_wconf 65' lang='lat' dir='ltr'><em>ultimae</em></span> <span class='ocrx_word' id='word_1_56' title='bbox 1462 1211 1625 1256; x_wconf 86' lang='lat' dir='ltr'><em>superio-</em></span> 
     </span>
     <span class='ocr_line' id='line_1_14' title="bbox 225 1256 1624 1307; baseline 0.003 -13"><span class='ocrx_word' id='word_1_57' title='bbox 225 1259 289 1301; x_wconf 66' lang='lat' dir='ltr'><em>ris,</em></span> <span class='ocrx_word' id='word_1_58' title='bbox 325 1259 366 1300; x_wconf 91' lang='lat' dir='ltr'><em>Q.</em></span> <span class='ocrx_word' id='word_1_59' title='bbox 393 1257 545 1294; x_wconf 86' lang='lat' dir='ltr'><em>Metello</em></span> <span class='ocrx_word' id='word_1_60' title='bbox 577 1259 709 1301; x_wconf 83' lang='lat' dir='ltr'><em>Celere,</em></span> <span class='ocrx_word' id='word_1_61' title='bbox 739 1258 783 1295; x_wconf 92' lang='lat' dir='ltr'><em>L.</em></span> <span class='ocrx_word' id='word_1_62' title='bbox 803 1256 993 1307; x_wconf 86' lang='lat' dir='ltr'><em>Afranio:</em></span> <span class='ocrx_word' id='word_1_63' title='bbox 1022 1258 1173 1305; x_wconf 67' lang='lat' dir='ltr'><em>reliquae</em></span> <span class='ocrx_word' id='word_1_64' title='bbox 1201 1269 1333 1299; x_wconf 86' lang='lat' dir='ltr'><em>omnes,</em></span> <span class='ocrx_word' id='word_1_65' title='bbox 1356 1258 1393 1295; x_wconf 88' lang='lat' dir='ltr'><em>C.</em></span> <span class='ocrx_word' id='word_1_66' title='bbox 1423 1259 1527 1296; x_wconf 84' lang='lat' dir='ltr'><em>Julio</em></span> <span class='ocrx_word' id='word_1_67' title='bbox 1549 1261 1624 1298; x_wconf 82' lang='lat' dir='ltr'><em>Cae-</em></span> 
     </span>
     <span class='ocr_line' id='line_1_15' title="bbox 224 1309 1623 1360; baseline 0.003 -14"><span class='ocrx_word' id='word_1_68' title='bbox 224 1322 319 1353; x_wconf 86' lang='lat' dir='ltr'><em>sare,</em></span> <span class='ocrx_word' id='word_1_69' title='bbox 345 1311 399 1347; x_wconf 90' lang='lat' dir='ltr'><em>M.</em></span> <span class='ocrx_word' id='word_1_70' title='bbox 430 1311 562 1347; x_wconf 87' lang='lat' dir='ltr'><em>Bibulo</em></span> <span class='ocrx_word' id='word_1_71' title='bbox 593 1323 701 1349; x_wconf 81' lang='lat' dir='ltr'><em>coss.</em></span> <span class='ocrx_word' id='word_1_72' title='bbox 731 1312 908 1347; x_wconf 85' lang='lat' dir='ltr'><em>mensibus</em></span> <span class='ocrx_word' id='word_1_73' title='bbox 924 1309 1012 1360; x_wconf 85' lang='lat' dir='ltr'><em>fere</em></span> <span class='ocrx_word' id='word_1_74' title='bbox 1028 1309 1157 1346; x_wconf 87' lang='lat' dir='ltr'>XVII.</span> <span class='ocrx_word' id='word_1_75' title='bbox 1205 1310 1401 1346; x_wconf 80' lang='lat' dir='ltr'><em>Continent</em></span> <span class='ocrx_word' id='word_1_76' title='bbox 1426 1324 1510 1348; x_wconf 85' lang='lat' dir='ltr'><em>vero</em></span> <span class='ocrx_word' id='word_1_77' title='bbox 1538 1326 1623 1351; x_wconf 84' lang='lat' dir='ltr'><em>con-</em></span> 
     </span>
     <span class='ocr_line' id='line_1_16' title="bbox 221 1363 1620 1414; baseline 0.004 -16"><span class='ocrx_word' id='word_1_78' title='bbox 221 1365 417 1399; x_wconf 85' lang='lat' dir='ltr'><em>tentionem</em></span> <span class='ocrx_word' id='word_1_79' title='bbox 447 1363 581 1406; x_wconf 82' lang='lat' dir='ltr'><em>Clodii,</em></span> <span class='ocrx_word' id='word_1_80' title='bbox 610 1369 652 1400; x_wconf 87' lang='lat' dir='ltr'><em>ut</em></span> <span class='ocrx_word' id='word_1_81' title='bbox 686 1364 864 1414; x_wconf 74' lang='lat' dir='ltr'><em>Tribunus</em></span> <span class='ocrx_word' id='word_1_82' title='bbox 889 1365 943 1411; x_wconf 87' lang='lat' dir='ltr'><em>pl.</em></span> <span class='ocrx_word' id='word_1_83' title='bbox 967 1363 1102 1412; x_wconf 85' lang='lat' dir='ltr'><em>fieret.</em></span> <span class='ocrx_word' id='word_1_84' title='bbox 1099 1379 1107 1386; x_wconf 88' lang='lat'><strong>·</strong></span> <span class='ocrx_word' id='word_1_85' title='bbox 1145 1363 1242 1411; x_wconf 82' lang='lat' dir='ltr'><em>quod</em></span> <span class='ocrx_word' id='word_1_86' title='bbox 1277 1364 1420 1399; x_wconf 87' lang='lat' dir='ltr'><em>demum</em></span> <span class='ocrx_word' id='word_1_87' title='bbox 1449 1365 1620 1409; x_wconf 80' lang='lat' dir='ltr'><em>obtinuit,</em></span> 
     </span>
     <span class='ocr_line' id='line_1_17' title="bbox 226 1415 1619 1464; baseline 0.003 -13"><span class='ocrx_word' id='word_1_88' title='bbox 226 1415 366 1452; x_wconf 84' lang='lat' dir='ltr'><em>Ccesare</em></span> <span class='ocrx_word' id='word_1_89' title='bbox 393 1416 594 1459; x_wconf 75' lang='lat' dir='ltr'><em>adnitente,</em></span> <span class='ocrx_word' id='word_1_90' title='bbox 623 1415 724 1463; x_wconf 84' lang='lat' dir='ltr'><em>cujus</em></span> <span class='ocrx_word' id='word_1_91' title='bbox 752 1419 839 1453; x_wconf 80' lang='lat' dir='ltr'><em>item</em></span> <span class='ocrx_word' id='word_1_92' title='bbox 868 1428 991 1464; x_wconf 88' lang='lat' dir='ltr'><em>opera,</em></span> <span class='ocrx_word' id='word_1_93' title='bbox 1028 1428 1098 1464; x_wconf 83' lang='lat' dir='ltr'><em>quo</em></span> <span class='ocrx_word' id='word_1_94' title='bbox 1131 1416 1392 1463; x_wconf 83' lang='lat' dir='ltr'><em>magistratum</em></span> <span class='ocrx_word' id='word_1_95' title='bbox 1425 1417 1530 1454; x_wconf 87' lang='lat' dir='ltr'><em>illum</em></span> <span class='ocrx_word' id='word_1_96' title='bbox 1557 1432 1619 1455; x_wconf 83' lang='lat' dir='ltr'><em>ca-</em></span> 
     </span>
     <span class='ocr_line' id='line_1_18' title="bbox 217 1468 1620 1519; baseline 0.004 -16"><span class='ocrx_word' id='word_1_97' title='bbox 217 1480 307 1518; x_wconf 87' lang='lat' dir='ltr'><em>pere</em></span> <span class='ocrx_word' id='word_1_98' title='bbox 330 1474 465 1517; x_wconf 85' lang='lat' dir='ltr'><em>posset,</em></span> <span class='ocrx_word' id='word_1_99' title='bbox 490 1469 650 1517; x_wconf 86' lang='lat' dir='ltr'><em>plebeius</em></span> <span class='ocrx_word' id='word_1_100' title='bbox 667 1468 800 1518; x_wconf 83' lang='lat' dir='ltr'><em>sactus</em></span> <span class='ocrx_word' id='word_1_101' title='bbox 826 1474 890 1505; x_wconf 83' lang='lat' dir='ltr'><em>est.</em></span> <span class='ocrx_word' id='word_1_102' title='bbox 944 1469 1043 1504; x_wconf 86' lang='lat' dir='ltr'><em>Nam</em></span> <span class='ocrx_word' id='word_1_103' title='bbox 1074 1468 1237 1504; x_wconf 81' lang='lat' dir='ltr'><em>Ciceroni</em></span> <span class='ocrx_word' id='word_1_104' title='bbox 1265 1469 1395 1511; x_wconf 85' lang='lat' dir='ltr'><em>iratus,</em></span> <span class='ocrx_word' id='word_1_105' title='bbox 1416 1471 1513 1517; x_wconf 84' lang='lat' dir='ltr'><em>quod</em></span> <span class='ocrx_word' id='word_1_106' title='bbox 1531 1484 1620 1519; x_wconf 86' lang='lat' dir='ltr'><em>quo-</em></span> 
     </span>
     <span class='ocr_line' id='line_1_19' title="bbox 221 1520 1619 1570; baseline 0.002 -13"><span class='ocrx_word' id='word_1_107' title='bbox 221 1521 307 1557; x_wconf 84' lang='lat' dir='ltr'><em>dam</em></span> <span class='ocrx_word' id='word_1_108' title='bbox 338 1523 375 1557; x_wconf 84' lang='lat' dir='ltr'><em>in</em></span> <span class='ocrx_word' id='word_1_109' title='bbox 394 1520 542 1567; x_wconf 85' lang='lat' dir='ltr'><em>judicio</em></span> <span class='ocrx_word' id='word_1_110' title='bbox 569 1527 707 1557; x_wconf 83' lang='lat' dir='ltr'><em>statum</em></span> <span class='ocrx_word' id='word_1_111' title='bbox 736 1527 937 1570; x_wconf 84' lang='lat' dir='ltr'><em>temporum</em></span> <span class='ocrx_word' id='word_1_112' title='bbox 966 1522 1202 1569; x_wconf 76' lang='lat' dir='ltr'><em>deplorasset,</em></span> <span class='ocrx_word' id='word_1_113' title='bbox 1226 1532 1300 1566; x_wconf 73' lang='lat' dir='ltr'><em>ejus</em></span> <span class='ocrx_word' id='word_1_114' title='bbox 1328 1522 1517 1558; x_wconf 87' lang='lat' dir='ltr'><em>inimicum</em></span> <span class='ocrx_word' id='word_1_115' title='bbox 1538 1524 1619 1560; x_wconf 88' lang='lat' dir='ltr'><em>Clo-</em></span> 
     </span>
     <span class='ocr_line' id='line_1_20' title="bbox 224 1571 1619 1624; baseline 0.003 -15"><span class='ocrx_word' id='word_1_116' title='bbox 224 1574 338 1617; x_wconf 86' lang='lat' dir='ltr'><em>dium,</em></span> <span class='ocrx_word' id='word_1_117' title='bbox 361 1571 513 1624; x_wconf 82' lang='lat' dir='ltr'><em>frustra</em></span> <span class='ocrx_word' id='word_1_118' title='bbox 535 1573 618 1621; x_wconf 84' lang='lat' dir='ltr'><em>jam</em></span> <span class='ocrx_word' id='word_1_119' title='bbox 641 1576 785 1623; x_wconf 78' lang='lat' dir='ltr'><em>pridem</em></span> <span class='ocrx_word' id='word_1_120' title='bbox 817 1587 839 1610; x_wconf 89' lang='lat' dir='ltr'><em>a</em></span> <span class='ocrx_word' id='word_1_121' title='bbox 871 1574 1038 1622; x_wconf 86' lang='lat' dir='ltr'><em>patribus</em></span> <span class='ocrx_word' id='word_1_122' title='bbox 1070 1575 1118 1610; x_wconf 87' lang='lat' dir='ltr'><em>ad</em></span> <span class='ocrx_word' id='word_1_123' title='bbox 1143 1573 1283 1621; x_wconf 83' lang='lat' dir='ltr'><em>plebem</em></span> <span class='ocrx_word' id='word_1_124' title='bbox 1313 1576 1470 1610; x_wconf 87' lang='lat' dir='ltr'><em>transire</em></span> <span class='ocrx_word' id='word_1_125' title='bbox 1499 1578 1619 1613; x_wconf 84' lang='lat' dir='ltr'><em>niten-</em></span> 
     </span>
     <span class='ocr_line' id='line_1_21' title="bbox 222 1624 1618 1675; baseline 0.003 -14"><span class='ocrx_word' id='word_1_126' title='bbox 222 1629 306 1668; x_wconf 88' lang='lat' dir='ltr'><em>tem,</em></span> <span class='ocrx_word' id='word_1_127' title='bbox 335 1627 458 1663; x_wconf 85' lang='lat' dir='ltr'><em>eodem</em></span> <span class='ocrx_word' id='word_1_128' title='bbox 485 1628 554 1670; x_wconf 87' lang='lat' dir='ltr'><em>die,</em></span> <span class='ocrx_word' id='word_1_129' title='bbox 584 1627 757 1675; x_wconf 81' lang='lat' dir='ltr'><em>horaque,</em></span> <span class='ocrx_word' id='word_1_130' title='bbox 781 1639 874 1663; x_wconf 81' lang='lat' dir='ltr'><em>nova</em></span> <span class='ocrx_word' id='word_1_131' title='bbox 905 1627 982 1674; x_wconf 82' lang='lat' dir='ltr'><em>lege</em></span> <span class='ocrx_word' id='word_1_132' title='bbox 1013 1627 1056 1662; x_wconf 90' lang='lat' dir='ltr'><em>de</em></span> <span class='ocrx_word' id='word_1_133' title='bbox 1082 1626 1278 1674; x_wconf 76' lang='lat' dir='ltr'><em>adoptione</em></span> <span class='ocrx_word' id='word_1_134' title='bbox 1309 1624 1384 1672; x_wconf 85' lang='lat' dir='ltr'><em>ejus</em></span> <span class='ocrx_word' id='word_1_135' title='bbox 1417 1627 1508 1670; x_wconf 84' lang='lat' dir='ltr'><em>lata,</em></span> <span class='ocrx_word' id='word_1_136' title='bbox 1541 1632 1618 1665; x_wconf 85' lang='lat' dir='ltr'><em>tra-</em></span> 
     </span>
     <span class='ocr_line' id='line_1_22' title="bbox 221 1678 1619 1729; baseline 0.003 -15"><span class='ocrx_word' id='word_1_137' title='bbox 221 1678 337 1716; x_wconf 74' lang='lat' dir='ltr'><em>duxit.</em></span> <span class='ocrx_word' id='word_1_138' title='bbox 378 1680 519 1716; x_wconf 80' lang='lat' dir='ltr'><em>Auctor</em></span> <span class='ocrx_word' id='word_1_139' title='bbox 537 1684 589 1715; x_wconf 88' lang='lat' dir='ltr'><em>est</em></span> <span class='ocrx_word' id='word_1_140' title='bbox 608 1679 813 1716; x_wconf 82' lang='lat' dir='ltr'><em>Suetonius.</em></span> <span class='ocrx_word' id='word_1_141' title='bbox 868 1679 969 1715; x_wconf 86' lang='lat' dir='ltr'><em>Idem</em></span> <span class='ocrx_word' id='word_1_142' title='bbox 989 1679 1055 1714; x_wconf 79' lang='lat' dir='ltr'><em>hoc</em></span> <span class='ocrx_word' id='word_1_143' title='bbox 1073 1680 1150 1727; x_wconf 84' lang='lat' dir='ltr'><em>ipso</em></span> <span class='ocrx_word' id='word_1_144' title='bbox 1169 1690 1277 1721; x_wconf 84' lang='lat' dir='ltr'><em>ann0,</em></span> <span class='ocrx_word' id='word_1_145' title='bbox 1297 1681 1487 1726; x_wconf 78' lang='lat' dir='ltr'><em>agrariam</em></span> <span class='ocrx_word' id='word_1_146' title='bbox 1504 1681 1619 1729; x_wconf 86' lang='lat' dir='ltr'><em>legem</em></span> 
     </span>
     <span class='ocr_line' id='line_1_23' title="bbox 214 1732 1616 1780; baseline 0.002 -13"><span class='ocrx_word' id='word_1_147' title='bbox 214 1732 385 1778; x_wconf 84' lang='lat' dir='ltr'><em>pertulit,</em></span> <span class='ocrx_word' id='word_1_148' title='bbox 415 1734 685 1768; x_wconf 81' lang='lat' dir='ltr'><em>contradicente</em></span> <span class='ocrx_word' id='word_1_149' title='bbox 705 1733 868 1769; x_wconf 87' lang='lat' dir='ltr'><em>Catone:</em></span> <span class='ocrx_word' id='word_1_150' title='bbox 899 1743 1003 1780; x_wconf 83' lang='lat' dir='ltr'><em>quem</em></span> <span class='ocrx_word' id='word_1_151' title='bbox 1031 1744 1074 1767; x_wconf 89' lang='lat' dir='ltr'><em>ea</em></span> <span class='ocrx_word' id='word_1_152' title='bbox 1102 1733 1145 1767; x_wconf 87' lang='lat' dir='ltr'><em>de</em></span> <span class='ocrx_word' id='word_1_153' title='bbox 1173 1743 1283 1767; x_wconf 89' lang='lat' dir='ltr'><em>causa</em></span> <span class='ocrx_word' id='word_1_154' title='bbox 1311 1743 1329 1766; x_wconf 92' lang='lat' dir='ltr'><em>e</em></span> <span class='ocrx_word' id='word_1_155' title='bbox 1354 1737 1483 1768; x_wconf 88' lang='lat' dir='ltr'><em>senatu</em></span> <span class='ocrx_word' id='word_1_156' title='bbox 1513 1735 1616 1770; x_wconf 86' lang='lat' dir='ltr'><em>abre-</em></span> 
     </span>
     <span class='ocr_line' id='line_1_24' title="bbox 215 1784 1617 1834; baseline 0.004 -15"><span class='ocrx_word' id='word_1_157' title='bbox 215 1788 321 1832; x_wconf 84' lang='lat' dir='ltr'><em>ptum</em></span> <span class='ocrx_word' id='word_1_158' title='bbox 344 1786 381 1820; x_wconf 89' lang='lat' dir='ltr'><em>in</em></span> <span class='ocrx_word' id='word_1_159' title='bbox 400 1797 578 1821; x_wconf 81' lang='lat' dir='ltr'><em>carcerem</em></span> <span class='ocrx_word' id='word_1_160' title='bbox 598 1786 681 1821; x_wconf 85' lang='lat' dir='ltr'><em>duci</em></span> <span class='ocrx_word' id='word_1_161' title='bbox 690 1784 830 1831; x_wconf 86' lang='lat' dir='ltr'><em>jussit;</em></span> <span class='ocrx_word' id='word_1_162' title='bbox 863 1786 986 1821; x_wconf 80' lang='lat' dir='ltr'><em>invitis</em></span> <span class='ocrx_word' id='word_1_163' title='bbox 1005 1784 1242 1832; x_wconf 82' lang='lat' dir='ltr'><em>optimatibus</em></span> <span class='ocrx_word' id='word_1_164' title='bbox 1261 1787 1294 1819; x_wconf 87' lang='lat' dir='ltr'><em>et</em></span> <span class='ocrx_word' id='word_1_165' title='bbox 1315 1785 1454 1832; x_wconf 83' lang='lat' dir='ltr'><em>collega</em></span> <span class='ocrx_word' id='word_1_166' title='bbox 1469 1801 1481 1822; x_wconf 93' lang='lat'><em>.·</em></span> <span class='ocrx_word' id='word_1_167' title='bbox 1512 1799 1617 1834; x_wconf 85' lang='lat' dir='ltr'><em>quem</em></span> 
     </span>
     <span class='ocr_line' id='line_1_25' title="bbox 218 1836 1616 1887; baseline 0.003 -16"><span class='ocrx_word' id='word_1_168' title='bbox 218 1836 506 1880; x_wconf 84' lang='lat' dir='ltr'><em>obnuntiantem,</em></span> <span class='ocrx_word' id='word_1_169' title='bbox 523 1840 635 1874; x_wconf 85' lang='lat' dir='ltr'><em>armis</em></span> <span class='ocrx_word' id='word_1_170' title='bbox 643 1837 735 1887; x_wconf 86' lang='lat' dir='ltr'><em>foro</em></span> <span class='ocrx_word' id='word_1_171' title='bbox 752 1838 916 1886; x_wconf 80' lang='lat' dir='ltr'><em>depulit:</em></span> <span class='ocrx_word' id='word_1_172' title='bbox 945 1849 1052 1885; x_wconf 81' lang='lat' dir='ltr'><em>seque</em></span> <span class='ocrx_word' id='word_1_173' title='bbox 1072 1837 1276 1873; x_wconf 81' lang='lat' dir='ltr'><em>domesticis</em></span> <span class='ocrx_word' id='word_1_174' title='bbox 1290 1838 1508 1885; x_wconf 82' lang='lat' dir='ltr'><em>parietibus,</em></span> <span class='ocrx_word' id='word_1_175' title='bbox 1528 1840 1616 1875; x_wconf 87' lang='lat' dir='ltr'><em>reli-</em></span> 
     </span>
     <span class='ocr_line' id='line_1_26' title="bbox 217 1890 1616 1938; baseline 0.003 -14"><span class='ocrx_word' id='word_1_176' title='bbox 217 1900 288 1936; x_wconf 85' lang='lat' dir='ltr'><em>quo</em></span> <span class='ocrx_word' id='word_1_177' title='bbox 317 1891 405 1926; x_wconf 88' lang='lat' dir='ltr'><em>anni</em></span> <span class='ocrx_word' id='word_1_178' title='bbox 433 1895 605 1938; x_wconf 83' lang='lat' dir='ltr'><em>tempore,</em></span> <span class='ocrx_word' id='word_1_179' title='bbox 639 1892 822 1926; x_wconf 86' lang='lat' dir='ltr'><em>continere</em></span> <span class='ocrx_word' id='word_1_180' title='bbox 853 1891 995 1937; x_wconf 77' lang='lat' dir='ltr'><em>coe&#39;git;</em></span> <span class='ocrx_word' id='word_1_181' title='bbox 1025 1894 1078 1932; x_wconf 87' lang='lat' dir='ltr'><em>ut,</em></span> <span class='ocrx_word' id='word_1_182' title='bbox 1108 1890 1180 1925; x_wconf 81' lang='lat' dir='ltr'><em>nisi</em></span> <span class='ocrx_word' id='word_1_183' title='bbox 1214 1900 1279 1935; x_wconf 85' lang='lat' dir='ltr'><em>per</em></span> <span class='ocrx_word' id='word_1_184' title='bbox 1307 1890 1439 1932; x_wconf 86' lang='lat' dir='ltr'><em>edicta,</em></span> <span class='ocrx_word' id='word_1_185' title='bbox 1465 1903 1616 1938; x_wconf 82' lang='lat' dir='ltr'><em>prorsus</em></span> 
     </span>
     <span class='ocr_line' id='line_1_27' title="bbox 218 1941 1613 1991; baseline 0.004 -15"><span class='ocrx_word' id='word_1_186' title='bbox 218 1941 313 1977; x_wconf 82' lang='lat' dir='ltr'><em>nihil</em></span> <span class='ocrx_word' id='word_1_187' title='bbox 331 1948 481 1990; x_wconf 82' lang='lat' dir='ltr'><em>ageret:</em></span> <span class='ocrx_word' id='word_1_188' title='bbox 513 1956 591 1991; x_wconf 76' lang='lat' dir='ltr'><em>quae</em></span> <span class='ocrx_word' id='word_1_189' title='bbox 611 1948 730 1979; x_wconf 83' lang='lat' dir='ltr'><em>tamen</em></span> <span class='ocrx_word' id='word_1_190' title='bbox 762 1944 823 1979; x_wconf 83' lang='lat' dir='ltr'><em>ille</em></span> <span class='ocrx_word' id='word_1_191' title='bbox 841 1943 1071 1978; x_wconf 82' lang='lat' dir='ltr'><em>acerbissima</em></span> <span class='ocrx_word' id='word_1_192' title='bbox 1100 1943 1137 1978; x_wconf 84' lang='lat' dir='ltr'><em>in</em></span> <span class='ocrx_word' id='word_1_193' title='bbox 1157 1941 1331 1988; x_wconf 79' lang='lat' dir='ltr'><em>collegam</em></span> <span class='ocrx_word' id='word_1_194' title='bbox 1358 1944 1584 1990; x_wconf 82' lang='lat' dir='ltr'><em>proponebat</em></span> <span class='ocrx_word' id='word_1_195' title='bbox 1600 1962 1613 1982; x_wconf 82' lang='lat'><em>.-</em></span> 
     </span>
     <span class='ocr_line' id='line_1_28' title="bbox 217 1992 1612 2045; baseline 0.004 -17"><span class='ocrx_word' id='word_1_196' title='bbox 217 1992 343 2041; x_wconf 84' lang='lat' dir='ltr'><em>hisque</em></span> <span class='ocrx_word' id='word_1_197' title='bbox 369 1997 518 2031; x_wconf 87' lang='lat' dir='ltr'><em>comitia</em></span> <span class='ocrx_word' id='word_1_198' title='bbox 538 1998 573 2032; x_wconf 87' lang='lat' dir='ltr'><em>in</em></span> <span class='ocrx_word' id='word_1_199' title='bbox 603 2008 756 2032; x_wconf 83' lang='lat' dir='ltr'><em>mensem</em></span> <span class='ocrx_word' id='word_1_200' title='bbox 777 1995 964 2031; x_wconf 88' lang='lat' dir='ltr'><em>Octobrem</em></span> <span class='ocrx_word' id='word_1_201' title='bbox 993 1995 1150 2030; x_wconf 79' lang='lat' dir='ltr'><em>distulit.</em></span> <span class='ocrx_word' id='word_1_202' title='bbox 1201 1993 1350 2042; x_wconf 84' lang='lat' dir='ltr'><em>perlata</em></span> <span class='ocrx_word' id='word_1_203' title='bbox 1379 1996 1493 2042; x_wconf 86' lang='lat' dir='ltr'><em>igitur</em></span> <span class='ocrx_word' id='word_1_204' title='bbox 1521 1996 1612 2045; x_wconf 81' lang='lat' dir='ltr'><em>lege,</em></span> 
     </span>
     <span class='ocr_line' id='line_1_29' title="bbox 214 2045 1612 2096; baseline 0.003 -15"><span class='ocrx_word' id='word_1_205' title='bbox 214 2045 299 2081; x_wconf 90' lang='lat' dir='ltr'><em>XX</em></span> <span class='ocrx_word' id='word_1_206' title='bbox 310 2047 430 2083; x_wconf 83' lang='lat' dir='ltr'><em>millia</em></span> <span class='ocrx_word' id='word_1_207' title='bbox 454 2048 638 2084; x_wconf 74' lang='lat' dir='ltr'><em>hominum</em></span> <span class='ocrx_word' id='word_1_208' title='bbox 658 2050 720 2096; x_wconf 83' lang='lat' dir='ltr'><em>qui</em></span> <span class='ocrx_word' id='word_1_209' title='bbox 749 2050 816 2084; x_wconf 87' lang='lat' dir='ltr'><em>tris</em></span> <span class='ocrx_word' id='word_1_210' title='bbox 832 2049 993 2096; x_wconf 77' lang='lat' dir='ltr'><em>plurisve</em></span> <span class='ocrx_word' id='word_1_211' title='bbox 1017 2047 1146 2083; x_wconf 79' lang='lat' dir='ltr'><em>liberos</em></span> <span class='ocrx_word' id='word_1_212' title='bbox 1172 2046 1357 2089; x_wconf 82' lang='lat' dir='ltr'><em>haberent,</em></span> <span class='ocrx_word' id='word_1_213' title='bbox 1376 2048 1412 2083; x_wconf 84' lang='lat' dir='ltr'><em>in</em></span> <span class='ocrx_word' id='word_1_214' title='bbox 1443 2060 1612 2096; x_wconf 83' lang='lat' dir='ltr'><em>campum</em></span> 
     </span>
     <span class='ocr_line' id='line_1_30' title="bbox 213 2097 1612 2150; baseline 0.003 -16"><span class='ocrx_word' id='word_1_215' title='bbox 213 2097 408 2136; x_wconf 82' lang='lat' dir='ltr'><em>Stellatem</em></span> <span class='ocrx_word' id='word_1_216' title='bbox 436 2100 631 2147; x_wconf 84' lang='lat' dir='ltr'><em>majoribus</em></span> <span class='ocrx_word' id='word_1_217' title='bbox 656 2106 912 2140; x_wconf 78' lang='lat' dir='ltr'><em>consecrat-um,</em></span> <span class='ocrx_word' id='word_1_218' title='bbox 934 2104 975 2136; x_wconf 87' lang='lat' dir='ltr'><em>ut</em></span> <span class='ocrx_word' id='word_1_219' title='bbox 995 2099 1233 2147; x_wconf 85' lang='lat' dir='ltr'><em>Tranquillus</em></span> <span class='ocrx_word' id='word_1_220' title='bbox 1256 2101 1324 2142; x_wconf 86' lang='lat' dir='ltr'><em>ait,</em></span> <span class='ocrx_word' id='word_1_221' title='bbox 1345 2101 1382 2135; x_wconf 86' lang='lat' dir='ltr'><em>in</em></span> <span class='ocrx_word' id='word_1_222' title='bbox 1410 2112 1612 2150; x_wconf 82' lang='lat' dir='ltr'><em>agrumque</em></span> 
     </span>
     <span class='ocr_line' id='line_1_31' title="bbox 216 2150 1611 2201; baseline 0.004 -16"><span class='ocrx_word' id='word_1_223' title='bbox 216 2150 453 2200; x_wconf 79' lang='lat' dir='ltr'><em>Campanum,</em></span> <span class='ocrx_word' id='word_1_224' title='bbox 475 2155 523 2190; x_wconf 86' lang='lat' dir='ltr'><em>ad</em></span> <span class='ocrx_word' id='word_1_225' title='bbox 539 2154 699 2189; x_wconf 86' lang='lat' dir='ltr'><em>subsidia</em></span> <span class='ocrx_word' id='word_1_226' title='bbox 716 2153 819 2201; x_wconf 87' lang='lat' dir='ltr'><em>Reip.</em></span> <span class='ocrx_word' id='word_1_227' title='bbox 838 2153 1051 2200; x_wconf 80' lang='lat' dir='ltr'><em>vectigalem</em></span> <span class='ocrx_word' id='word_1_228' title='bbox 1069 2152 1250 2194; x_wconf 87' lang='lat' dir='ltr'><em>relictum,</em></span> <span class='ocrx_word' id='word_1_229' title='bbox 1270 2153 1427 2188; x_wconf 74' lang='lat' dir='ltr'><em>induxit.</em></span> <span class='ocrx_word' id='word_1_230' title='bbox 1481 2154 1611 2191; x_wconf 85' lang='lat' dir='ltr'><em>Publi-</em></span> 
     </span>
     <span class='ocr_line' id='line_1_32' title="bbox 210 2205 1611 2254; baseline 0.004 -15"><span class='ocrx_word' id='word_1_231' title='bbox 210 2215 320 2240; x_wconf 87' lang='lat' dir='ltr'><em>canos</em></span> <span class='ocrx_word' id='word_1_232' title='bbox 335 2218 359 2240; x_wconf 88' lang='lat' dir='ltr'><em>a</em></span> <span class='ocrx_word' id='word_1_233' title='bbox 380 2206 516 2242; x_wconf 85' lang='lat' dir='ltr'><em>Catone</em></span> <span class='ocrx_word' id='word_1_234' title='bbox 533 2211 692 2248; x_wconf 75' lang='lat' dir='ltr'><em>vexatos,</em></span> <span class='ocrx_word' id='word_1_235' title='bbox 713 2207 956 2242; x_wconf 81' lang='lat' dir='ltr'><em>remissionem</em></span> <span class='ocrx_word' id='word_1_236' title='bbox 966 2209 1143 2253; x_wconf 81' lang='lat' dir='ltr'><em>petentes,</em></span> <span class='ocrx_word' id='word_1_237' title='bbox 1157 2205 1268 2240; x_wconf 86' lang='lat' dir='ltr'><em>tertia</em></span> <span class='ocrx_word' id='word_1_238' title='bbox 1286 2206 1490 2241; x_wconf 83' lang='lat' dir='ltr'><em>mercedum</em></span> <span class='ocrx_word' id='word_1_239' title='bbox 1500 2212 1611 2254; x_wconf 82' lang='lat' dir='ltr'><em>parte</em></span> 
     </span>
     <span class='ocr_line' id='line_1_33' title="bbox 209 2256 1606 2307; baseline 0.003 -16"><span class='ocrx_word' id='word_1_240' title='bbox 209 2257 397 2294; x_wconf 82' lang='lat' dir='ltr'><em>relevavit.</em></span> <span class='ocrx_word' id='word_1_241' title='bbox 455 2259 506 2295; x_wconf 89' lang='lat' dir='ltr'><em>Et</em></span> <span class='ocrx_word' id='word_1_242' title='bbox 524 2264 564 2294; x_wconf 89' lang='lat' dir='ltr'><em>ut</em></span> <span class='ocrx_word' id='word_1_243' title='bbox 592 2260 630 2294; x_wconf 87' lang='lat' dir='ltr'><em>in</em></span> <span class='ocrx_word' id='word_1_244' title='bbox 649 2259 824 2306; x_wconf 82' lang='lat' dir='ltr'><em>quosdam</em></span> <span class='ocrx_word' id='word_1_245' title='bbox 843 2259 992 2294; x_wconf 75' lang='lat' dir='ltr'><em>diversa&gt;</em></span> <span class='ocrx_word' id='word_1_246' title='bbox 1008 2256 1193 2306; x_wconf 84' lang='lat' dir='ltr'><em>factionis</em></span> <span class='ocrx_word' id='word_1_247' title='bbox 1213 2258 1304 2292; x_wconf 83' lang='lat' dir='ltr'><em>cives</em></span> <span class='ocrx_word' id='word_1_248' title='bbox 1331 2259 1456 2293; x_wconf 82' lang='lat' dir='ltr'><em>saevire</em></span> <span class='ocrx_word' id='word_1_249' title='bbox 1472 2264 1606 2307; x_wconf 80' lang='lat' dir='ltr'><em>posset,</em></span> 
     </span>
     <span class='ocr_line' id='line_1_34' title="bbox 215 2307 1609 2360; baseline 0.003 -16"><span class='ocrx_word' id='word_1_250' title='bbox 215 2307 375 2346; x_wconf 86' lang='lat' dir='ltr'><em>Vettium</em></span> <span class='ocrx_word' id='word_1_251' title='bbox 402 2313 582 2359; x_wconf 85' lang='lat' dir='ltr'><em>quendam</em></span> <span class='ocrx_word' id='word_1_252' title='bbox 608 2312 768 2359; x_wconf 69' lang='lat' dir='ltr'><em>praemiis</em></span> <span class='ocrx_word' id='word_1_253' title='bbox 797 2312 964 2352; x_wconf 72' lang='lat' dir='ltr'><em>adduxit,</em></span> <span class='ocrx_word' id='word_1_254' title='bbox 995 2312 1058 2357; x_wconf 84' lang='lat' dir='ltr'><em>qui</em></span> <span class='ocrx_word' id='word_1_255' title='bbox 1083 2321 1121 2345; x_wconf 86' lang='lat' dir='ltr'><em>se</em></span> <span class='ocrx_word' id='word_1_256' title='bbox 1148 2309 1193 2345; x_wconf 86' lang='lat' dir='ltr'><em>ab</em></span> <span class='ocrx_word' id='word_1_257' title='bbox 1221 2310 1310 2352; x_wconf 79' lang='lat' dir='ltr'><em>illis,</em></span> <span class='ocrx_word' id='word_1_258' title='bbox 1339 2310 1383 2344; x_wconf 85' lang='lat' dir='ltr'><em>de</em></span> <span class='ocrx_word' id='word_1_259' title='bbox 1417 2310 1609 2360; x_wconf 81' lang='lat' dir='ltr'><em>inferenda</em></span> 
     </span>
     <span class='ocr_line' id='line_1_35' title="bbox 213 2361 1606 2411; baseline 0.002 -14"><span class='ocrx_word' id='word_1_260' title='bbox 213 2361 276 2397; x_wconf 91' lang='lat' dir='ltr'><em>Cn.</em></span> <span class='ocrx_word' id='word_1_261' title='bbox 309 2363 485 2411; x_wconf 89' lang='lat' dir='ltr'><em>Pompeio</em></span> <span class='ocrx_word' id='word_1_262' title='bbox 521 2376 606 2400; x_wconf 90' lang='lat' dir='ltr'><em>nece</em></span> <span class='ocrx_word' id='word_1_263' title='bbox 634 2364 873 2400; x_wconf 82' lang='lat' dir='ltr'><em>sollicitatum</em></span> <span class='ocrx_word' id='word_1_264' title='bbox 911 2364 1073 2399; x_wconf 84' lang='lat' dir='ltr'><em>diceret:</em></span> <span class='ocrx_word' id='word_1_265' title='bbox 1114 2363 1279 2410; x_wconf 84' lang='lat' dir='ltr'><em>quamvis</em></span> <span class='ocrx_word' id='word_1_266' title='bbox 1313 2363 1422 2398; x_wconf 87' lang='lat' dir='ltr'><em>irrito</em></span> <span class='ocrx_word' id='word_1_267' title='bbox 1460 2368 1606 2407; x_wconf 87' lang='lat' dir='ltr'><em>conatu,</em></span> 
     </span>
     <span class='ocr_line' id='line_1_36' title="bbox 205 2414 1609 2465; baseline 0.002 -15"><span class='ocrx_word' id='word_1_268' title='bbox 205 2421 417 2462; x_wconf 80' lang='lat' dir='ltr'><em>propterea,</em></span> <span class='ocrx_word' id='word_1_269' title='bbox 448 2418 544 2465; x_wconf 86' lang='lat' dir='ltr'><em>quod</em></span> <span class='ocrx_word' id='word_1_270' title='bbox 574 2429 685 2452; x_wconf 88' lang='lat' dir='ltr'><em>unum</em></span> <span class='ocrx_word' id='word_1_271' title='bbox 714 2421 825 2464; x_wconf 84' lang='lat' dir='ltr'><em>atque</em></span> <span class='ocrx_word' id='word_1_272' title='bbox 853 2416 1010 2451; x_wconf 83' lang='lat' dir='ltr'><em>alterurn</em></span> <span class='ocrx_word' id='word_1_273' title='bbox 1028 2414 1194 2464; x_wconf 87' lang='lat' dir='ltr'><em>frustra,</em></span> <span class='ocrx_word' id='word_1_274' title='bbox 1211 2426 1276 2449; x_wconf 86' lang='lat' dir='ltr'><em>nec</em></span> <span class='ocrx_word' id='word_1_275' title='bbox 1300 2415 1379 2450; x_wconf 85' lang='lat' dir='ltr'><em>sine</em></span> <span class='ocrx_word' id='word_1_276' title='bbox 1405 2418 1609 2464; x_wconf 86' lang='lat' dir='ltr'><em>suspicione</em></span> 
     </span>
     <span class='ocr_line' id='line_1_37' title="bbox 196 2465 1608 2516; baseline 0.002 -14"><span class='ocrx_word' id='word_1_277' title='bbox 196 2465 366 2516; x_wconf 82' lang='lat' dir='ltr'><em>fraudis,</em></span> <span class='ocrx_word' id='word_1_278' title='bbox 397 2471 649 2506; x_wconf 84' lang='lat' dir='ltr'><em>nominaverit.</em></span> <span class='ocrx_word' id='word_1_279' title='bbox 707 2469 829 2510; x_wconf 85' lang='lat' dir='ltr'><em>Quare</em></span> <span class='ocrx_word' id='word_1_280' title='bbox 857 2473 933 2504; x_wconf 89' lang='lat' dir='ltr'><em>tam</em></span> <span class='ocrx_word' id='word_1_281' title='bbox 959 2468 1159 2516; x_wconf 68' lang='lat' dir='ltr'><em>praecipitis</em></span> <span class='ocrx_word' id='word_1_282' title='bbox 1186 2466 1330 2502; x_wconf 85' lang='lat' dir='ltr'><em>consilii</em></span> <span class='ocrx_word' id='word_1_283' title='bbox 1355 2473 1517 2505; x_wconf 85' lang='lat' dir='ltr'><em>eventum</em></span> <span class='ocrx_word' id='word_1_284' title='bbox 1547 2470 1608 2505; x_wconf 84' lang='lat' dir='ltr'><em>de-</em></span> 
     </span>
     <span class='ocr_line' id='line_1_38' title="bbox 203 2518 1608 2570; baseline 0.002 -16"><span class='ocrx_word' id='word_1_285' title='bbox 203 2531 367 2567; x_wconf 81' lang='lat' dir='ltr'><em>sperans,</em></span> <span class='ocrx_word' id='word_1_286' title='bbox 393 2523 623 2570; x_wconf 80' lang='lat' dir='ltr'><em>intercepisse</em></span> <span class='ocrx_word' id='word_1_287' title='bbox 641 2533 773 2557; x_wconf 87' lang='lat' dir='ltr'><em>veneno</em></span> <span class='ocrx_word' id='word_1_288' title='bbox 791 2521 945 2557; x_wconf 88' lang='lat' dir='ltr'><em>indicem</em></span> <span class='ocrx_word' id='word_1_289' title='bbox 964 2521 1121 2556; x_wconf 87' lang='lat' dir='ltr'><em>creditus</em></span> <span class='ocrx_word' id='word_1_290' title='bbox 1140 2523 1204 2555; x_wconf 85' lang='lat' dir='ltr'><em>est.</em></span> <span class='ocrx_word' id='word_1_291' title='bbox 1256 2518 1347 2555; x_wconf 82' lang='lat' dir='ltr'><em>Haec</em></span> <span class='ocrx_word' id='word_1_292' title='bbox 1364 2518 1452 2568; x_wconf 86' lang='lat' dir='ltr'><em>fere</em></span> <span class='ocrx_word' id='word_1_293' title='bbox 1480 2523 1517 2557; x_wconf 85' lang='lat' dir='ltr'><em>in</em></span> <span class='ocrx_word' id='word_1_294' title='bbox 1541 2521 1608 2557; x_wconf 77' lang='lat' dir='ltr'><em>hoc</em></span> 
     </span>
     <span class='ocr_line' id='line_1_39' title="bbox 204 2572 1606 2622; baseline 0.003 -16"><span class='ocrx_word' id='word_1_295' title='bbox 204 2575 360 2610; x_wconf 84' lang='lat' dir='ltr'><em>secundo</em></span> <span class='ocrx_word' id='word_1_296' title='bbox 399 2575 491 2611; x_wconf 86' lang='lat' dir='ltr'><em>libro</em></span> <span class='ocrx_word' id='word_1_297' title='bbox 533 2576 777 2617; x_wconf 86' lang='lat' dir='ltr'><em>continentur,</em></span> <span class='ocrx_word' id='word_1_298' title='bbox 813 2574 861 2609; x_wconf 86' lang='lat' dir='ltr'><em>ad</em></span> <span class='ocrx_word' id='word_1_299' title='bbox 896 2572 1024 2621; x_wconf 82' lang='lat' dir='ltr'><em>Remp.</em></span> <span class='ocrx_word' id='word_1_300' title='bbox 1060 2573 1277 2620; x_wconf 82' lang='lat' dir='ltr'><em>spectantia.</em></span> <span class='ocrx_word' id='word_1_301' title='bbox 1332 2572 1423 2609; x_wconf 79' lang='lat' dir='ltr'><em>Alia</em></span> <span class='ocrx_word' id='word_1_302' title='bbox 1453 2575 1606 2622; x_wconf 76' lang='lat' dir='ltr'><em>privata</em></span> 
     </span>
     <span class='ocr_line' id='line_1_40' title="bbox 206 2629 305 2662; baseline 0.02 -2"><span class='ocrx_word' id='word_1_303' title='bbox 206 2629 305 2662; x_wconf 83' lang='lat' dir='ltr'><em>sunt.</em></span> 
     </span>
    </p>
   </div>
   <div class='ocr_carea' id='block_1_10' title="bbox 594 2716 1636 2767">
    <p class='ocr_par' dir='ltr' id='par_1_10' title="bbox 594 2716 1636 2767">
     <span class='ocr_line' id='line_1_41' title="bbox 594 2716 1636 2767; baseline -0.003 -6"><span class='ocrx_word' id='word_1_304' title='bbox 594 2718 831 2761; x_wconf 84' lang='lat' dir='ltr'>CICERO</span> <span class='ocrx_word' id='word_1_305' title='bbox 862 2716 1155 2760; x_wconf 88' lang='lat' dir='ltr'>ATTICOS</span> <span class='ocrx_word' id='word_1_306' title='bbox 1623 2732 1636 2767; x_wconf 91' lang='lat' dir='ltr'><em>l</em></span> 
     </span>
    </p>
   </div>
   <div class='ocr_carea' id='block_1_11' title="bbox 157 2751 1604 2856">
    <p class='ocr_par' dir='ltr' id='par_1_11' title="bbox 157 2751 1604 2856">
     <span class='ocr_line' id='line_1_42' title="bbox 157 2751 1604 2856; baseline -0.001 -16"><span class='ocrx_word' id='word_1_307' title='bbox 157 2770 322 2842; x_wconf 83' lang='lat' dir='ltr'><em>KAL.</em></span> <span class='ocrx_word' id='word_1_308' title='bbox 342 2799 448 2842; x_wconf 86' lang='lat' dir='ltr'><em>Jun.</em></span> <span class='ocrx_word' id='word_1_309' title='bbox 467 2800 587 2842; x_wconf 88' lang='lat' dir='ltr'><em>eunti</em></span> <span class='ocrx_word' id='word_1_310' title='bbox 620 2800 728 2842; x_wconf 89' lang='lat' dir='ltr'><em>mihi</em></span> <span class='ocrx_word' id='word_1_311' title='bbox 756 2799 956 2851; x_wconf 88' lang='lat' dir='ltr'><em>Antium,</em></span> <span class='ocrx_word' id='word_1_312' title='bbox 978 2807 1022 2840; x_wconf 85' lang='lat' dir='ltr'><em>et</em></span> <span class='ocrx_word' id='word_1_313' title='bbox 1053 2751 1315 2856; x_wconf 77' lang='lat' dir='ltr'><em>gladiatores</em></span> <span class='ocrx_word' id='word_1_314' title='bbox 1342 2797 1409 2838; x_wconf 93' lang='grc' dir='ltr'><em>Μ.</em></span> <span class='ocrx_word' id='word_1_315' title='bbox 1435 2796 1604 2839; x_wconf 82' lang='lat' dir='ltr'><em>Metelli</em></span> 
     </span>
    </p>
   </div>
   <div class='ocr_carea' id='block_1_12' title="bbox 154 2854 1606 2957">
    <p class='ocr_par' dir='ltr' id='par_1_12' title="bbox 154 2854 1606 2957">
     <span class='ocr_line' id='line_1_43' title="bbox 154 2854 1606 2956; baseline -0.002 -56"><span class='ocrx_word' id='word_1_316' title='bbox 154 2856 311 2915; x_wconf 86' lang='lat' dir='ltr'><em>cupide</em></span> <span class='ocrx_word' id='word_1_317' title='bbox 331 2858 610 2914; x_wconf 76' lang='lat' dir='ltr'><em>relinquenti,</em></span> <span class='ocrx_word' id='word_1_318' title='bbox 633 2858 752 2900; x_wconf 85' lang='lat' dir='ltr'><em>venit</em></span> <span class='ocrx_word' id='word_1_319' title='bbox 775 2857 951 2956; x_wconf 54' lang='lat' dir='ltr'><em>obviallp</em></span> <span class='ocrx_word' id='word_1_320' title='bbox 975 2866 1074 2898; x_wconf 86' lang='lat' dir='ltr'><em>tuus</em></span> <span class='ocrx_word' id='word_1_321' title='bbox 1099 2871 1218 2914; x_wconf 88' lang='lat' dir='ltr'><em>puer.</em></span> <span class='ocrx_word' id='word_1_322' title='bbox 1251 2857 1285 2897; x_wconf 84' lang='lat' dir='ltr'><em>is</em></span> <span class='ocrx_word' id='word_1_323' title='bbox 1313 2854 1419 2897; x_wconf 83' lang='lat' dir='ltr'><em>mihi</em></span> <span class='ocrx_word' id='word_1_324' title='bbox 1443 2854 1606 2898; x_wconf 82' lang='lat' dir='ltr'><em>litteras</em></span> 
     </span>
     <span class='ocr_line' id='line_1_44' title="bbox 850 2921 983 2957; baseline 0.015 -2"><span class='ocrx_word' id='word_1_325' title='bbox 850 2929 881 2956; x_wconf 76' lang='lat' dir='ltr'><em>u</em></span> <span class='ocrx_word' id='word_1_326' title='bbox 955 2921 983 2957; x_wconf 82' lang='lat'>4</span> 
     </span>
    </p>
   </div>
  </div>
 </body>
</html>
