1940 3231
305 162 379 195 662
729 154 907 193 EPIST.
935 155 1013 193 AD
1039 156 1322 200 ATTICUM,

266 324 298 354 1»-
587 314 670 367 M.
708 314 991 367 TULLII
1033 312 1462 368 CICERONIS

504 434 1552 501 EPISTULARUM

1000 565 1054 590 AD

779 648 824 695 A
853 648 897 695 T
924 648 967 695 T
999 648 1022 694 Ι
1055 648 1095 694 C
1127 647 1175 694 U
1210 648 1281 701 Μ,

880 766 1066 812 LIBER
1099 766 1186 808 IX.

827 949 1233 988 ARGUMENTUM.

317 1021 553 1057 Continentur
571 1019 657 1053 item
676 1016 740 1052 hoc
766 1015 857 1051 libro
879 1015 975 1050 Cnoei
993 1013 1094 1063 fuga
1113 1014 1360 1056 Brundisium,
1380 1018 1489 1062 atque
1506 1017 1589 1052 inde
1607 1018 1644 1053 in
1663 1012 1747 1053 Ma-

367 1073 553 1108 cedoniam
570 1070 807 1110 transmissio,
823 1065 990 1116 quoefait
1008 1067 1129 1102 Idibus
1147 1066 1310 1107 Martiis,
1327 1068 1520 1113 praemissis
1533 1073 1640 1105 antea
1657 1069 1748 1105 Con-

365 1124 501 1160 salibus
527 1123 571 1159 L.
603 1122 768 1157 Cornelio
798 1119 954 1156 Lentulo
989 1123 1023 1155 et
1049 1119 1087 1154 C.
1109 1119 1262 1154 Claudio
1281 1119 1470 1159 Marcello,
1493 1132 1570 1155 cum
1589 1122 1749 1157 omnibus

363 1188 466 1225 paene
493 1174 778 1223 magistratibus,
809 1176 1004 1219 cunctoque
1032 1171 1192 1207 Senatu:
1231 1176 1335 1206 aestus
1363 1172 1477 1207 animi
1505 1174 1751 1221 aegritudoque

371 1229 564 1269 Ciceronis,
591 1228 757 1262 Atticum
781 1224 1008 1266 consulentis,
1041 1235 1119 1259 cum
1139 1224 1333 1270 Pompeius
1355 1224 1470 1259 Italia
1489 1226 1643 1268 cesserit,
1663 1226 1752 1273 quid

367 1281 435 1317 sibi
453 1278 671 1329 faciendum
688 1280 737 1313 sit
749 1294 760 1313 :
789 1278 1064 1323 redeuntemque
1090 1276 1262 1311 Caesarem
1281 1288 1304 1311 α
1322 1276 1533 1318 Brundisio,
1552 1289 1622 1324 quo
1640 1277 1752 1313 Pom-

365 1335 487 1381 peium
507 1331 640 1380 fuerat
663 1333 882 1378 persecutus,
911 1333 1142 1375 expectarem
1172 1328 1297 1363 debeat
1306 1342 1320 1367 ;
1363 1332 1398 1363 et
1429 1341 1499 1376 quo
1529 1330 1685 1366 maxi-me
1712 1331 1751 1365 in

368 1386 459 1426 loco,
485 1396 554 1431 qzco
582 1383 685 1418 vultu
709 1393 938 1427 sermoneque
965 1382 1147 1427 excipere:
1177 1380 1329 1427 denique
1346 1392 1550 1428 congressus
1577 1383 1653 1429 ipse
1671 1393 1752 1418 cum

370 1437 520 1476 Coesare,
540 1440 574 1471 et
592 1436 778 1481 utriusque
796 1435 977 1469 discessus.
1017 1432 1103 1473 Quae
1121 1433 1242 1467 omnia
1261 1433 1469 1468 acciderunt
1487 1434 1608 1470 (liebus
1623 1434 1751 1483 paullo

369 1490 451 1537 plus
468 1489 611 1536 viginti.
658 1487 753 1522 Nam
774 1487 994 1534 quotidiana?
1014 1487 1108 1520 inter
1126 1496 1183 1520 eos
1201 1489 1306 1520 erant
1325 1485 1466 1521 litterae.

287 1593 302 1628 1
764 1568 998 1611 CICERO
1020 1567 1248 1608 ATTICO
1271 1567 1315 1608 S.

323 1631 487 1694 ETSI,
509 1656 606 1683 cum
631 1648 674 1681 tu
697 1639 774 1680 has
795 1639 957 1679 litteras
980 1637 1155 1692 lege1·e5‚
1175 1638 1379 1692 putabam
1404 1636 1510 1688 fore,
1533 1646 1580 1678 ut
1601 1639 1753 1681 scirem

314 1701 422 1756 jam,
459 1699 562 1755 quid
598 1696 815 1738 Brundisii
852 1704 995 1736 actum
1043 1702 1178 1745 essct3
1226 1698 1344 1747 (nam
1385 1693 1576 1736 Canusio
1628 1699 1639 1725 ¹
1659 1711 1752 1738 VIII

323 1758 422 1799 Kal.
456 1756 672 1812 profectus
700 1762 792 1794 erat
827 1751 1012 1801 Cnaeus;
1042 1751 1137 1792 haec
1170 1761 1313 1792 autem
1347 1752 1587 1793 scribebam
1618 1753 1756 1808 pridie

323 1815 487 1864 Nonas,
512 1827 598 1854 xlv
622 1812 690 1852 die
713 1819 940 1866 postquam
964 1808 1033 1849 ille
1054 1807 1243 1849 Canusio
1262 1811 1496 1861 moverat3)
1519 1818 1661 1850 tamen
1681 1825 1756 1852 an-

323 1873 455 1927 gebar
477 1869 741 1925 singularum
769 1867 970 1907 horarum
1001 1865 1350 1921 exspectatione:
1384 1866 1668 1922 mirabarque,
1693 1867 1758 1908 ni-

324 1929 383 1969 hil
406 1927 579 1968 allatum
603 1940 693 1966 csse
719 1938 770 1965 ne
800 1923 981 1964 rumoris
1005 1923 1194 1978 quidem.
1216 1937 1316 1963 nam
1338 1932 1430 1963 erat
1451 1923 1606 1964 mirum
1629 1924 1755 1965 silen-

323 1987 446 2026 tium.
471 1985 541 2026 sed
566 1984 659 2024 haec
684 1982 863 2023 fortasse
880 1983 1062 2021 κενόσπεδω
1081 1990 1204 2021 sunt:
1227 1994 1324 2034 quae
1345 1989 1487 2020 tamen
1504 1979 1599 2035 jam
1618 1981 1755 2022 scian-

324 2053 407 2093 tur,
430 2056 601 2083 neccsse
624 2049 702 2080 est.
733 2037 835 2078 illud
866 2036 1110 2087 molestum,
1133 2051 1202 2077 me
1225 2036 1365 2077 adhuc
1388 2037 1647 2093 investigare
1669 2053 1755 2079 non

324 2115 463 2156 posse,
488 2099 559 2139 ubi
593 2098 641 2138 P.
671 2094 874 2137 Lentulus
897 2104 1040 2134 noster
1063 2094 1131 2145 sit,
1154 2094 1228 2134 ubi
1254 2093 1489 2135 Domitius.
1511 2109 1659 2149 quaero
1681 2111 1755 2136 au-

323 2170 426 2208 tem,
448 2171 533 2211 quo
557 2155 724 2196 facilius
747 2152 853 2193 scire
877 2165 1064 2206 possum,
1095 2151 1198 2205 quid
1226 2151 1362 2192 acturi
1382 2151 1491 2203 sint3
1524 2152 1680 2193 iturine
1702 2153 1755 2194 ad

325 2214 608 2270 Pompeium3
639 2221 697 2261 et,
731 2211 764 2250 si
801 2218 914 2259 sunt,
937 2210 1054 2263 ‘una
1086 2208 1311 2263 quandove
1345 2208 1446 2248 ituri
1479 2208 1578 2249 sint.
1607 2211 1756 2250 urbem

322 2272 496 2328 quidem
525 2271 617 2326 jam
650 2267 848 2309 refertam
882 2279 973 2306 esse
1006 2265 1281 2320 optimatium
1320 2265 1474 2317 audio3
1509 2265 1678 2307 Sosium
1714 2277 1758 2307 et

324 2330 511 2385 Lupum,
536 2341 642 2382 quos
666 2325 824 2366 Cnaeus
854 2332 998 2363 noster
1028 2332 1126 2363 ante
1151 2323 1330 2378 putabat
1354 2322 1632 2364 Brundisium
1655 2338 1757 2364 ven-

325 2398 442 2427 turos
473 2400 578 2434 esse,
609 2397 736 2437 quam
771 2396 828 2430 se,
855 2380 929 2436 jus
960 2379 1115 2420 dicere.
1149 2380 1250 2420 hinc
1283 2394 1381 2420 vero
1414 2378 1544 2435 vulgo
1577 2381 1756 2422 vadunt.

323 2445 453 2483 etiam
489 2441 568 2482 Μ’.
610 2438 809 2496 Lepidus,
832 2451 1018 2492 quocum
1052 2436 1164 2477 diem
1194 2447 1414 2478 conterere
1438 2437 1641 2488 solebam,
1663 2452 1756 2478 cras

323 2500 559 2555 cogitabat.
594 2512 670 2538 nos
705 2506 848 2536 autem
878 2495 921 2535 in
957 2493 1188 2535 Formiano
1212 2494 1498 2545 morabamur,
1520 2508 1606 2548 quo
1628 2494 1756 2536 citius

366 2644 377 2671 1
394 2635 769 2676 vm.K(1l.profcctuse.
788 2635 859 2674 Cn.]
872 2634 910 2664 L.
921 2634 1016 2671 VIII,
1061 2643 1119 2664 nas
1135 2633 1234 2664 Mart.
1250 2635 1295 2664 sie
1309 2643 1387 2671 ergo
1399 2633 1535 2664 correxi.

324 2687 374 2716 14.
394 2682 487 2718 dixit,
508 2681 700 2718 Pompeium
723 2677 887 2707 Feralibus
911 2677 1016 2716 profe-
1103 2679 1122 2706 2
1144 2686 1210 2716 qua
1233 2676 1398 2715 quandove
1422 2676 1503 2705 ituri
1528 2675 1607 2714 sint]
1645 2675 1755 2715 Vulgo

320 2724 412 2757 etum
434 2732 540 2754 mane.
587 2721 635 2750 Ea
659 2721 734 2760 quia
751 2719 783 2748 in
800 2723 907 2747 vetere
931 2728 1017 2748 anno
1060 2722 1146 2748 sunt.
1162 2718 1216 2748 sed
1230 2719 1295 2748 sint
1309 2717 1456 2748 latinitas
1471 2718 1630 2757 postulat,
1650 2723 1684 2749 et
1700 2718 1757 2750 ha-

320 2773 416 2799 erant
431 2775 480 2797 lx.
497 2764 571 2795 Kal.
590 2763 690 2793 Mart.
704 2766 741 2791 ut
757 2771 794 2790 ex
809 2760 924 2790 Ovidio
940 2770 1017 2789 con-
1061 2760 1141 2790 bent
1152 2759 1222 2790 edd.
1235 2760 1325 2790 Jens.
1337 2760 1409 2791 Asc.
1424 2759 1496 2789 ΑΜ.
1512 2760 1570 2790 &c.
1592 2760 1756 2791 Victorius

320 2816 400 2843 stat,
425 2809 470 2838 sit-
485 2805 693 2846 corrigendus
718 2811 884 2839 numm-uz,
900 2806 938 2831 ut
961 2802 1017 2831 do·
1062 2802 1186 2841 primus
1208 2806 1297 2839 sunt,
1312 2812 1350 2832 ex
1366 2802 1418 2833 ed.
1434 2802 1532 2832 Rom.
1549 2802 1712 2842 opinarer,
1728 2803 1755 2833 si

321 2860 372 2883 cet
397 2849 578 2881 Pontedera
601 2847 673 2877 loco
695 2855 794 2885 supra
815 2844 872 2874 cit.
895 2854 925 2883 p.
944 2846 1017 2877 319.
1062 2849 1188 2877 certum
1203 2848 1300 2883 esset,
1316 2854 1355 2875 ea
1369 2844 1475 2885 ipsum
1491 2854 1598 2877 usum.

322 2895 410 2925 Hinc
427 2901 523 2934 porro
537 2899 606 2922 xiv.
621 2890 688 2921 dies
702 2894 795 2919 erant
811 2887 850 2917 ad
865 2885 946 2927 prid.
961 2895 1019 2916 no·
1066 2897 1068 2900 ·
