1940 3231
711 134 927 174 LIBER
975 124 1037 172 iv.
1512 138 1588 179 537

151 240 256 283 fecit
278 237 380 285 non>
398 242 614 299 improbe;
645 254 907 296 quamquam
933 238 1015 279 fuit
1039 239 1143 294 ipse.
1175 252 1305 293 quare
1328 239 1371 279 in
1393 238 1477 280 hoc
1499 239 1590 280 thc-

147 314 240 341 cam
280 301 517 342 numariam
554 313 638 340 non
677 297 897 338 retexeris.
931 297 974 337 in
1009 296 1102 337 aliis
1139 297 1220 337 eris
1243 296 1425 336 cautior.
1487 295 1593 336 Mea

151 358 355 399 mandata
374 359 427 400 de
449 357 578 398 domo
596 355 792 396 curabis:
838 353 1038 409 praesidia
1061 353 1247 395 locabis:
1283 353 1496 393 Milonem
1519 354 1593 393 ad-

152 416 364 457 monebis.
422 413 700 470 Arpinatium
723 412 919 453 fremitus
941 421 1006 452 est
1035 410 1298 452 incredibilis
1331 410 1384 451 de
1409 409 1594 450 Laterio.

152 471 256 525 quid
286 471 470 527 quaeris?
517 470 716 526 equidem
746 468 879 523 dolui.
922 470 987 508 ὅδὲ
1006 471 1049 507 ἐκ
1080 469 1249 520 ἐμπάζετο
1273 470 1399 519 μόθων.
1464 466 1596 512 Quod

153 538 360 584 superest,
382 528 513 569 etiam
556 541 735 584 puerum
769 526 1024 568 Ciceronem
1060 524 1231 565 curabis
1263 532 1305 563 et
1336 523 1516 574 amabis,
1549 531 1598 564 ut

155 584 277 626 facis.
395 594 397 597 “

584 640 822 683 CICERO
851 638 1082 680 ATTICO
1116 637 1160 678 S.
1612 640 1638 675 8

154 696 388 750 MULTA
422 724 491 750 me
524 709 568 750 in
599 709 783 765 epistola
810 718 885 749 tua
912 706 1195 755 delectarunt,
1219 705 1289 747 sed
1312 705 1422 747 nihil
1445 705 1601 762 magis,

153 779 282 821 quam
316 766 466 822 patina
497 767 769 823 tyrotarichi.
800 780 899 806 nam
932 765 984 805 de
1015 763 1272 804 raudusculo
1294 764 1410 819 quod
1435 764 1602 812 scribis,

149 826 251 876 μήπω
264 826 370 876 μέγαν
385 826 488 879 εἴπῃς,
508 829 582 879 πςὶν
597 825 824 869 τελευτήσαντ’
842 825 927 878 ἴδῃς.
953 821 1156 863 aedlficatl
1182 821 1259 862 tibi
1285 822 1327 862 in
1359 821 1474 877 agris
1496 820 1605 861 nihil

154 879 337 935 reperio.
360 884 399 914 73
416 881 457 921 in
481 880 644 936 oppido
667 891 731 922 est
753 880 974 935 quiddam,
998 879 1050 920 de
1073 893 1159 933 quo
1183 889 1248 919 est
1272 879 1470 930 dubium,
1494 879 1606 919 sitne

155 936 320 988 venale,
364 952 414 978 ac
458 938 706 994 proximum
745 937 920 993 quidem
963 937 1121 977 nostris
1153 937 1333 978 aedibus.
1366 936 1449 977 hoc
1481 935 1607 987 scito,

155 997 198 1028 74
211 993 394 1036 Antium
420 1010 511 1036 esse
543 995 714 1046 Romae,
748 1004 797 1036 ut
820 993 1026 1049 Corcyrae
1050 993 1315 1034 Buthrotum
1340 993 1442 1034 illud
1469 1002 1607 1034 tuum.

157 1051 266 1093 nihil
289 1052 493 1108 quietius,
515 1052 622 1093 nihil
644 1052 787 1103 alsius,
803 1051 910 1092 nihil
933 1051 1165 1092 amoenius.
1188 1053 1230 1094 εἴη
1243 1057 1379 1103 pao-mk
1398 1054 1493 1099 φίλος
1515 1050 1610 1094 οἶκος.

159 1120 312 1165 postea
336 1124 437 1151 vero
460 1125 585 1166 quam
610 1109 831 1165 Tyrannio
855 1108 961 1149 mihi
986 1109 1117 1149 libros
1142 1107 1370 1163 disposuit,
1394 1120 1513 1146 mens
1536 1106 1611 1147 ad-

162 1168 255 1207 dita
276 1168 446 1208 videtur
479 1167 584 1208 meis
613 1167 801 1208 aedibus:
835 1181 920 1221 qua
941 1165 1115 1221 quidem
1140 1165 1181 1205 in
1209 1179 1250 1204 re
1275 1163 1456 1205 mirifica
1480 1176 1610 1218 opera
1623 1172 1658 1204 b.

164 1223 385 1280 Dionysii,
407 1234 451 1266 et
471 1223 718 1280 Menophili
740 1226 802 1266 tui
826 1223 924 1264 fuit.
948 1223 1056 1263 nihil
1078 1222 1313 1272 venustius,
1336 1235 1465 1278 quam
1487 1223 1528 1253 75
1543 1220 1614 1261 illa

163 1291 239 1322 tua
261 1291 478 1338 pegmata,
503 1290 732 1338 postquam
755 1281 814 1322 mi
839 1281 1011 1336 sittybis
1036 1279 1168 1321 libros
1191 1279 1474 1320 illustrarunt.
1493 1277 1615 1319 valde

165 1349 245 1380 est.
308 1339 479 1381 Scribas
502 1339 556 1380 ad
579 1354 648 1380 me
674 1339 801 1380 velim
824 1338 876 1379 de
899 1337 1228 1394 gladiatoribus,
1251 1337 1322 1378 sed
1348 1337 1423 1386 ita,
1448 1336 1558 1376 bene
1581 1336 1614 1376 si

164 1410 254 1437 rem
279 1405 460 1453 gerunt:
493 1412 580 1437 non
608 1411 772 1452 quaero,
814 1395 925 1437 male
956 1396 991 1436 si
1026 1409 1069 1436 se
1098 1409 1283 1451 gessere.
1342 1394 1518 1450 Apenas
1541 1394 1617 1433 vix

167 1453 435 1505 discesserat,
457 1469 556 1496 cum
578 1454 783 1510 epistola:
815 1453 856 1487 76
869 1453 974 1509 quid
1006 1452 1096 1494 ais?
1129 1462 1311 1509 putasne
1343 1451 1450 1501 fore,
1483 1461 1530 1490 ut
1561 1451 1620 1491 le-

168 1525 266 1567 gem
299 1526 386 1552 non
417 1510 554 1553 ferat?
586 1512 671 1563 dic,
705 1526 782 1552 oro
815 1519 871 1561 te,
904 1509 1085 1552 clarius:
1119 1510 1193 1551 vix
1218 1510 1334 1550 enim
1357 1509 1465 1550 mihi
1487 1521 1621 1549 exau-

166 1569 280 1609 disse
311 1568 474 1610 videor.
508 1583 657 1610 verum
689 1568 836 1610 statim
868 1567 938 1609 fac
968 1576 1018 1608 ut
1049 1567 1198 1615 sciam,
1222 1568 1255 1608 si
1289 1567 1419 1608 modo
1442 1566 1523 1606 tibi
1556 1574 1619 1607 est

167 1626 463 1668 commodum.
527 1626 660 1667 Ludis
691 1626 883 1682 quidem,
915 1624 1122 1681 quoniam
1154 1625 1245 1665 dies
1273 1634 1339 1665 est
1360 1624 1548 1675 additus,
1570 1638 1622 1665 eo

165 1683 299 1724 etiam
319 1683 471 1725 melius
493 1683 565 1725 hic
587 1698 687 1724 eum
710 1684 824 1725 diem
849 1697 950 1724 eum
975 1682 1192 1737 Dionysio
1215 1691 1503 1723 conteremus.
1555 1681 1623 1722 De

170 1739 390 1783 Trebonio
413 1756 587 1798 prorsus
612 1741 691 1782 tibi
715 1741 941 1782 assentior.
993 1743 1032 1773 77
1048 1738 1117 1781 De
1140 1739 1355 1791 Domitio,

379 1814 476 1864 Σῦκῳ
492 1814 546 1864 μοὶ
565 1815 799 1866 τὲν.Δῆμητςοι
817 1813 912 1852 σῦκον
928 1811 983 1850 ἑὲἓ
998 1810 1029 1850 ἓν

385 1866 487 1905 oilw
508 1868 611 1916 ὅμοιον
630 1866 768 1913 γὲγονεν,

172 1951 301 1992 quam
333 1946 399 1978 est
440 1937 523 1978 ista
552 1940 722 1990 mels-am
753 1943 939 1977 nostrae:
969 1937 1010 1968 78
1026 1934 1091 1976 vel
1123 1935 1240 1990 quod
1272 1936 1326 1976 ab
1360 1934 1529 1986 iisdem,
1561 1933 1627 1975 vel

174 1995 290 2049 quod
316 2005 471 2050 praeter
493 1995 761 2050 opinionem,
787 1993 854 2034 vel
876 1992 993 2048 quod
1014 1992 1092 2033 viri
1119 1993 1222 2033 boni
1244 2007 1470 2048 nusquam.
1494 2006 1628 2033 unum

176 2051 399 2101 dissimile,
432 2052 549 2106 quod
576 2051 678 2092 huic
708 2051 879 2092 merito.
902 2064 1001 2090 nam
1023 2050 1077 2090 de
1098 2050 1194 2106 ipso
1214 2065 1314 2092 casu
1337 2050 1499 2098 nescio,
1520 2052 1561 2083 79
1574 2064 1629 2090 an

175 2108 282 2150 illud
311 2109 479 2150 melius.
512 2108 617 2164 quid
640 2108 756 2150 enim
780 2108 865 2150 hoc
888 2107 1100 2159 miserius,
1123 2122 1250 2163 quam
1276 2123 1390 2158 eum,
1412 2108 1550 2163 qui'80
1565 2116 1631 2148 tot

217 2226 258 2257 73
291 2224 328 2254 in
352 2222 479 2263 oppido]
517 2222 657 2253 Antium
680 2221 836 2262 intelligi,
863 2232 881 2252 e
926 2222 1006 2252 meis
1022 2221 1140 2251 titulos
1159 2221 1324 2258 addidere,
1349 2221 1467 2260 plutei,
1493 2220 1532 2251 ml
1560 2230 1632 2251 mo-

176 2267 389 2305 sequentibus
406 2270 511 2306 patet.
925 2265 1004 2293 dnm
1020 2265 1139 2294 structi
1156 2270 1305 2299 tuorum,
1323 2263 1500 2294 admodum
1526 2263 1631 2304 pulcri

220 2311 263 2343 74
284 2309 424 2339 Antium
439 2307 646 2339 Buthrotum
659 2306 878 2345 esse—tuum]
925 2307 1004 2337 facti
1021 2312 1111 2336 sunt.
1130 2306 1292 2346 reliquum
1310 2316 1377 2336 non
1393 2306 1557 2345 intelligo.

178 2351 304 2382 Omnes
330 2351 566 2392 explicationes
589 2350 686 2388 hujus
710 2349 774 2380 loci
803 2355 883 2379 sunt
967 2349 1009 2382 76
1031 2350 1111 2388 quid
1124 2350 1200 2379 ais!
1221 2347 1444 2388 pulasnefore
1464 2349 1536 2388 &e.]
1570 2348 1632 2379 Hi-

177 2399 355 2425 contortae.
395 2393 480 2423 Puto
496 2392 703 2423 Buthrotum
717 2401 786 2422 esse
801 2392 880 2422 alie·
924 2391 1074 2428 storiam,
1091 2402 1189 2430 quam
1205 2391 1258 2421 hic
1272 2391 1362 2421 locus
1377 2391 1522 2431 respicit,
1540 2391 1634 2431 iguo-

182 2446 225 2467 no
248 2436 336 2473 loco,
359 2440 395 2466 et
417 2435 516 2465 verba
530 2436 576 2465 sic
592 2445 660 2466 esse
676 2434 858 2464 ordinanda
871 2445 881 2464 ι
927 2443 1058 2464 ramus:
1084 2443 1144 2464 nee
1159 2433 1321 2474 explieare
1337 2442 1522 2474 possumus.

178 2478 319 2509 Antium
342 2488 407 2508 esse
422 2477 548 2515 Romoe,
571 2482 609 2508 ut
638 2478 785 2516 Coreyroe
810 2476 883 2507 Bu·
971 2479 1010 2509 77
1050 2475 1105 2506 De
1142 2476 1304 2515 Domitio]
1356 2476 1393 2507 L.
1422 2476 1627 2512 AEno'oarbo,

179 2522 330 2552 thracam
353 2521 441 2551 illud
462 2524 569 2550 tuum.
594 2530 654 2551 nec
676 2519 823 2550 dubitavi
839 2519 886 2548 sic
930 2518 1133 2549 Consulatus
1156 2518 1344 2556 candidato,
1370 2523 1408 2551 ut
1428 2529 1446 2548 e
1470 2529 1558 2558 seqq.
1576 2529 1632 2558 pa-

183 2563 291 2594 edere.
337 2563 390 2594 Ita
405 2571 517 2593 sensus
534 2562 657 2593 facilis:
683 2562 730 2592 ita
744 2561 883 2591 Antium
927 2565 993 2590 tet.

184 2609 398 2646 comparatur
421 2605 550 2641 Romae,
578 2610 617 2635 ut
642 2606 682 2636 Β.
714 2604 801 2643 quod
824 2604 885 2634 tibi
972 2606 1012 2636 78
1035 2605 1087 2633 vel
1099 2605 1185 2642 quod
1197 2604 1238 2634 ab
1253 2602 1380 2643 iisdem]
1402 2603 1439 2634 Ei
1457 2602 1634 2639 invidetur,

185 2652 255 2678 tam
266 2648 455 2688 jucundum
470 2651 532 2684 est,
549 2647 713 2688 Corcyrae.
932 2646 982 2676 vel
999 2646 1191 2685 impeditur.

227 2693 268 2724 75
291 2691 351 2720 illa
376 2695 436 2720 tua
463 2694 639 2729 pegmata,
669 2692 888 2729 postqicam—
918 2701 922 2703 >
974 2692 1015 2722 79
1038 2698 1083 2718 (m
1097 2690 1183 2718 illm]
1199 2687 1327 2728 melius]
1345 2687 1443 2728 Quod
1455 2687 1535 2717 mihi
1550 2688 1636 2717 acei-

187 2733 284 2762 valde
305 2732 366 2771 est]
394 2733 475 2763 Haec
489 2733 557 2762 fere
580 2737 660 2762 sunt
679 2742 696 2762 e
711 2731 888 2762 correctio·
932 2730 981 2761 dit
995 2741 1052 2771 per
1067 2731 1223 2761 invidiam
1249 2731 1402 2767 aliorum,
1426 2731 1488 2760 etsi
1512 2730 1545 2760 in
1572 2729 1636 2760 alio

189 2774 285 2805 nibus
321 2775 468 2805 virorum
505 2774 694 2805 doctorum.
725 2777 890 2813 pegmata
935 2783 1054 2812 genere
1071 2783 1117 2805 sc.
1560 2786 1562 2788 ·

189 2816 273 2846 bene
295 2826 354 2856 pro
364 2819 533 2856 po'e‘mata.
559 2817 686 2856 reliqua
701 2816 782 2847 mihi
797 2816 892 2854 sitty-
978 2819 1019 2847 80
1042 2820 1087 2846 tot
1113 2825 1227 2851 annos,
1254 2819 1329 2854 quot
1357 2813 1465 2853 habet]
1491 2814 1553 2845 Per
1567 2824 1639 2844 om—

195 2858 242 2887 bis
277 2860 299 2889 l.
325 2859 348 2889 i.
371 2869 389 2889 e
412 2859 647 2899 superioribus,
669 2869 722 2899 ep.
746 2861 776 2889 5.
810 2865 895 2889 extr.
943 2867 1018 2888 nem
1046 2859 1159 2888 vitam.
1186 2858 1304 2887 facete.
1339 2856 1463 2886 nobiles
1492 2855 1641 2886 homines

193 2900 250 2930 ubi
275 2911 305 2931 v.
350 2901 470 2932 Sensus
498 2905 569 2936 esu
603 2906 777 2942 postquam
807 2900 900 2932 libris
944 2910 1002 2941 pei·
1024 2901 1127 2941 ipsam
1154 2900 1363 2931 nobilitatem
1379 2898 1647 2930 videbantur-de-
