1940 3231
318 135 394 169 :203
741 128 915 166 EPIST.
943 128 1023 165 AD
1050 127 1338 171 ATTICUM,

317 247 410 275 tum
433 233 600 285 videre3
631 233 720 287 qui,
751 233 829 274 etsi
854 232 1093 273 incredibili
1117 241 1159 273 et
1182 230 1386 287 singulari
1410 230 1654 271 calamitate
1674 229 1749 271 ad-

315 292 460 333 flictus
483 305 590 341 sum,
615 298 755 330 tamen
777 305 860 330 non
885 300 969 330 tam
993 300 1057 329 est
1078 303 1132 330 ex
1157 290 1341 340 miseria,
1373 302 1501 342 qnam
1526 302 1580 327 ex
1607 286 1746 342 culpae

315 359 473 390 nostrae
507 347 817 397 recordatione,
841 357 1097 388 commotus.
1126 347 1248 400 cujus
1281 347 1396 388 enim
1427 344 1594 387 scelere
1617 344 1748 384 ¹2im-

313 406 424 461 pulsi
456 420 506 447 ac
539 404 698 460 proditi
730 404 876 452 simus,
900 403 993 457 jam
1027 403 1223 458 profecto
1254 403 1398 444 vides:
1429 412 1559 456 atque
1583 401 1746 441 utinam

304 464 398 518 jam
424 472 522 503 ante
546 461 744 502 vidisses!
779 474 915 515 neque
940 469 1078 501 totum
1101 461 1288 502 animum
1312 471 1433 501 tuum
1458 458 1628 502 maerori
1660 471 1748 498 me-

311 534 410 561 cum
433 518 559 560 simul
580 518 782 558 dedisses.
805 531 949 572 quare,
971 531 1068 558 cum
1093 532 1161 558 me
1189 518 1409 559 adflictum
1431 526 1474 557 et
1499 514 1747 557 confectum

311 576 428 618 luctu
462 575 623 625 audies,
655 574 920 624 existimato,
952 588 1020 614 me
1052 574 1247 615 stultitiae
1281 589 1385 615 meae
1425 587 1600 629 poenam
1641 571 1750 611 ferre

310 635 499 690 gravius,
522 645 652 688 quam
674 632 843 682 eventi3
875 629 991 686 quod
1015 632 1052 672 ei
1073 631 1342 682 crediderim,
1372 645 1498 686 quem
1519 643 1610 670 esse
1634 627 1750 669 nefa-

309 691 419 732 rium
452 704 537 730 non
570 689 771 744 putarim.
834 688 911 728 Me
943 698 986 728 et
1017 703 1207 729 meorum
1231 689 1439 729 malorum
1463 685 1682 736 memoria,
1705 693 1749 725 et

307 757 446 788 metus
478 747 530 788 de
552 745 681 786 fratre
704 746 746 786 in
770 745 996 786 scribendo
1020 746 1215 801 impedit.
1242 757 1283 786 tu
1310 746 1389 786 ista
1414 745 1560 785 omnia
1582 743 1679 784 vide
1701 750 1746 782 et

307 806 514 861 guberna.
573 802 774 843 Terentia
797 802 873 842 tibi
900 802 1108 843 maximas
1140 803 1298 857 gratias
1321 802 1427 857 agit.
1482 801 1741 842 Litterarum

307 861 569 916 exemplum,
591 874 695 915 quas
719 859 768 899 ad
793 858 1049 914 Pompeium
1072 860 1239 914 scripsi,
1262 859 1358 900 misi
1381 857 1476 898 tibi.
1524 857 1631 905 Dat.
1657 870 1740 898 1111

311 919 409 960 Kal.
432 918 537 960 Jun.
560 916 895 958 Thessalonicen.

269 988 296 1029 9
751 982 987 1026 CICERO
1017 982 1245 1025 ATTICO
1277 981 1320 1024 S.

312 1042 600 1103 QUINTUS
620 1051 750 1092 frater
771 1065 870 1092 cum
892 1066 947 1092 ex
969 1050 1074 1092 Asia
1101 1051 1365 1093 discessisset
1388 1058 1489 1091 ante
1511 1047 1608 1090 Kal.
1632 1047 1744 1090 Mai.

309 1121 351 1151 et
389 1110 582 1151 Athenas
616 1109 802 1150 venisset
845 1109 958 1150 Idib.
989 1108 1111 1149 valde
1138 1109 1221 1148 fuit
1253 1109 1291 1148 ei
1327 1105 1656 1164 properandum,
1685 1120 1739 1146 ne

308 1167 412 1223 quid
446 1167 597 1208 absens
620 1167 835 1222 acciperet
856 1165 1128 1217 calamitatis,
1151 1165 1184 1205 si
1215 1166 1310 1220 quis
1341 1164 1452 1205 forte
1481 1163 1646 1213 fuisset,
1667 1163 1743 1218 qui

309 1233 538 1266 contentus
560 1223 716 1264 nostris
739 1223 859 1264 malis
882 1238 967 1264 non
993 1232 1117 1264 esset.
1141 1223 1285 1278 itaque
1313 1236 1411 1262 eum
1434 1219 1566 1261 malui
1588 1233 1743 1276 prope-

197 1299 229 1328 p.
247 1290 297 1319 43.
311 1296 401 1323 rare
426 1281 625 1332 Romam,
656 1295 786 1336 quam
818 1280 870 1321 ad
905 1295 973 1320 me
1000 1280 1164 1321 venire:
1196 1290 1239 1320 et
1271 1279 1394 1320 simul
1428 1278 1587 1331 (dicam
1610 1277 1742 1327 enim,

267 1339 423 1394 a·quod
459 1353 609 1379 verum
638 1346 728 1388 est3
759 1352 813 1378 ex
847 1351 932 1392 quo
957 1336 1297 1392 magnitudinem
1332 1336 1598 1377 miseriarum
1629 1348 1743 1374 mea-

307 1411 402 1437 rum
427 1397 665 1451 perspicere
698 1395 854 1450 possis)
877 1395 1068 1434 animum
1102 1394 1303 1436 inducere
1327 1408 1413 1434 non
1437 1392 1574 1448 potui,
1598 1400 1645 1432 ut
1667 1398 1744 1431 aut

302 1454 439 1503 illum,
463 1452 803 1493 amantissimum
827 1452 928 1501 mei,
955 1451 1208 1492 mollissimo
1233 1451 1393 1501 animo,
1426 1459 1548 1490 tanto
1569 1448 1612 1489 in
1635 1463 1740 1489 mae-

304 1525 399 1551 rore
420 1511 677 1565 aspicerem3
709 1518 783 1549 aut
815 1522 931 1549 meas
962 1508 1167 1559 miserias,
1200 1508 1318 1549 luctu
1343 1507 1555 1557 adfiictas,
1576 1513 1618 1546 et
1642 1519 1738 1561 per-

304 1569 438 1608 ditam
460 1569 691 1617 fortunam,
715 1565 773 1606 illi
796 1565 1010 1617 offerrem,
1036 1566 1185 1606 aut'ab
1210 1565 1282 1606 illo
1307 1565 1442 1621 aspici
1465 1573 1646 1620 paterer.
1672 1571 1739 1603 at-

302 1639 385 1680 que
405 1625 536 1665 etiam
558 1623 660 1664 illud
684 1623 906 1674 timebam,
927 1623 1044 1678 quod
1072 1622 1267 1679 profecto
1289 1622 1530 1672 accidisset,
1551 1634 1604 1660 ne
1625 1634 1651 1660 a
1667 1633 1738 1660 me

301 1681 468 1738 digredi
491 1696 576 1722 non
611 1688 769 1736 posset.
793 1681 1042 1721 versabatur
1063 1680 1169 1721 mihi
1194 1689 1362 1736 tempus
1386 1677 1489 1719 illud
1512 1688 1612 1719 ante
1633 1690 1738 1718 ocu·

300 1738 378 1789 los,
413 1753 510 1779 cum
545 1737 614 1778 ille
646 1746 719 1778 aut
752 1736 922 1778 lictores
952 1737 1204 1788 dimitteret,
1235 1746 1310 1778 aut
1342 1735 1384 1777 vi
1409 1735 1661 1776 avelleretur
1681 1747 1736 1774 ex

300 1795 531 1851 complexu
565 1809 676 1835 meo.
701 1793 829 1849 hujus
852 1794 1097 1835 acerbitatis
1119 1803 1322 1835 eventum
1348 1793 1482 1834 altera
1501 1791 1738 1833 acerbitate

299 1868 386 1894 non
411 1852 581 1893 videndi
617 1851 757 1892 fratris
791 1851 940 1908 vitavi,
972 1851 1017 1892 in
1052 1851 1165 1892 hunc
1194 1866 1260 1892 me
1282 1865 1428 1892 casum
1449 1864 1540 1900 vos,
1564 1847 1734 1889 vivendi

299 1919 510 1960 auctores,
545 1908 790 1964 impulistis.
821 1908 967 1963 itaque
995 1908 1078 1949 mei
1108 1909 1273 1964 peccati
1300 1908 1371 1949 luo
1395 1921 1562 1963 poenas.
1584 1919 1736 1960 quam-

298 1982 427 2022 quam
462 1981 530 2007 me
565 1977 650 2007 tuae
681 1965 835 2006 litterae
864 1974 1129 2007 sustentant:
1161 1979 1214 2006 ex
1238 1966 1410 2021 quibuS,
1443 1972 1652 2019 quantum
1687 1970 1733 2002 tu

298 2023 389 2080 ipse
411 2038 568 2080 spereS,
593 2022 718 2064 facile
741 2022 969 2079 perspicio.
992 2037 1089 2080 quae
1113 2022 1286 2078 quidem
1311 2032 1452 2063 tamen
1476 2019 1636 2075 aliquid
1658 2018 1735 2059 ha-

248 2080 458 2122 b.bebant
491 2080 631 2121 solatii
670 2090 783 2130 ante,
821 2094 949 2134 quam
992 2093 1043 2120 eo
1081 2079 1249 2130 venisti,
1293 2082 1367 2120 1311
1394 2077 1592 2132 Pompeio
1625 2090 1732 2117 nunc

296 2137 565 2180 Iiortensium
593 2136 722 2188 allice,
750 2143 787 2178 et
819 2135 1014 2193 ejusmodi
1040 2136 1163 2178 viros.
1189 2137 1384 2186 obsecro,
1408 2135 1463 2176 mi
1500 2133 1733 2189 Pomponi,

293 2196 487 2237 nondum
510 2195 731 2251 perspicis,
753 2209 934 2249 quorum
960 2207 1104 2250 opera,
1127 2208 1310 2249 quorum
1345 2192 1525 2242 insidiis,
1547 2204 1731 2246 quorum

294 2252 451 2294 scelere
484 2252 762 2307 perierimus?
793 2251 866 2292 sed
890 2260 1031 2292 tecum
1062 2250 1156 2292 haec
1179 2265 1323 2292 coram
1346 2263 1538 2306 agemus.
1561 2256 1730 2289 tantum

292 2310 407 2360 dico,
429 2310 542 2365 quod
567 2309 674 2350 scire
697 2317 739 2349 te
771 2318 892 2364 puto,
925 2323 1000 2349 nos
1024 2322 1109 2349 non
1133 2308 1313 2357 inimici,
1335 2307 1407 2348 sed
1430 2305 1564 2347 invidi
1588 2304 1728 2360 perdi-

292 2368 461 2408 derunt.
485 2382 613 2416 nunc,
647 2366 682 2407 si
715 2366 776 2406 ita
809 2374 922 2416 sunt,
943 2380 1040 2421 quae
1063 2379 1221 2421 speras,
1244 2363 1550 2405 sustinebimus
1572 2376 1664 2412 nOS,
1686 2370 1732 2402 et.

293 2439 383 2481 spe,
413 2439 497 2479 qua
523 2423 667 2479 jubes,
702 2423 903 2464 nitemur.
941 2423 1070 2474 usin,
1104 2431 1152 2463 ut
1183 2421 1287 2463 mihi
1322 2421 1533 2470 videntur,
1559 2418 1730 2461 infirma

339 2539 376 2569 12
396 2537 529 2577 impulsi
542 2536 663 2585 ffipr]
689 2537 822 2577 impulsi
836 2536 876 2567 ad
890 2545 989 2576 agen-
1032 2537 1110 2573 sive,
1125 2535 1199 2575 quia
1214 2535 1269 2566 ille
1280 2541 1315 2565 te
1329 2534 1483 2572 deseruit,
1498 2542 1525 2565 s.
1540 2537 1578 2564 ut
1594 2531 1649 2563 ille
1664 2532 1731 2574 pri-

291 2580 370 2611 dum
394 2579 483 2618 quod
504 2580 654 2617 egerant,
671 2584 705 2609 et
726 2578 842 2609 deinde
857 2578 988 2609 deserti.
1033 2589 1106 2609 mus
1120 2579 1176 2615 sit,
1190 2579 1245 2616 qui
1260 2577 1435 2608 alliciatur.

293 2622 484 2662 Pompeium
501 2621 669 2659 intelligit.
1079 2623 1117 2651 14
1137 2619 1367 2660 sin—{ffirma
1381 2618 1472 2658 sunt]
1498 2618 1550 2648 Sic
1562 2617 1634 2648 edd.
1647 2617 1731 2648 Jen-

338 2667 374 2696 13
398 2674 423 2701 αν
441 2663 596 2702 Pompeio
608 2673 695 2694 nunc
712 2663 778 2702 H.]
796 2663 836 2694 In
849 2662 923 2694 edd.
939 2673 988 2704 pr.
1033 2663 1118 2700 soni,
1145 2662 1219 2693 Asc.
1241 2661 1331 2698 Aldi,
1354 2661 1390 2692 P.
1417 2661 1512 2692 Man.
1538 2662 1597 2691 &cz-
1622 2664 1657 2689 at
1677 2660 1727 2690 ed.

291 2717 314 2737 a
340 2706 503 2746 Pompeio
517 2706 735 2744 conjungitur
759 2715 834 2736 cum
862 2707 989 2736 venisti.
1033 2705 1132 2736 Rom.
1147 2704 1359 2744 habetfirma
1370 2715 1379 2732 .·
1401 2703 1487 2743 quod
1496 2702 1584 2733 Viet.
1598 2701 1728 2738 Bosius,

290 2750 340 2780 ita
355 2757 493 2780 sensus:
517 2752 594 2778 ante
619 2757 718 2786 quam
741 2748 780 2778 ab
794 2748 846 2784 iiS,
863 2757 936 2786 quae
951 2748 990 2778 de
1033 2748 1194 2783 Gruterus
1217 2750 1250 2776 et
1273 2746 1380 2776 Graev.
1405 2745 1492 2776 male
1513 2744 1619 2775 secuti
1637 2749 1727 2774 sunt.

290 2791 448 2831 Pompeio
471 2790 658 2830 scripseras,
682 2790 800 2823 venisti
832 2789 873 2820 ad
899 2790 986 2820 haee=
1031 2789 1203 2820 manifeste
1218 2787 1397 2829 opponitur
1411 2788 1473 2818 hoc
1485 2787 1725 2828 superioribus:

289 2842 380 2865 nunc
396 2832 442 2864 H.
462 2834 520 2864 &c-
564 2833 596 2862 Si
612 2833 747 2872 vulgata
762 2832 987 2871 interpunctio
1029 2833 1058 2862 m·
1070 2833 1119 2862 ita
1131 2835 1220 2868 sunt,
1238 2840 1309 2872 quae
1323 2839 1444 2869 speras.
1463 2829 1577 2862 eadem
1593 2832 1725 2860 senten-

292 2884 367 2906 vera
381 2879 443 2914 est,
458 2883 571 2907 seusus
585 2878 651 2906 est:
677 2878 751 2916 post
771 2874 983 2915 Pompeium3
1029 2874 1079 2905 tia
1092 2878 1142 2905 est
1157 2874 1191 2904 in
1206 2882 1257 2914 ep.
1273 2878 1440 2913 aequente.
