1940 3231
338 147 416 183 824
759 141 941 183 EPIST.
971 145 1049 183 AD
1075 138 1366 187 ATTICUM,

343 249 495 291 deero:
530 247 672 303 idque,
695 248 863 290 etiamsi
891 248 999 291 mihi
1030 264 1127 291 cum
1164 247 1236 289 illo
1266 245 1375 287 nihil
1406 244 1572 296 fuisset,
1593 243 1778 286 facerem

343 314 521 362 propter
559 305 652 360 ejus
690 306 951 361 singularem
985 305 1368 359 incredibilemque
1389 303 1609 344 virtutem.
1658 301 1780 344 Piliae

343 374 503 405 nostrae
539 363 682 403 villam
718 373 870 412 totam,
895 377 1078 418 quaeque
1100 363 1143 403 in
1168 362 1268 403 villa
1289 369 1403 411 sunt,
1427 360 1564 410 trado,
1586 359 1631 400 in
1652 358 1784 400 Pom-

345 420 549 476 peianum
571 420 662 475 ipse
682 419 960 475 proficiscens
980 419 1163 461 Kalend.
1184 419 1333 460 Maiis.
1347 432 1477 474 quam
1498 416 1622 458 velim
1644 416 1783 457 Bruto

348 478 619 534 persuadeas,
643 487 691 517 ut
712 475 884 517 Asturae
909 477 978 518 sit.

781 565 1017 613 CICERO
1048 564 1276 607 ATTico
1309 566 1353 608 S.

354 623 609 684 QUINTO
625 634 742 675 Non.
759 634 1052 676 conscendens
1082 634 1136 674 ab
1160 634 1297 674 hortis
1321 632 1544 674 Cluvianis
1567 633 1608 674 iu
1633 632 1788 689 phase-

350 693 435 733 lum
470 692 700 748 epicopum
736 691 812 733 has
846 692 944 733 dedi
980 692 1157 741 litteras,
1180 705 1279 732 cum
1311 690 1434 731 Piliae
1461 700 1619 732 nostrae
1643 690 1788 731 villam

349 750 400 790 ad
438 746 688 800 Lucrinum,
722 749 957 800 74villicos,
995 758 1293 804 procuratores
1323 746 1611 789 tradidissem.
1641 750 1681 782 75
1695 747 1789 803 ipse

350 817 493 848 autem
524 821 574 847 eo
599 807 668 847 die
702 806 797 847 76in
826 806 936 848 Paeti
972 806 1106 847 nostri
1137 805 1449 861 tyrotarichum
1482 805 1786 858 imminebam3

343 864 576 920 ‘perpaucis
604 864 756 905 diebus
781 864 825 904 in
850 864 1164 919 Pompeianum
1185 881 1194 905 ε
1227 871 1326 919 post
1347 862 1391 903 in
1414 862 1510 903 haec
1532 861 1786 913 Puteolana,

348 932 392 962 et
416 921 614 963 Cumana
633 936 766 977 regna
786 922 825 955 77
842 921 1106 978 renavigare.
1129 924 1169 954 78
1183 937 1208 961 o
1232 921 1327 961 loca
1347 929 1491 960 cetera
1510 934 1637 975 quam
1662 919 1787 960 valde

348 979 606 1036 expetenda,
640 978 1005 1034 interpellantium
1039 987 1183 1019 autem
1218 976 1492 1018 multitudine
1525 990 1650 1033 paene
1673 976 1789 1033 fugi-

349 1037 484 1078 enda!
519 1036 603 1077 Sed
628 1037 681 1077 ad
705 1051 793 1077 rem
824 1046 870 1078 ut
894 1036 1078 1088 veniam,
1103 1050 1128 1076 0
1161 1033 1399 1077 Dolabellae
1429 1034 1562 1075 nostri
1587 1048 1790 1090 magnam

347 1097 511 1149 ὰςιςείωνῑ
544 1103 706 1149 quanta
738 1103 802 1134 est
822 1097 1059 1150 diffledgmag?
1093 1092 1295 1148 equidem
1316 1091 1487 1133 laudare
1509 1106 1606 1132 eum
1626 1101 1669 1132 et
1690 1091 1790 1132 hor-

350 1151 431 1191 tari
454 1165 541 1191 non
564 1151 742 1192 desisto.
774 1161 886 1192 recte
920 1160 964 1191 tu
990 1151 1194 1192 omnibus
1214 1149 1407 1206 epistolis
1430 1149 1665 1205 siguificaS,
1686 1148 1788 1203 quid

348 1209 402 1249 de
425 1222 485 1258 re,
506 1209 609 1264 quid
632 1209 685 1250 de
708 1209 798 1249 viro
822 1209 994 1249 sentias.
1018 1207 1124 1249 mihi
1146 1208 1321 1263 quidem
1340 1207 1508 1247 videtur
1530 1206 1691 1247 Brutus
1715 1220 1791 1246 no-

351 1275 436 1307 ster
451 1265 543 1320 jam
573 1266 637 1306 vel
659 1270 699 1300 79
714 1280 918 1307 coronam
941 1280 1113 1306 auream
1137 1280 1211 1321 per
1234 1265 1375 1306 forum
1398 1263 1507 1305 ferre
1531 1278 1670 1320 posse.
1694 1262 1790 1319 quis

351 1324 465 1363 enim
498 1323 654 1364 audeat
685 1326 725 1354 80
741 1322 912 1373 violare,
946 1323 1169 1379 proposita
1189 1336 1331 1373 cruce,
1354 1330 1427 1362 aut
1448 1323 1580 1363 saxo?
1611 1335 1791 1377 praeser-

302 1381 335 1412 h.
354 1381 431 1421 tim
457 1381 588 1421 tantis
610 1381 844 1436 plausibus,
869 1391 987 1421 tanta
1005 1380 1321 1436 approbatione
1344 1378 1620 1420 infimorum?
1645 1377 1791 1428 Nunc,

351 1438 409 1478 mi
443 1437 606 1489 Attice,
638 1453 707 1479 me
738 1438 807 1479 fac
845 1448 892 1478 ut
921 1438 1142 1494 expedias.
1174 1438 1319 1494 cupio,
1351 1452 1449 1478 cum
1484 1436 1622 1477 Bruto
1644 1448 1793 1477 nostro

351 1494 517 1535 affatim
541 1495 838 1547 satisfecerim,
861 1509 1088 1537 excurrere
1119 1496 1160 1536 in
1187 1494 1420 1536 Graeciam.
1445 1492 1592 1550 magni
1615 1493 1793 1534 interest

353 1552 592 1603 Ciceronis,
618 1553 683 1593 vel
710 1567 806 1594 mea
840 1553 999 1608 potius,
1025 1552 1089 1593 vel
1113 1551 1356 1594 mehercule
1378 1551 1617 1606 utriusque,
1640 1565 1708 1591 me
1729 1550 1796 1591 in-

350 1609 563 1651 tervenire
598 1610 797 1651 discenti.
829 1625 928 1651 nam
962 1610 1195 1666 8lepistola
1231 1609 1449 1659 Leonidae,
1483 1622 1612 1663 quam
1647 1608 1697 1649 ad
1725 1621 1795 1649 me

349 1667 523 1720 misisti,
564 1667 667 1722 quid
711 1667 855 1718 habet,
888 1682 1051 1722 quaeso‚
1084 1668 1127 1708 in
1158 1681 1244 1722 quo
1277 1679 1538 1722 magnopere
1569 1663 1793 1707 laetemur?

349 1739 586 1780 numquam
608 1725 678 1765 ille
700 1725 805 1766 mihi
831 1726 932 1765 satis
957 1724 1118 1765 laudari*
1142 1724 1374 1774 videbitur,
1395 1738 1494 1764 cum
1517 1722 1578 1763 ita
1598 1722 1794 1764 laudabi-

352 1791 448 1834 tur3
482 1781 690 1837 Quomodo
726 1797 833 1823 nunc
867 1789 936 1823 est.
971 1797 1055 1823 non
1082 1782 1253 1822 fidentis
1277 1781 1361 1821 hoc
1383 1779 1697 1832 testimonium,
1720 1780 1794 1822 sed

350 1841 497 1896 potius
533 1840 740 1881 timentis.
804 1839 968 1880 Herodi
1010 1848 1154 1880 autem
1190 1839 1457 1889 mandaram,
1490 1846 1536 1878 ut
1565 1837 1672 1878 mihi
1701 1843 1795 1879 κατὰ

347 1902 441 1949 μίτον
464 1896 693 1938 scriberet:
726 1913 752 1939 a
772 1911 858 1952 quo
887 1896 1027 1938 adhuc
1058 1896 1174 1937 nulla
1194 1896 1338 1937 littera
1364 1906 1443 1936 est.
1469 1909 1631 1946 vereor,
1655 1909 1707 1935 ne
1729 1895 1797 1936 ni·

353 1953 412 1994 hil
453 1954 665 2005 habuerit,
699 1955 813 2009 quod
853 1955 975 2004 mihi,
1009 1956 1162 1995 82cum
1199 1967 1524 2010 cognoscerem,
1548 1952 1796 2008 jucundum

351 2020 524 2066 putaret
557 2011 664 2053 fore.
704 2014 743 2042 83
761 2012 892 2058 Quod
925 2012 978 2053 ad
1003 2011 1236 2053 Xenonem
1269 2010 1496 2067 scripsisti,
1529 2008 1652 2051 valde
1688 2009 1798 2051 mihi

350 2078 521 2124 gratum
555 2078 635 2110 est.
667 2069 775 2110 nihil
806 2070 921 2110 enim
954 2069 1100 2111 deesse
1123 2068 1344 2120 Ciceroni,
1366 2083 1467 2109 cum
1500 2067 1552 2109 ad
1585 2067 1797 2120 officium,

286 557 342 599 16

391 2197 433 2228 74
454 2196 638 2235 villicosque
657 2195 904 2235 procuratores]
937 2195 1053 2226 Delevi
1138 2198 1182 2230 79
1212 2204 1364 2226 coronam
1388 2203 1530 2225 auream
1544 2192 1663 2234 serre]
1696 2192 1800 2224 velut

349 2247 419 2276 que.
447 2239 559 2268 aberat
586 2238 665 2268 Mss.
690 2239 828 2268 Graevii:
854 2248 913 2269 nec
930 2238 1054 2269 habent

350 2279 424 2309 edd.
444 2290 491 2320 pr.
507 2280 649 2320 plurales
665 2285 742 2311 sunt
760 2291 818 2321 pro
833 2281 1054 2321 singularibus

350 2329 508 2352 numeris.

393 2367 434 2397 75
457 2365 523 2403 ipse
552 2375 582 2394 α.
612 2375 645 2395 eo
672 2364 737 2404 die]
766 2364 834 2395 Cur
862 2366 954 2405 ipse?
978 2375 1053 2396 nam

352 2415 418 2437 non
436 2413 513 2437 ante
529 2407 568 2438 de
585 2407 661 2437 alio,
701 2408 769 2437 Ser.
786 2409 864 2447 ipso.

395 2449 435 2481 76
457 2449 493 2479 in
507 2449 595 2480 Poetz·
610 2450 864 2490 tyrotarichum]
885 2449 994 2489 Quare
1009 2450 1054 2480 sic

351 2488 469 2520 dixerit
494 2501 555 2532 pro
575 2495 609 2522 in
626 2492 737 2522 villam
760 2489 902 2526 Paeti‚'v.
921 2491 962 2522 ad
977 2492 1054 2524 Div.

351 2531 412 2567 lv,
434 2533 482 2562 16.

394 2578 432 2607 77
456 2576 669 2615 renavigaro]
697 2576 749 2605 Sic
774 2575 890 2606 Bosius
919 2586 978 2616 pro
1008 2574 1054 2607 le·

350 2617 462 2646 ctione
490 2617 561 2647 edd.
591 2619 735 2657 priorum
768 2619 988 2657 renavigare;
1021 2619 1054 2648 in

352 2669 416 2697 quo
432 2670 471 2689 ex
495 2660 705 2689 imminebant
726 2660 981 2699 intelligendum
1007 2671 1055 2690 co-

350 2702 522 2740 gitabam:
545 2702 641 2740 idque
665 2703 806 2733 restitui.
833 2713 909 2733 nam
924 2703 1057 2734 deberet

351 2753 420 2774 esse
435 2745 644 2782 renat-ignor).

394 2788 434 2819 78
458 2797 474 2815 o
499 2788 567 2816 loca
593 2792 700 2816 cetera
723 2795 825 2825 quam
849 2787 944 2817 valde
966 2787 1053 2826 equ]

352 2828 405 2857 Sic
420 2828 491 2858 edd.
506 2838 553 2867 pr.
567 2834 601 2859 et
617 2829 696 2859 Mss.
709 2829 818 2859 Graev.
835 2834 932 2858 recte.
949 2835 1057 2860 cetera

352 2870 582 2900 adverbialiter
601 2871 738 2901 dictum.
763 2881 861 2909 quam
885 2878 996 2910 auget.
1018 2882 1054 2902 ex

351 2921 390 2942 oo
408 2914 567 2952 ceteroqui
580 2913 706 2944 factum
721 2924 739 2944 a
756 2914 924 2952 Manutio,
940 2913 1028 2946 Vict.

1095 2237 1302 2278 triumphum
1319 2247 1429 2277 agens.
1455 2276 1457 2279 ι

1140 2284 1181 2311 80
1201 2280 1339 2319 violare]
1364 2279 1509 2310 Restitui
1530 2278 1707 2309 lectionem
1724 2276 1800 2308 edd.

1098 2333 1145 2362 pr.
1161 2333 1219 2363 pro
1233 2333 1297 2362 qua
1308 2323 1424 2353 Bosius
1433 2321 1524 2352 dedit
1537 2321 1689 2357 laudare,
1698 2328 1796 2360 quem

1098 2370 1229 2395 secutus
1244 2369 1294 2395 est
1310 2365 1483 2399 Gruterus,
1495 2363 1717 2403 intelligitque
1734 2361 1800 2392 Coe·

1098 2418 1218 2438 sarem.
1263 2407 1326 2438 Sed
1348 2405 1431 2437 illud
1447 2405 1562 2437 melius
1576 2410 1626 2436 est
1641 2413 1698 2445 per
1711 2413 1800 2444 seqq.

1100 2459 1176 2480 narn
1193 2458 1270 2480 crux
1284 2453 1318 2480 et
1333 2459 1445 2480 saxum
1461 2448 1628 2488 proposita
1637 2451 1733 2477 erant
1745 2451 1799 2477 tu-

1099 2492 1343 2522 multuantibus
1365 2502 1391 2522 a
1420 2489 1606 2522 Dolabella.
1653 2489 1800 2520 Graevius

1099 2539 1278 2573 utrumque
1293 2544 1351 2574 pro
1364 2533 1470 2572 glossa
1485 2532 1632 2562 damnat.

1141 2580 1177 2608 81
1203 2577 1336 2616 epistola
1351 2574 1518 2614 Leonidoe]
1545 2574 1584 2604 In
1602 2583 1667 2613 qua
1689 2573 1728 2604 de
1744 2573 1800 2605 Ci-

1099 2628 1216 2649 cerone
1231 2618 1300 2648 filio
1312 2617 1497 2657 scripserat.

1142 2663 1181 2692 82
1204 2670 1279 2691 cum
1300 2657 1536 2698 cognoscerem]
1562 2658 1616 2688 Sic
1639 2657 1704 2688 Ms.
1726 2656 1804 2689 Bal·

1099 2702 1169 2733 liol.
1197 2709 1231 2732 et
1256 2701 1306 2733 ed.
1333 2702 1428 2732 Rom.
1451 2701 1616 2731 Jensonus
1639 2699 1728 2730 dedit
1750 2709 1802 2731 co-

1097 2755 1257 2784 gnossem.
1286 2743 1368 2774 illud
1397 2748 1432 2774 et
1459 2743 1606 2773 Graevius
1630 2742 1804 2783 probabat,

1100 2797 1217 2826 nempe
1242 2788 1274 2817 in
1292 2785 1521 2826 cognoscendo
1534 2794 1646 2815 sensus
1660 2784 1803 2816 suavita-

1098 2831 1220 2868 tis-iam
1237 2830 1353 2859 oritur.

1142 2874 1181 2902 83
1205 2872 1305 2912 ‚Quod
1316 2871 1362 2901 ad
1377 2869 1542 2902 Xenonem
1557 2866 1729 2908 scripsisti]
1754 2867 1802 2899 Ut

1099 2914 1324 2956 suppeditaret
1341 2913 1410 2944 filio
1425 2921 1500 2944 meo
1515 2911 1703 2953 pecuniam.
