1940 3231
689 138 893 176 LIBER
931 138 1004 175 ΙΙΙ.
1491 141 1566 176 505

128 243 280 285 lestum
315 244 427 286 scio:
477 243 548 284 sed
590 250 684 282 tota
724 240 943 282 calamitas
977 253 1125 281 omnes
1164 239 1381 280 molestias
1418 241 1563 283 habet.

129 301 260 343 Plura
278 302 463 343 scribere
485 314 571 341 non
596 313 784 354 possum,
808 300 868 338 ita
889 312 983 339 sum
1000 297 1159 338 *animo
1191 298 1386 352 perculso
1417 308 1475 338 et·
1491 299 1565 339 ab-

119 358 256 413 jecto.
319 358 435 399 Cura
458 368 504 398 ut
527 355 679 397 valeas.
742 355 846 397 Dat:
872 354 1012 395 vrId.
1037 353 1143 410 Apr.
1168 354 1244 394 5in
1266 354 1352 394 oris
1379 354 1484 395 Luc.

560 432 794 481 ctcssao
826 431 1056 484 ATTICO
1089 437 1132 480 s,
1162 420 1167 423 ’
1577 445 1603 482 s

130 497 400 550 UTINAM
442 506 560 549 illum
598 508 710 548 diem
747 507 930 557 videam,
966 521 1065 548 cum
1107 506 1185 547 tibi
1225 519 1351 560 agam
1388 504 1564 561 gratias,

129 567 243 621 quod
274 579 342 605 me
365 565 506 605 vivere
527 564 709 619 cokigisti
728 566 735 606 !
769 564 911 605 adhuc
931 564 1104 619 quidem
1131 563 1251 604 valde
1273 577 1341 603 me
1365 564 1566 618 poenitet.

129 623 202 664 sed
225 632 266 663 te
288 630 440 673 oro,ut
460 621 510 662 ad
535 621 835 662 me'Vibonem
860 622 1005 661 statim
1028 622 1185 671 venias,
1208 634 1294 675 quo
1315 634 1398 675 ego
1423 619 1567 660 multis

132 679 184 720 de
210 679 349 720 causis
369 679 561 719 converti
586 679 668 719 iter
690 692 848 719 meum.
872 678 943 719 sed
975 692 1026 718 eo
1049 678 1080 718 si
1107 679 1285 728 veneris,
1308 677 1361 717 de
1384 686 1477 717 toto
1498 677 1568 717 iti-

128 749 227 776 nere
248 750 298 776 ac
322 735 426 792 fuga.
449 750 544 777 mea
571 735 799 776 consilium
831 749 982 792 capere
1005 746 1171 791 potero.
1196 735 1228 775 si
1262 735 1305 776 id
1337 749 1420 775 non
1455 733 1569 775 fece-

130 793 201 844 ris,
225 793 427 844 mirabor,
451 793 523 834 sed
546 793 718 834 confido
743 802 783 833 te
806 807 896 833 esse
919 792 1149 834 facturum.

566 876 802 919 CICERO
833 876 1062 918 ATTICO
1095 876 1139 917 S.
1581 885 1608 922 4,

131 931 431 986 MISERIAE
458 956 617 987 nostrae
653 946 794 1001 potius
818 944 960 995 velim,
983 959 1108 1000 quam
1143 943 1463 994 inconstantiae,
1495 943 1570 984 tri-

132 1001 253 1054 buas,
286 1004 402 1057 quod
444 1018 468 1043 a
500 1003 686 1054 Vibone,
722 1017 808 1058 quo
852 1011 892 1042 te
929 1002 1261 1055 arcessebamus,
1299 1003 1443 1042 subito
1483 1000 1570 1041 dis-

130 1060 351 1101 cessimus.
390 1060 517 1101 allata
546 1069 611 1100 est
640 1060 754 1100 enim
787 1060 912 1105 nobis
943 1059 1113 1114 rogatio
1145 1059 1197 1099 de
1230 1059 1418 1113 pernicie
1450 1068 1614 1108 mca;b.

132 1115 175 1156 iu
198 1132 296 1170 qua,
320 1118 433 1172 quod
466 1127 706 1158 correctum
738 1130 829 1157 esse
850 1115 1134 1165 audieramus,
1159 1126 1247 1156 erat
1271 1115 1500 1170 ejusmodi,
1524 1125 1571 1155 ut

135 1174 241 1214 mihi
276 1175 383 1215 ultra
404 1175 722 1230 quadringenta
753 1173 885 1214 millia
907 1173 1054 1213 ficeret
1076 1186 1181 1213 esse.
1207 1173 1276 1212 illo
1299 1187 1395 1212 cum
1424 1187 1572 1226 perve-

135 1233 226 1271 nire
249 1246 334 1273 non
359 1232 517 1282 liceret,
541 1232 685 1272 statim
714 1231 795 1272 iter
818 1230 1096 1271 Brundisium
1120 1243 1264 1271 versus
1287 1229 1449 1270 contuli
1473 1239 1572 1269 ante

135 1288 248 1328 diein
283 1289 546 1344 rogationis;
579 1302 631 1329 ne
653 1298 697 1328 et
728 1288 841 1338 Sica,
864 1288 975 1343 apud
1001 1302 1128 1342 quem
1160 1301 1290 1337 eram,
1319 1287 1497 1342 periret3
1530 1296 1574 1326 et

135 1346 249 1400 quod
293 1346 459 1386 Melitae
491 1360 582 1386 esse
614 1360 700 1386 non
740 1345 912 1386 licebat.
947 1359 1059 1386 nunc
1095 1355 1137 1384 tu
1181 1358 1376 1400 propera,
1418 1355 1464 1384 ut
1494 1358 1573 1385 nos

136 1417 412 1457 consequare,
435 1405 466 1443 si
493 1404 624 1444 modo
656 1403 927 1458 recipiemur.
950 1402 1092 1443 adhuc
1116 1403 1348 1442 invntainur
1373 1401 1573 1457 benigne.

135 1461 222 1510 sed,
245 1461 359 1515 quod
391 1470 598 1516 superest,
624 1460 837 1501 timemus.
871 1473 953 1509 me,
978 1460 1033 1499 mi
1070 1459 1301 1514 Pomponi,
1326 1458 1447 1499 valde
1480 1473 1575 1514 poe-

137 1517 245 1557 nitet
271 1518 425 1558 vivere.
448 1532 532 1572 qua
556 1517 596 1558 in
622 1532 665 1558 re
687 1517 802 1573 apud
828 1531 893 1557 ine
919 1526 961 1558 tu
986 1516 1218 1573 plurimum
1244 1515 1430 1558 valuisti.
1492 1516 1575 1557 Sed

137 1573 232 1615 haec
254 1589 412 1616 coram.
439 1575 507 1615 fac
531 1575 674 1626 modo,
700 1586 746 1615 ut
770 1575 928 1616 venias.

572 1658 807 1701 CICERO
839 1657 1068 1699 ATTICO
1101 1657 1146 1698 S.
1591 1659 1616 1695 5

134 1722 463 1775 TERENTIA
500 1734 578 1774 tibi
622 1744 664 1774 et
705 1747 820 1789 saepe
859 1744 901 1773 et
939 1732 1150 1772 maximas
1191 1731 1284 1787 agit
1321 1731 1496 1787 gratias.
1534 1731 1578 1772 id

138 1801 202 1832 est
245 1791 348 1831 mihi
392 1791 700 1847 gratissimum.
742 1805 825 1846 ego
862 1791 959 1831 vivo
999 1788 1278 1839 miserrimus,
1310 1800 1354 1829 et
1385 1789 1577 1830 maximo

140 1849 286 1890 dolore
308 1849 531 1889 conficior.
555 1849 606 1889 ad
633 1858 673 1889 te
695 1849 797 1903 quid
823 1848 1022 1897 scribam,
1049 1847 1207 1887 nescio.
1231 1847 1264 1886 si
1288 1846 1401 1886 enim
1426 1861 1469 1886 es
1491 1846 1579 1886 Ro-

139 1919 346 1960 1nae‚Jam
370 1920 438 1947 me
466 1907 630 1961 assequi
658 1921 743 1946 non
777 1916 923 1962 potes:
958 1904 1020 1944 siu
1044 1919 1088 1944 es
1115 1904 1156 1944 in
1182 1904 1263 1954 via,
1287 1918 1384 1944 cum
1407 1904 1489 1946 eris
1512 1917 1579 1944 me
1592 1921 1690 1960 p.4l.

139 1973 406 2018 assequutus,
438 1978 583 2004 coram
615 1977 808 2019 agemus,
839 1977 934 2017 quae
968 1972 1093 2002 erunt
1124 1961 1304 2016 agenda.
1338 1970 1504 2002 tantum
1539 1971 1621 2002 tea-

139 2036 231 2071 0ro‚
264 2030 324 2070 ut,
348 2021 583 2075 &quoniam
618 2034 686 2062 me
718 2020 858 2076 ipsum
891 2033 1058 2074 semper
1089 2019 1256 2067 amasti,
1278 2018 1430 2058 eodem
1463 2033 1582 2059 amo-

141 2092 185 2119 re
205 2078 275 2118 sis.
299 2092 381 2132 ego
413 2078 527 2118 enim
559 2078 673 2118 idern
706 2093 813 2118 sum.
847 2076 1011 2118 inimici
1046 2090 1139 2116 mea
1170 2074 1293 2126 mihi,
1317 2090 1403 2116 non
1427 2090 1494 2116 me
1518 2077 1581 2132 ip-

143 2150 252 2233 ἦιξα),
291 2135 557 2176 ademerunt.
619 2134 750 2186 Cura,
791 2144 836 2175 ut
876 2133 1029 2175 valeas.
1092 2132 1196 2174 Dat.
1239 2146 1330 2173 ux.
1370 2132 1435 2174 Id.
1474 2132 1582 2190 Apr.

185 2192 310 2234 burh.

576 2277 812 2320 CICERO
844 2275 1073 2318 ATTICO
1105 2274 1149 2316 S.
1598 2278 1625 2320 6

148 2334 298 2388 NON
332 2346 471 2388 fuerat
501 2346 607 2387 mihi
640 2346 836 2396 dubium,
857 2345 962 2400 quin
986 2355 1028 2385 te
1049 2342 1224 2384 Tarenti
1257 2350 1330 2383 aut
1363 2342 1586 2384 Brundisii

146 2405 314 2445 visurus
345 2418 506 2446 essem:
539 2404 669 2459 idque
699 2404 750 2445 ad
784 2402 920 2444 multa
952 2401 1185 2458 pertinuit3
1217 2401 1260 2440 in
1291 2400 1367 2451 eis,
1389 2410 1433 2440 et
1463 2409 1511 2441 ut
1542 2400 1588 2441 in

149 2461 283 2518 Epiro
314 2462 660 2512 consisteremus,
682 2474 725 2502 et
756 2462 809 2502 de
839 2460 1014 2515 reliquis
1044 2459 1169 2499 rebus
1192 2468 1267 2498 tuo
1289 2457 1472 2498 consilio
1495 2467 1589 2498 ute-

148 2533 305 2561 remur.
327 2521 533 2576 quoniam
556 2519 599 2560 id
618 2534 706 2560 non
733 2518 936 2574 contigit,
957 2517 1039 2558 erit
1062 2516 1144 2556 boc
1167 2529 1340 2571 quoque
1362 2516 1406 2556 in
1426 2529 1590 2572 magno

193 2687 211 2717 5
240 2687 276 2716 in
299 2687 364 2717 oris
390 2684 492 2724 Luc]
518 2685 540 2715 i.
562 2694 592 2714 e.
617 2682 784 2717 Lucaniae.
808 2692 849 2712 ex
892 2691 960 2712 non
972 2679 1189 2722 splendorem,
1201 2689 1289 2720 opes,
1304 2678 1444 2719 gratiam
1462 2678 1520 2710 dcc.
1537 2677 1593 2708 sed

150 2737 235 2758 corr.
260 2728 360 2760 Bosii.
384 2728 419 2758 iu
434 2727 504 2758 edd.
525 2737 573 2767 pr.
590 2727 624 2756 in
641 2726 749 2756 [Varis
765 2725 849 2755 Luc.
894 2723 1042 2754 anImum
1075 2723 1254 2754 &c.—mo‘x
1280 2722 1406 2759 inimici
1431 2721 1493 2749 mei
1518 2728 1592 2749 mea

154 2770 240 2808 quod
253 2770 446 2802 Tunstallus
463 2780 494 2810 p.
513 2772 563 2805 89.
579 2770 669 2808 capit
683 2769 718 2798 in
733 2767 851 2802 Naris,
896 2767 990 2797 mihi.-
1006 2767 1070 2797 mei
1085 2765 1260 2803 delendum
1275 2769 1343 2795 est:
1359 2772 1436 2792 nam
1452 2762 1497 2791 sic
1511 2762 1593 2797 bene

152 2812 309 2851 fluminis,
333 2814 424 2843 luco.-
445 2812 531 2843 unde
554 2819 742 2851 egressurus
766 2810 850 2840 hanc
892 2809 997 2840 iatine
1022 2817 1089 2840 non
1115 2807 1257 2845 additur.
1281 2811 1316 2838 et
1341 2805 1419 2844 satis
1441 2808 1492 2835 est
1513 2809 1592 2834 eon-

148 2855 325 2897 epistolam
338 2855 514 2896 scripserit.
585 2848 588 2851 ¹
886 2853 985 2894 jungi
997 2861 1075 2895 *mea
1091 2851 1173 2881 mihi
1184 2862 1195 2880 :
1217 2849 1281 2883 mei
1296 2848 1323 2879 si
1338 2841 1593 2885 accesserit‚‘fri-

194 2897 215 2927 6
229 2898 384 2938 quoniam
402 2899 574 2940 meipsum
587 2908 614 2930 ε.
628 2896 765 2937 amasti]
783 2896 804 2927 i.
820 2906 849 2927 e.
894 2901 981 2935 geat.
