1940 3231
687 134 893 173 LIBER
932 135 979 171 v.
1480 142 1554 178 565

128 236 226 280 haec
255 238 384 295 leges,
414 238 667 280 habebimus
693 238 903 278 consules.
934 236 1079 277 omnia
1109 237 1349 292 perspicere
1381 242 1554 294 poteris,

128 295 183 336 de
208 295 392 347 Caesare,
423 297 475 338 de
508 295 731 350 Pompeio,
760 295 813 335 de
845 293 949 349 ipsis
973 293 1166 348 judiciiS.
1226 293 1387 334 Nostra
1412 307 1555 339 autem

126 355 318 408 negotia,
351 353 554 408 quoniam
589 352 741 392 Romae
775 351 1068 401 commoraris,
1100 351 1255 391 amabo
1288 360 1343 400 te,
1369 353 1552 407 explica.

129 409 213 451 Cui
237 411 295 450 rei
318 410 487 466 fugerat
507 423 575 449 me
596 409 840 459 rescribere,
862 408 915 449 de
937 421 1052 448 strue
1072 407 1267 458 laterum,
1287 408 1410 464 plane
1432 424 1553 464 rogo.

126 469 167 498 85
183 466 251 508 De
280 482 403 522 aqua,
436 466 469 506 si
502 465 605 520 quid
640 467 798 520 poterit
831 465 937 515 fieri,
969 479 1020 506 eo
1053 465 1108 505 sis
1138 466 1296 515 animo,
1331 480 1416 520 quo
1446 466 1555 507 soles

125 535 241 565 esse:
282 537 408 579 quam
450 536 532 578 ego
573 537 672 563 cum
714 537 808 563 mea
846 531 1013 577 sponte,
1048 531 1135 562 tum
1174 522 1256 562 tuis
1288 523 1555 564 sermonibus

125 580 293 620 aestimo
316 578 502 635 plurimi.
525 579 565 610 86
577 593 680 635 ergo
703 579 863 634 aliquid
886 578 1104 620 conficies.
1144 578 1371 631 Praeterea,
1395 580 1426 620 si
1451 580 1555 634 quid

126 635 352 692 Philippus
384 638 568 692 rogavit,
591 638 706 691 quod
737 637 781 677 in
813 650 953 677 snare
984 636 1158 686 faceres,
1192 636 1233 676 id
1257 636 1382 676 velim
1406 636 1554 678 facias.

124 691 253 734 Plura
276 694 460 733 scribam
491 693 543 734 ad
567 703 623 745 te,
646 708 745 734 cum
767 693 1026 734 constitero:
1059 707 1173 734 nunc
1204 707 1319 734 eram
1350 693 1474 748 plane
1501 694 1553 737 ,in

119 750 263 790 medio
285 751 405 791 mari.

549 816 784 859 CICERO
816 815 1043 857 ATTICO
1076 816 1120 857 S.
1573 835 1620 871 13

121 872 435 926 EPHESUM
460 885 653 926 venimus
676 901 715 926 a.
738 885 779 926 d.
805 899 858 925 XI
898 884 994 925 Kal.
1018 884 1139 925 Sext.
1163 886 1201 917 87
1217 884 1487 940 sexagesimo
1509 884 1553 926 et·

117 941 465 997 quingentesimo
491 952 589 998 post
608 957 795 999 pugnam
819 941 1047 982 Bovillam.
1070 941 1366 996 navigavimus
1385 942 1475 983 sine
1498 943 1552 983 ti-

115 1011 236 1039 more
270 1009 313 1039 et
350 999 440 1039 sine
482 1014 662 1050 nausea3
708 999 779 1040 sed
817 998 993 1048 tardius,
1033 1008 1208 1054 propter
1246 998 1551 1054 aphractorum

117 1052 392 1097 Rhodiorum
421 1056 776 1097 imbecillitatem.
839 1055 906 1096 De
928 1069 1138 1095 concursu
1161 1054 1441 1109 legationum,
1464 1057 1551 1112 pri-

116 1121 331 1164 vatorum,
350 1124 392 1154 et
414 1114 466 1154 de
489 1113 725 1154 incredibili
751 1112 1040 1161 multitudine,
1059 1126 1156 1166 quae
1179 1111 1283 1151 mihi
1298 1112 1391 1166 jam
1417 1113 1549 1164 Sami,

116 1169 189 1210 sed
213 1170 451 1211 mirabilem
476 1170 518 1210 in
542 1171 714 1211 modum
739 1169 897 1225 Ephesi
922 1178 1080 1223 praesto
1107 1167 1200 1218 fuit,
1223 1179 1297 1208 aut
1319 1169 1485 1210 audisse
1508 1179 1548 1211 te
1561 1185 1593 1215 p.
1608 1178 1661 1210 75.

115 1237 239 1282 puto,
261 1239 336 1268 aut
357 1227 459 1282 quid
483 1227 535 1267 ad
557 1241 626 1267 me
647 1228 833 1267 attinet?
868 1229 906 1257 88
928 1225 1247 1266 Verumtamen.
1279 1228 1318 1259 89
1334 1225 1550 1267 Decuma·
1561 1228 1592 1250 a.

114 1284 176 1334 ni,
199 1299 248 1325 ac
271 1285 304 1325 si
341 1284 548 1325 venissem
571 1298 669 1325 cum
693 1283 889 1339 imperio,
913 1282 1058 1324 Graeci
1081 1283 1203 1338 quasi
1230 1281 1416 1338 Ephesio
1441 1299 1552 1339 prae-

114 1342 198 1381 tori
222 1356 266 1382 se
288 1341 445 1383 alacres
476 1341 739 1381 obtulerunt.
770 1355 825 1381 ex
858 1355 944 1395 quo
975 1349 1017 1380 te
1040 1340 1277 1395 intelligere
1306 1351 1423 1381 certo
1447 1342 1551 1392 scio,

113 1397 348 1439 multorum
370 1413 579 1439 annorum
600 1402 640 1432 90
653 1398 963 1439 ostentationes
988 1411 1101 1438 meas
1119 1411 1234 1438 nunc
1256 1397 1299 1437 in
1322 1398 1552 1439 discrimen

113 1469 206 1496 esse
229 1456 448 1497 adductas.
481 1455 568 1506 sed,
586 1464 634 1495 ut
655 1469 793 1511 spero,
816 1464 986 1495 utemur
1008 1468 1058 1494 ea
1079 1453 1290 1510 palaestra,
1313 1469 1441 1509 quam
1464 1470 1488 1495 a
1510 1466 1552 1496 te

111 1512 369 1564 didicimus;
405 1512 690 1567 omnibusque
713 1511 1052 1563 satisfaciemus3
1091 1521 1134 1552 et
1155 1525 1205 1552 eo
1228 1510 1410 1563 facilius,
1434 1513 1551 1567 quod

113 1569 156 1609 in
181 1579 325 1610 nostra
346 1569 568 1625 provincia
588 1568 800 1610 confectae
825 1577 924 1609 sunt
946 1567 1181 1624 pactioneS.
1240 1571 1276 1602 9Ι
1297 1568 1380 1609 Sed
1404 1569 1551 1610 hacte-

109 1640 207 1677 nus,
230 1627 469 1683 praesertim
491 1641 591 1668 cum
613 1627 784 1667 cenanti
816 1626 924 1667 mihi
957 1625 1175 1666 nuntiaret
1198 1624 1399 1676 caestius,
1424 1640 1467 1666 se
1496 1626 1550 1668 de

110 1688 240 1725 nocte
263 1683 495 1740 proficisci.
555 1683 649 1725 Tua
679 1683 857 1740 negotia
887 1682 1047 1739 Ephesi
1070 1697 1184 1723 curae
1221 1682 1327 1723 mihi
1348 1682 1549 1726 fuerunt:

86 1746 89 1753 '
110 1739 400 1796 Thermoque,
419 1742 589 1782 tametsi
610 1750 708 1781 ante
728 1741 964 1782 adventurn
983 1754 1126 1781 meum
1145 1739 1440 1781 liberalissime
1458 1749 1551 1782 erat

108 1798 329 1854 pollicitus
351 1799 434 1839 tuis
457 1799 673 1849 omnibus,
697 1808 840 1839 tamen
872 1797 1153 1853 Philogenem
1177 1805 1221 1837 et
1251 1796 1397 1838 Seium
1418 1797 1550 1838 tradi-

107 1855 178 1908 di;
207 1854 606 1912 Apollonidiensem
638 1855 871 1897 Xenonem
901 1854 1214 1896 commendavi.
1246 1856 1424 1896 omnino
1455 1869 1549 1895 om-

109 1913 183 1953 nia
204 1927 248 1953 se
269 1912 485 1954 facturum
508 1913 684 1969 recepit.
730 1912 826 1968 Ego
850 1923 1056 1961 praeterea
1077 1911 1287 1952 rationem
1314 1911 1547 1966 Philogeni

108 1971 439 2027 permutationis
461 1970 569 2025 ejus,
600 1985 729 2025 quam
748 1965 891 2010 tecuin
915 1969 1013 2019 feci,
1035 1969 1164 2010 edidi.
1196 1983 1300 2024 ergo
1319 1968 1414 2010 haec
1436 1983 1545 2022 quo-

108 2041 193 2081 que
214 2027 436 2068 hactenus.
499 2027 647 2068 Redeo
669 2027 722 2068 ad
744 2028 922 2068 urbana.
984 2027 1066 2067 Per
1087 2025 1305 2067 fortunas!
1338 2026 1541 2080 quoniam

108 2083 266 2125 Romae
289 2099 449 2135 manes,
472 2085 656 2140 primum
680 2084 782 2126 illud
807 2084 1001 2140 praefulci
1024 2094 1153 2138 atque
1176 2083 1402 2139 praemuni,
1425 2080 1544 2137 quae-

108 2154 170 2194 so,
195 2150 242 2182 ut
263 2142 394 2182 simus
417 2142 573 2184 annui:
605 2156 660 2182 ne
680 2141 956 2185 intercaletur
977 2141 1164 2198 quidem.
1191 2139 1345 2180 deinde
1364 2139 1545 2180 exhauri

130 2309 134 2311 .
146 2284 187 2313 85
200 2282 257 2313 De
271 2284 373 2324 aqua]
399 2284 462 2317 int.
475 2283 608 2315 Crabra.
632 2283 671 2314 de
688 2293 752 2322 qua
765 2282 807 2314 ad
848 2286 918 2323 pte,
931 2286 971 2313 ut
986 2282 1064 2313 alibi
1078 2280 1201 2311 dictum
1217 2281 1251 2310 in
1268 2279 1481 2310 correctione.

105 2323 289 2356 Div.XV1.
891 2328 932 2358 89
966 2325 1167 2358 Decumum,
1202 2324 1230 2352 si
1270 2324 1425 2351 venissem
1466 2330 1543 2351 cum

149 2367 190 2398 86
222 2377 299 2406 ergo
333 2369 412 2408 quid
446 2368 602 2409 cmficies]
641 2368 806 2398 Victorius
848 2367 942 2406 imp]
970 2367 1052 2398 Edd.
1077 2376 1126 2406 pr.
1150 2365 1354 2395 Decumamffs
1377 2363 1542 2394 venissem.

105 2408 208 2440 edidit
231 2412 368 2450 aliquid,
384 2411 471 2450 quod
490 2419 620 2441 secutus
642 2415 692 2441 est
715 2410 804 2440 Grae-
847 2410 902 2439 alii
920 2409 1048 2439 edidere
1063 2418 1102 2438 ιιι·
1115 2408 1143 2437 si
1159 2417 1189 2436 υ.
1205 2406 1291 2446 quod
1305 2415 1364 2445 pro
1379 2410 1468 2435 certo
1491 2415 1540 2436 re-

104 2451 188 2483 vius.
203 2452 297 2484 bene.
847 2452 935 2491 cepit
962 2451 1121 2481 Graevius.
1153 2449 1328 2488 respondet
1353 2457 1430 2477 sane
1459 2447 1541 2477 bene

147 2497 187 2528 87
202 2495 401 2533 sexagesimo
415 2499 445 2525 et
460 2494 714 2534 quingentesimo
730 2499 804 2533 post.
846 2493 942 2523 alteri
957 2493 1104 2524 membro
1116 2493 1210 2531 quasi
1222 2491 1312 2530 Eplc.
1321 2490 1467 2529 proetore'.
1491 2490 1542 2519 in.

100 2546 137 2577 p.
153 2536 214 2576 B.]
239 2537 321 2567 Edd.
337 2547 386 2577 pr.
409 2538 610 2576 sexagesimo
625 2540 655 2566 et
669 2537 779 2576 quinto
793 2548 803 2565 .-
845 2535 1060 2574 telligendum
1085 2540 1196 2564 autem
1219 2539 1280 2563 est.
1297 2532 1331 2562 in
1354 2532 1478 2569 Asiam,
1502 2537 1539 2562 ut

105 2579 220 2609 vitiose
242 2580 312 2610 sine
334 2579 446 2610 dubio.
470 2579 553 2610 illud
574 2578 675 2609 edidit
695 2589 712 2608 e
732 2578 798 2608 Ms.
843 2578 886 2607 ibi
914 2587 973 2617 pro
996 2577 1133 2617 imperio
1157 2585 1252 2615 agere
1273 2583 1419 2615 possem:
1453 2574 1540 2613 quod

104 2621 230 2652 Bosius.
274 2621 458 2652 Pontedera
480 2622 515 2652 in
537 2622 632 2660 epist.
655 2620 799 2659 antiqui-
843 2629 910 2650 non
925 2624 1008 2650 erat.

104 2668 214 2694 tatum
235 2663 310 2694 Lat.
341 2668 376 2694 et
400 2664 457 2694 Gr.
482 2674 515 2703 p.
538 2665 611 2694 321.
641 2667 800 2704 supputa-
884 2665 926 2696 90
955 2661 1179 2692 ostentationes
1208 2658 1309 2697 meas]
1351 2657 1402 2688 De
1429 2657 1538 2688 studio

103 2705 196 2736 tione
224 2714 283 2736 sua
311 2706 445 2736 conficit
478 2705 582 2736 DLV.
616 2706 695 2736 dies.
726 2714 801 2743 quae
843 2713 921 2743 erga
948 2704 1253 2743 publicanos—tua
1274 2701 1435 2742 palaestm
1463 2701 1485 2729 i.
1510 2709 1539 2729 e.

105 2748 294 2787 supputatio
313 2749 340 2778 si
364 2758 441 2779 vera
461 2752 524 2785 est,
548 2747 661 2779 Cicero
686 2756 801 2777 nume·
843 2747 910 2776 tuis
926 2746 1080 2776 consiliis.
1359 2783 1365 2789 Ι

105 2798 179 2819 rum
212 2789 347 2828 plenum
376 2791 521 2829 posuisse
550 2790 651 2821 videri
681 2794 802 2830 potest.
886 2791 925 2822 91
964 2788 1032 2819 Sed
1058 2784 1228 2824 hactenus]
1269 2786 1331 2814 int.
1358 2786 1430 2812 ista.
1477 2780 1540 2829 Sed

97 2840 219 2872 pugna
234 2829 367 2861 Bovilla
383 2837 433 2862 est
448 2832 551 2862 caedes
567 2832 685 2862 Clodii.
843 2830 957 2860 malim
981 2830 1053 2862 addi
1084 2832 1161 2866 hac,
1186 2834 1222 2859 ut
1243 2831 1293 2857 est
1315 2834 1402 2855 mox·
1428 2829 1461 2854 et
1477 2828 1537 2853 mt-

146 2875 187 2904 88
212 2872 460 2915 Verumtamen]
488 2875 550 2906 int.
565 2874 686 2913 dicam,
703 2873 800 2906 abru-
844 2872 970 2912 scripsi.

793 2920 918 2955 003
