1940 3231
210 1003 238 1045 9

113 1200 146 1231 p.
163 1191 236 1224 278.

206 1243 237 1265 a.

269 129 354 171 954,
688 125 870 166 EPIST.
898 124 977 164 AD
1003 125 1274 165 BRUTUM.·

262 229 379 270 cium
403 236 542 280 tuum,
561 229 728 286 tibique
750 245 898 271 omnes
921 229 1053 272 fortes
1074 230 1154 272 viri
1177 245 1333 272 navare
1352 244 1524 287 operam
1547 238 1591 273 et
1609 239 1709 274 stu-1

260 286 380 328 diurn
406 287 580 330 volunt:
623 302 702 329 nec
723 288 949 343 quisquam
982 300 1060 338 est,
1082 290 1185 343 quin
1209 289 1270 329 ita
1299 288 1533 340 existimet,
1555 303 1696 330 meam

260 344 374 398 apud
403 355 442 385 te
464 355 506 386 et
537 346 719 401 gratian]
744 356 787 385 et
818 346 1119 386 auctoritatem
1142 345 1282 386 valere
1304 345 1551 402 plurimum.
1610 347 1696 388 Sed

264 400 318 441 C.
344 402 628 453 Naseunium,
649 403 910 456 municipem
936 402 1211 453 Suessanum,
1230 403 1309 444 tibi
1344 404 1403 443 ita
1422 404 1697 455 commendo,

259 469 308 498 ut
335 461 550 501 neminem
583 460 848 514 diligentius.
911 459 1107 500 Cretensi
1140 461 1266 512 bello,
1301 460 1481 502 Metello
1513 462 1698 516 impera-

259 524 367 567 tore,
390 526 590 557 octavum
623 516 863 572 principem
895 516 1049 558 duxit:
1088 529 1238 572 postea
1260 519 1300 558 iu
1326 533 1369 558 re
1400 519 1599 560 familiari
1623 532 1698 559 oc·-

257 584 441 629 cupatus
465 573 562 619 fuit.
623 573 726 614 Hoc
761 585 956 629 tempore
978 589 1076 614 cum
1100 575 1348 630 reipublicae
1373 577 1581 631 partibus,
1603 584 1697 616 tum

259 641 334 671 tua
355 630 583 671 excel-lenti
606 631 820 687 dignitate
847 643 1106 682 commotuS,
1131 632 1257 673 vellet
1277 647 1353 688 per
1375 644 1416 674 te
1438 628 1598 688 aliquid
1621 647 1697 673 au-

258 688 476 729 ctoritatis
510 702 740 729 assumere.
802 688 974 730 Fortem
1010 689 1163 740 virum,
1197 689 1345 741 Brute,
1368 692 1447 731 tibi
1479 704 1700 732 commen-

257 745 329 795 do,
353 744 470 801 frugi
494 745 732 797 hominem,
754 755 813 795 et,
838 746 871 786 si
895 746 998 801 quid
1021 747 1072 787 ad
1096 761 1183 788 rem
1208 748 1409 804 pertinet,
1427 749 1556 789 etiam
1581 749 1699 789 locu·-

254 800 430 857 pletem.
491 802 749 859 Pergratum
777 803 885 844 mihi
908 804 1003 854 erit,
1027 804 1059 844 si
1084 818 1183 845 eum
1213 807 1275 846 ita
1297 806 1508 858 tractaris,
1530 815 1579 847 ut
1600 819 1690 846 me-

240 860 336 901 ssrito
359 869 434 901 tuo
455 860 563 902 mihi
586 861 747 916 gratias
770 875 897 917 agere
920 862 1071 917 possit.

757 984 950 1022 ARGUM
956 985 1163 1022 ENTUM.

252 1048 422 1092 Brutum,
442 1049 486 1085 de
511 1058 565 1092 re,
584 1047 748 1084 nesciunt
774 1049 910 1084 eruditi
939 1061 1025 1096 qua,
1045 1050 1225 1096 exquisita
1253 1052 1333 1084 arte
1361 1048 1568 1084 consolatur
1585 1051 1619 1083 el
1642 1047 1693 1083 ad

710 1100 977 1150 fortitudinem
997 1101 1220 1137 cohortatur.

691 1200 932 1243 CICERO
967 1200 1179 1243 BRUTO
1211 1202 1256 1242 S.

251 1256 606 1312 FUNGERER
635 1270 797 1321 officio,
819 1285 906 1325 quo
938 1279 982 1310 tu
1007 1269 1182 1311 functus
1205 1285 1248 1310 es
1280 1271 1321 1311 in
1347 1284 1443 1311 meo
1467 1269 1600 1320 luctu,
1626 1279 1693 1310 te·-r

247 1342 332 1382 que
355 1341 430 1383 per
450 1327 614 1368 litteras
634 1327 891 1379 consolarer,
912 1328 992 1369 uisi
1016 1328 1184 1379 scirem,
1208 1328 1273 1368 his
1298 1328 1511 1378 remediis,
1531 1328 1687 1383 quibus

245 1399 391 1425 meum
414 1384 606 1426 dolorem
638 1394 683 1426 tu
715 1385 913 1437 levasses,
938 1395 978 1426 te
1000 1385 1043 1426 in
1067 1396 1142 1426 tuo
1175 1399 1262 1426 non
1284 1400 1434 1441 egere:
1474 1401 1525 1426 ac
1557 1384 1686 1425 velim

247 1441 431 1493 facilius,
454 1457 583 1498 quam
608 1451 711 1484 tunc
732 1442 855 1495 mihi,
878 1458 991 1484 nunc
1015 1443 1094 1484 tibi
1119 1453 1210 1484 tute
1233 1446 1443 1485 medeare.
1469 1443 1545 1484 Est
1566 1443 1683 1483 enim

245 1499 431 1540 alienum
473 1510 593 1541 tanto
629 1501 734 1552 viro,
777 1510 825 1542 ut
857 1516 900 1542 es
936 1510 997 1553 tn,
1031 1501 1147 1556 quod
1180 1501 1301 1542 alteri
1337 1501 1605 1558 praeceperit,
1640 1500 1685 1541 id

244 1557 386 1612 ipsum
419 1556 560 1599 facere
587 1572 672 1599 non
707 1573 845 1615 posse.
909 1557 987 1599 Me
1008 1559 1182 1615 quidem
1214 1574 1312 1600 cum
1345 1558 1547 1609 rationes,
1578 1573 1684 1614 quas

243 1614 493 1671 collegeraS,
526 1626 617 1656 tum
649 1617 882 1657 auctoritas
916 1626 1002 1667 tua,
1025 1632 1051 1657 a
1081 1616 1215 1657 nimio
1250 1631 1429 1657 maerorc
1461 1617 1683 1657 deterruit.

245 1671 358 1714 Cum
381 1673 496 1714 enim
527 1672 696 1714 mollius
721 1674 799 1714 tibi
825 1673 933 1714 ferre
964 1674 1144 1726 viderer,
1167 1689 1296 1728 quain
1323 1674 1493 1715 deceret
1528 1674 1680 1724 virum,

240 1731 483 1786 praesertim
515 1745 627 1782 euin,
660 1732 731 1786 qui
765 1730 870 1772 alios
903 1731 1112 1772 consolari
1147 1731 1325 1783 soleret;
1368 1731 1578 1772 accusasti
1610 1746 1680 1772 me

241 1801 320 1843 per
357 1788 519 1829 litteras
553 1789 824 1844 gravioribus
859 1789 1015 1840 verbis,
1045 1803 1172 1844 quam
1207 1798 1281 1829 tua
1311 1789 1579 1830 consuetudo
1617 1788 1681 1829 se-

242 1846 380 1886 rebat.
443 1845 596 1901 Itaque
621 1846 838 1901 judicium
866 1855 987 1887 tuum
1020 1847 1168 1902 magni
1201 1847 1436 1897 aestimans,
1459 1847 1588 1902 idque
1611 1861 1683 1888 ve-

242 1902 365 1954 ritus,
388 1917 456 1943 me
480 1904 568 1959 ipse
596 1903 774 1960 collegi:
810 1913 853 1945 et
884 1918 947 1955 ea,
971 1919 1069 1960 quae
1090 1904 1341 1954 didiceram,
1372 1904 1575 1960 legeram,
1609 1920 1683 1946 ac-

238 1975 455 2016 ceperam,
483 1964 683 2017 graviora
714 1961 836 2013 duxi,
861 1970 933 2002 tua
964 1962 1222 2003 auctoritate
1252 1962 1414 2003 addita.
1474 1960 1540 2002 Ac
1571 1961 1680 2003 mihi

236 2022 348 2069 tum,
374 2018 522 2070 Brute,
545 2017 691 2060 officio
711 2018 848 2060 solum
871 2028 976 2070 erat,
997 2029 1040 2060 et
1063 2030 1252 2072 naturae,
1275 2019 1355 2060 tibi
1380 2035 1496 2061 nunc
1518 2019 1679 2076 populo

238 2084 282 2115 et
305 2090 442 2118 scenae
466 2081 533 2130 (ut
555 2077 732 2128 dicitur)
764 2077 1033 2118 serviendum
1057 2086 1137 2118 est.
1198 2076 1313 2118 Nam
1336 2092 1435 2118 cum
1458 2077 1502 2118 in
1528 2088 1677 2119 te'non

239 2131 376 2174 solum
399 2134 616 2175 exercitus
638 2134 717 2186 tui,
741 2134 811 2175 sed
836 2135 1031 2175 omnium
1060 2135 1237 2186 civium,
1259 2150 1309 2176 ac
1332 2149 1458 2191 paene
1478 2135 1677 2191 gentium

238 2189 428 2245 conjecti
460 2192 572 2233 oculi
597 2192 697 2244 sint,
730 2192 908 2233 minime
938 2192 1077 2243 decet,
1108 2203 1286 2249 propter
1315 2206 1443 2248 quem
1476 2193 1676 2235 fortiores

236 2249 369 2289 ceteri
391 2264 552 2298 sumus,
575 2264 673 2291 eum
697 2249 836 2306 ipsum
860 2249 1005 2291 animo
1027 2249 1301 2291 debilitatum
1326 2250 1475 2292 videri.
1530 2251 1676 2298 Quam

236 2305 294 2346 ob
317 2320 406 2347 rem
429 2307 633 2363 accepisti
660 2316 704 2348 tu
736 2307 910 2362 quidem
933 2307 1141 2358 dolorem,
1163 2308 1225 2360 (id
1247 2307 1362 2349 enim
1385 2308 1582 2360 amisisti,
1604 2308 1674 2350 cui

237 2362 375 2404 simile
412 2363 601 2406 interris
636 2364 743 2405 nihil
766 2363 884 2416 fuit,)
913 2374 957 2406 et
988 2374 1053 2406 est
1086 2365 1315 2406 dolendum
1353 2365 1394 2406 in
1431 2374 1518 2406 tam
1552 2366 1675 2422 gravi

236 2420 426 2472 vulnere,
445 2426 520 2475 (ne
550 2422 593 2464 id
615 2422 772 2479 ipsum,
803 2437 948 2464 carere
969 2423 1087 2464 omni
1119 2437 1242 2463 sensu
1267 2422 1441 2474 doloris,
1461 2423 1518 2464 sit
1546 2423 1675 2465 mise-

234 2477 337 2529 rius,
359 2494 488 2534 quam
511 2477 688 2531 dolere,)
711 2479 798 2531 sed,
821 2488 870 2520 ut
890 2481 1075 2532 modice,
1097 2480 1251 2522 ceteris
1273 2479 1378 2521 utile
1399 2489 1477 2532 est,
1498 2481 1577 2522 tibi
1600 2495 1675 2522 ne-

232 2548 352 2576 cesse
373 2546 452 2578 est.
513 2537 755 2579 scriberem
781 2537 917 2593 plura,
938 2538 1020 2580 nisi
1039 2538 1092 2580 ad
1112 2547 1154 2579 te
1177 2538 1271 2580 haec
1294 2538 1389 2594 ipsa
1411 2539 1538 2579 nimis
1561 2539 1674 2580 mul-

233 2600 280 2632 ta
300 2603 456 2635 essent.
518 2594 612 2636 Nos
635 2604 691 2647 te,
714 2604 922 2651 tuumque
954 2596 1194 2638 exercitum
1216 2604 1544 2652 exspectamus:
1577 2597 1670 2640 sine

232 2663 335 2704 quo,
359 2661 407 2692 ut
424 2651 588 2708 reliqua
607 2667 662 2694 ΘΧ
685 2650 899 2694 sententia
920 2654 1167 2705 succedant,
1187 2653 1261 2694 vix
1284 2653 1386 2694 satis
1404 2653 1525 2695 liberi
1551 2654 1671 2696 vide-

232 2720 330 2748 mur
362 2708 469 2751 fore.
530 2709 599 2751 De
634 2720 728 2751 tota
761 2711 983 2765 republica
1017 2710 1141 2768 plura
1173 2710 1373 2761 scribam,
1405 2721 1449 2752 et
1487 2711 1669 2753 fortasse

225 2762 321 2862 jlam
363 2767 547 2810 certiora
576 2767 643 2810 his
685 2766 854 2822 litteris,
895 2783 999 2825 quas
1039 2768 1184 2812 Veteri
1228 2778 1378 2810 nostro
1419 2769 1670 2826 cogitabam

232 2836 349 2865 (are.
