1940 3231
286 119 364 153 950
711 115 899 156 EPIST.
917 118 996 156 AD
1022 118 1294 158 BRUTUM.

287 217 374 258 lum
409 217 505 259 fuit.
567 218 714 261 Multo
738 221 911 276 quidem
934 221 1156 264 honestius
1172 222 1341 279 judico,
1363 218 1587 278 magisque
1610 217 1727 284 quod

286 275 524 316 concedere
556 279 693 332 possit
723 279 980 334 respublica,
1010 281 1263 322 miserorum
1294 280 1510 321 fortunam
1545 293 1630 342 non
1649 292 1729 342 ‘mv

290 333 459 383 sectari,
494 348 621 388 quam
657 335 825 376 infinite
858 336 1045 378 tribuere
1085 339 1350 393 potentibus,
1384 352 1480 392 quae
1514 335 1730 399 cupidita-

289 399 378 431 tem
413 399 457 431 et
492 391 783 447 arrogantiam
819 393 1045 435 incendere
1077 397 1258 450 possint.
1320 396 1421 442 Qua
1443 395 1485 435 in
1518 408 1577 446 re,
1603 392 1730 433 Cice-

291 461 354 498 rO,
378 447 442 489 vir
472 448 636 504 optime
667 463 717 489 ac
748 449 996 503 fortissime,
1030 452 1222 507 mihique
1252 453 1422 504 merito,
1451 460 1496 491 et
1525 465 1621 514 meo
1654 463 1731 513 not

290 505 422 555 mine,
445 515 488 545 et
520 505 787 562 reipublicae,
818 508 1052 560 carissime,
1086 510 1214 550 nimis
1243 511 1414 551 credere
1447 508 1604 548 videris
1639 520 1732 570 spei

292 570 409 605 tuae:
452 562 699 617 statimque,
735 574 781 603 ut
817 565 999 620 quisque
1036 565 1198 621 aliquid
1241 576 1354 608 recte
1390 565 1555 616 fecerit,
1587 578 1735 605 omnia

292 618 394 660 dare
423 633 474 660 ac
505 619 778 675 permittere:
811 623 932 677 quasi
964 638 1052 664 non
1083 623 1210 665 liceat
1232 625 1396 665 traduci
1420 624 1472 665 ad
1495 622 1607 663 mala
1628 634 1735 689 con-

293 675 388 718 silia
418 686 672 732 corruptum
701 677 1006 734 largitionibus
1039 681 1247 722 animuin.
1310 681 1421 727 Quae
1455 690 1527 721 tua
1557 689 1622 744 est
1653 690 1734 719 nu·-

291 732 492 785 manitas,
530 749 657 789 aequo
699 735 843 777 animo
887 748 929 779 te
970 739 1135 780 moneri
1180 738 1370 795 patieriS,
1405 747 1644 802 praesertim
1669 735 1737 799 ’de

293 790 513 832 communi
557 791 719 834 salute:
753 792 884 835 facies
924 804 1082 848 tamen,
1116 796 1232 852 quod
1275 796 1354 836 tibi
1395 795 1535 836 visum
1572 803 1734 835 tuerit:

292 848 424 889 etiam
455 862 553 904 ego,
577 863 674 891 cum
708 865 776 892 me
807 852 1018 894 docueris.
1060 854 1227 905 ‚Nunc,
1259 853 1430 903 Cicero,
1461 866 1575 892 nunc
1604 865 1738 914 agen7

293 905 398 946 dum
438 915 517 957 est,
560 922 614 947 ne
656 906 828 960 frustra,
870 926 1125 967 oppressum
1166 926 1257 952 esse
1295 909 1733 973 A11t011iun1,.gavisi

295 963 444 1014 simus,
466 977 547 1004 neu
581 978 748 1021 semper
781 967 818 996 16
834 968 961 1023 primi
993 969 1203 1025 cujusque
1235 968 1334 1009 mali
1357 966 1585 1009 excidendi
1607 979 1737 1028 causa

296 1020 366 1071 sit,
389 1030 435 1062 ut
457 1021 572 1062 aliud
595 1033 842 1065 renascatur
864 1025 936 1067 illo
960 1027 1099 1082 pejus,
1161 1025 1284 1067 Nihil
1308 1025 1402 1080 jam
1428 1027 1463 1058 ¹7
1476 1037 1614 1079 neque
1641 1036 1738 1078 opi-

278 1078 515 1130 .nant‘1bus‚
552 1088 626 1120 aut
668 1081 932 1135 patientibus
974 1085 1116 1136 nobis,
1158 1082 1537 1125 adversi-evenire
1581 1087 1738 1137 potest,

295 1135 338 1176 in
365 1150 450 1190 quo
484 1150 570 1177 non
607 1152 705 1178 cum
739 1141 934 1182 omnium
967 1142 1108 1197 culpa,
1131 1151 1221 1183 tum
1262 1141 1480 1197 praecipue
1514 1148 1588 1179 tua
1620 1136 1739 1178 futu-

294 1207 341 1233 ra
360 1194 442 1235 sit:
475 1193 599 1248 cujus
622 1204 787 1237 tantam
820 1199 1124 1240 auctoritatem
1153 1209 1324 1240 senatus
1356 1212 1406 1238 ac
1437 1196 1622 1261 populus
1645 1194 1738 1260 Ro-

294 1264 448 1291 manus
482 1265 568 1292 non
603 1252 739 1293 solum
777 1268 868 1295 esse
905 1257 1083 1311 patitur,
1125 1256 1195 1298 sed
1231 1256 1362 1297 etiam
1401 1264 1539 1311 cupit,
1576 1261 1741 1308 quanta

296 1309 490 1348 maxima
512 1309 555 1349 in
578 1308 713 1351 libera
734 1311 912 1354 civitate
936 1317 1059 1355 unius
1081 1328 1173 1355 esse
1194 1323 1348 1371 ‘potest
1369 1330 1378 1354 ε
1411 1326 1551 1376 quam·
1573 1323 1618 1352 tu
1651 1323 1764 1374 non.

298 1364 437 1406 solum
477 1366 586 1407 bene
620 1368 860 1422 sentiendo,
894 1372 966 1412 sed
1006 1371 1137 1413 etiam
1177 1371 1408 1428 prudenter
1448 1381 1555 1411 tueri
1593 1367 1740 1431 debes.

300 1420 538 1464 Prudentia
569 1438 712 1480 porro,
731 1428 881 1482 ⁴lssquae
915 1429 994 1470 tibi
1027 1438 1235 1485 superest,
1259 1428 1375 1469 nulla
1404 1428 1481 1469 abs
1510 1434 1553 1467 te
1573 1424 1742 1488 demde-

299 1490 432 1531 ratur,
472 1480 554 1521 nisi
596 1483 750 1524 modus
790 1484 834 1526 in
869 1487 1107 1528 tribuendis
1147 1486 1400 1528 honoribus.
1460 1483 1560 1526 Alia
1595 1496 1745 1524 omnia

300 1535 362 1579 sic
399 1538 570 1579 abunde
607 1541 778 1593 adsunt,
817 1550 864 1583 ut
897 1558 995 1585 cum
1030 1545 1226 1599 quolibet
1257 1544 1534 1599 antiquorum
1575 1543 1743 1606 J9com-

300 1596 441 1652 parari
476 1596 643 1652 possint
675 1607 762 1640 tuae
799 1600 991 1642 virtutes.
1023 1602 1207 1643 20unum
1237 1600 1338 1652 hoc,
1359 1611 1485 1656 grato
1515 1611 1660 1663 animo
1692 1596 1744 1660 li-

300 1652 520 1708 beralique
552 1654 811 1709 profectum,
839 1659 1076 1702 cautiorem
1108 1674 1159 1701 ac
1189 1658 1521 1700 moderatiorem
1557 1653 1745 1697 liberali-

300 1718 435 1751 tatem
467 1711 694 1753 desiderat.
757 1713 880 1755 Nihil
911 1716 1026 1757 enim
1057 1726 1228 1757 senatus
1251 1716 1453 1771 cuiquam
1475 1715 1577 1778 dare
1598 1712 1744 1761 debet,

301 1767 418 1822 quod
457 1768 568 1809 male
606 1769 902 1826 cogitantibus
938 1773 1139 1824 exemplo
1179 1781 1253 1814 aut
1288 1772 1492 1829 praesidio
1526 1778 1596 1811 Slt.
1658 1768 1749 1809 Ita-

301 1838 386 1880 que
420 1824 550 1866 timeo
583 1827 685 1867 2¹de
716 1830 956 1880 consulatu,
979 1845 1033 1872 ne
1056 1831 1205 1872 Caesar
1234 1839 1333 1872 tuus
1354 1829 1481 1870 altius
1503 1843 1548 1893 s'e
1569 1827 1748 1890 adscen-

302 1882 416 1923 disse
439 1893 562 1938 putet
583 1884 765 1926 decretis
790 1887 889 1938 tuis,
910 1890 1089 1943 cslquam
1121 1888 1235 1939 inde,
1259 1889 1292 1929 si
1325 1886 1476 1928 consul
1506 1887 1647 1926 tactus
1678 1892 1750 1948 stt,

303 1939 623 1982 descensurum.
687 1942 855 1989 Quodsi
886 1945 1121 1997 Antonius,
1141 1949 1181 1976 23
1195 1946 1249 1986 ab
1282 1945 1366 1986 alio
1399 1944 1594 1985 relictum
1626 1955 1749 2005 regn}

303 1997 655 2050 instrumentum,
679 2001 953 2043 occasionem
985 2003 1193 2060 regnandi
1227 2002 1403 2045 habuit:
1435 2015 1624 2057 quonam
1656 2013 1749 2040 anl-

303 2069 376 2096 mo
410 2054 502 2096 sore
534 2067 676 2113 putam,
711 2058 745 2097 si
779 2059 890 2114 quis,
924 2070 1115 2113 auctore,
1149 2075 1237 2102 non
1277 2072 1460 2117 tyranno
1500 2056 1747 2108 interfectQ

351 2202 390 2233 16
410 2203 512 2241 primi
534 2205 616 2233 malz*
637 2205 805 2235 excidendi
826 2215 929 2238 causa
949 2208 1004 2247 sit]

306 2244 431 2275 Brutus
446 2246 519 2276 vult
541 2246 660 2284 dicere,
680 2257 745 2277 neu
768 2257 896 2289 semper
911 2250 1007 2290 primi

307 2286 386 2317 mali
414 2288 535 2318 sublati
566 2288 618 2319 hic
645 2290 780 2320 effectus
808 2290 864 2327 sit,
892 2301 937 2323 sc.
967 2303 1008 2323 ne

1097 2211 1137 2239 20
1160 2218 1263 2238 unum
1281 2209 1349 2246 hoc,
1366 2212 1466 2246 graio
1481 2207 1592 2237 animo
1608 2205 1661 2236 lib.
1673 2208 1752 2244 pro·-

1038 2248 1172 2289 fectum
1188 2250 1262 2290 δία]
1283 2251 1420 2281 Sensum
1437 2260 1506 2280 esse
1521 2255 1617 2289 puto:
1635 2249 1668 2277 in
1685 2255 1753 2295 unp

1051 2292 1126 2329 hoc,
1143 2303 1341 2332 quamquam
1357 2292 1443 2332 grati
1460 2291 1665 2330 liberalisque
1681 2298 1752 2320 ani·

306 2339 435 2369 semper
450 2336 622 2370 propterea
640 2332 772 2372 aliquod
794 2333 920 2365 malum
943 2335 1007 2365 tol-

307 2370 429 2408 lamus,
444 2379 483 2403 ut
505 2373 595 2404 aliud
617 2374 804 2412 inducatur,
822 2375 918 2416 idque
940 2377 1007 2409 sere

307 2423 425 2451 majus.

355 2458 389 2489 Π
413 2467 516 2496 neque
542 2459 748 2498 opinantibus
771 2463 830 2490 aut
846 2462 1007 2500 patienti-

309 2498 367 2527 bus
381 2499 481 2538 nobis}
503 2500 626 2531 Praeter
640 2502 843 2541 opinionem,
859 2509 918 2533 aut
932 2515 1011 2534 con-

307 2546 363 2569 tra
395 2541 602 2572 voluntatem
640 2550 800 2576 nostram.
835 2555 937 2584 neque
969 2548 1010 2578 ad

309 2587 502 2622 utrumqne,
526 2586 734 2624 opinantibus
754 2593 790 2618 et
808 2590 1011 2628 patientibus

310 2624 468 2664 pertinet,
485 2632 598 2665 estque
616 2638 672 2667 pro
689 2639 763 2660 non.

357 2670 392 2698 18
416 2678 486 2708 quoe
508 2670 566 2698 tibi
588 2672 745 2712 superest]
771 2673 910 2704 Abunde
932 2682 1010 2715 sup-

310 2709 407 2749 petit.

356 2754 391 2785 19
414 2755 602 2791 comparari
621 2757 745 2794 possint
767 2760 833 2787 tuae
853 2758 1005 2797 virentes]

307 2792 387 2824 Mss.
414 2794 515 2825 Paris.
545 2801 610 2826 tuce
633 2799 771 2829 virtutes
799 2800 1010 2839 conjungunt.

308 2845 382 2866 cuni
399 2839 623 2877 sequentibus,
639 2844 677 2871 ut
693 2845 727 2872 et
743 2841 777 2873 in
799 2841 871 2872 aliis
888 2843 1009 2884 reperit

309 2876 493 2914 Manutius.

1051 2336 1097 2365 mi
1120 2335 1357 2365 documentum
1373 2339 1408 2365 et
1421 2344 1503 2375 opus
1523 2339 1586 2370 est,
1601 2332 1751 2364 modera-

1050 2377 1098 2407 tio
1115 2377 1321 2408 liberalitatis
1337 2377 1549 2409 desideratur.

1093 2422 1129 2450 21
1156 2421 1195 2450 de
1223 2419 1409 2459 consulatu]
1438 2420 1472 2450 Si
1499 2419 1609 2450 Caesar
1634 2415 1750 2447 consul

1050 2462 1156 2493 fat-tus
1171 2463 1224 2493 sit.

1096 2507 1137 2535 ‘2⁶2
1159 2515 1258 2545 quam
1290 2505 1364 2535 inde
1391 2502 1634 2541 descensurum]
1674 2501 1757 2537 Pro,

1053 2557 1151 2586 quam
1167 2553 1206 2578 ut
1221 2547 1295 2578 inde
1309 2546 1501 2577 descendere
1516 2545 1678 2593 sustineat
1694 2547 1753 2574 aut

1054 2590 1156 2629 possit
1171 2589 1374 2620 descendere.
1390 2594 1440 2619 est
1457 2597 1534 2618 sane
1557 2587 1680 2635 drusus,
1695 2585 1752 2616 sed

1053 2631 1136 2662 alius
1151 2642 1264 2662 sensus
1280 2630 1471 2661 commodus
1487 2629 1630 2670 exsculpi
1647 2639 1664 2659 e
1680 2638 1754 2659 ver·-

1054 2674 1100 2704 bis
1117 2684 1184 2704 non
1199 2679 1319 2715 potest.
1590 2714 1596 2720 .
1631 2714 1638 2719 ·

1095 2718 1134 2747 23
1159 2717 1199 2746 ab
1228 2718 1293 2746 alio
1322 2715 1471 2745 relictum
1500 2723 1599 2752 regm
1626 2717 1751 2744 znstru-

1052 2758 1214 2797 mentum]
1241 2759 1290 2788 Ab
1305 2758 1382 2793 alio,
1400 2767 1419 2786 a
1435 2758 1573 2788 Caesare.
1591 2755 1750 2803 regni-in-

1051 2807 1275 2831 strumentum
1303 2805 1337 2830 et
1365 2799 1449 2830 infra
1478 2809 1529 2839 ep.
1560 2801 1609 2829 15.
1632 2798 1753 2847 dieitur

1051 2844 1198 2875 delatum
1209 2844 1255 2875 ad
1263 2842 1443 2875 Antonium
1458 2845 1488 2872 ec
1503 2841 1680 2882 Lepidum,
1696 2839 1751 2870 ubi

1052 2885 1133 2917 vide,
