<?xml version="1.0" encoding="UTF-8"?>
<!DOCTYPE html PUBLIC "-//W3C//DTD XHTML 1.0 Transitional//EN"
    "http://www.w3.org/TR/xhtml1/DTD/xhtml1-transitional.dtd">
<html xmlns="http://www.w3.org/1999/xhtml" xml:lang="en" lang="en">
 <head>
  <title>
</title>
<meta http-equiv="Content-Type" content="text/html;charset=utf-8" />
  <meta name='ocr-system' content='tesseract 3.04.00' />
  <meta name='ocr-capabilities' content='ocr_page ocr_carea ocr_par ocr_line ocrx_word'/>
</head>
<body>
  <div class='ocr_page' id='page_1' title='image "./p2operaomnia03ciceuoft_0533.png"; bbox 0 0 1940 3231; ppageno 0'>
   <div class='ocr_carea' id='block_1_1' title="bbox 208 268 1793 1014">
    <p class='ocr_par' dir='ltr' id='par_1_1' title="bbox 208 268 1793 1014">
     <span class='ocr_line' id='line_1_1' title="bbox 217 268 1658 325; baseline 0.006 -18"><span class='ocrx_word' id='word_1_1' title='bbox 217 268 370 320; x_wconf 80' lang='lat' dir='ltr'>mavit,</span> <span class='ocrx_word' id='word_1_2' title='bbox 394 268 608 323; x_wconf 78' lang='lat' dir='ltr'>legatione</span> <span class='ocrx_word' id='word_1_3' title='bbox 643 279 856 324; x_wconf 83' lang='lat' dir='ltr'>suscepta,</span> <span class='ocrx_word' id='word_1_4' title='bbox 880 269 959 309; x_wconf 90' lang='lat' dir='ltr'>nisi</span> <span class='ocrx_word' id='word_1_5' title='bbox 992 279 1229 325; x_wconf 85' lang='lat' dir='ltr'>praetorum</span> <span class='ocrx_word' id='word_1_6' title='bbox 1257 271 1436 313; x_wconf 80' lang='lat' dir='ltr'>comitia</span> <span class='ocrx_word' id='word_1_7' title='bbox 1465 273 1658 316; x_wconf 82' lang='lat' dir='ltr'>habituri</span> 
     </span>
     <span class='ocr_line' id='line_1_2' title="bbox 217 325 1658 386; baseline 0.008 -24"><span class='ocrx_word' id='word_1_8' title='bbox 217 335 361 366; x_wconf 87' lang='lat' dir='ltr'>essent</span> <span class='ocrx_word' id='word_1_9' title='bbox 383 326 594 367; x_wconf 83' lang='lat' dir='ltr'>consules.</span> <span class='ocrx_word' id='word_1_10' title='bbox 634 325 748 366; x_wconf 85' lang='lat' dir='ltr'>Nam</span> <span class='ocrx_word' id='word_1_11' title='bbox 772 325 829 366; x_wconf 91' lang='lat' dir='ltr'>illi</span> <span class='ocrx_word' id='word_1_12' title='bbox 850 325 911 367; x_wconf 88' lang='lat' dir='ltr'>ita</span> <span class='ocrx_word' id='word_1_13' title='bbox 933 327 1134 368; x_wconf 84' lang='lat' dir='ltr'><strong>sentienti</strong></span> <span class='ocrx_word' id='word_1_14' title='bbox 1158 327 1211 368; x_wconf 85' lang='lat' dir='ltr'>de</span> <span class='ocrx_word' id='word_1_15' title='bbox 1233 328 1454 384; x_wconf 81' lang='lat' dir='ltr'>republica</span> <span class='ocrx_word' id='word_1_16' title='bbox 1475 344 1658 386; x_wconf 83' lang='lat' dir='ltr'>magno—</span> 
     </span>
     <span class='ocr_line' id='line_1_3' title="bbox 218 382 1656 443; baseline 0.006 -22"><span class='ocrx_word' id='word_1_17' title='bbox 218 394 320 435; x_wconf 89' lang='lat' dir='ltr'>pere</span> <span class='ocrx_word' id='word_1_18' title='bbox 342 393 493 424; x_wconf 80' lang='lat' dir='ltr'>auctor</span> <span class='ocrx_word' id='word_1_19' title='bbox 524 382 602 433; x_wconf 87' lang='lat' dir='ltr'>fui,</span> <span class='ocrx_word' id='word_1_20' title='bbox 624 397 677 422; x_wconf 91' lang='lat' dir='ltr'>ne</span> <span class='ocrx_word' id='word_1_21' title='bbox 715 382 907 425; x_wconf 85' lang='lat' dir='ltr'>differret</span> <span class='ocrx_word' id='word_1_22' title='bbox 929 394 1098 440; x_wconf 84' lang='lat' dir='ltr'>tempus</span> <span class='ocrx_word' id='word_1_23' title='bbox 1133 385 1356 440; x_wconf 82' lang='lat' dir='ltr'>petitionis</span> <span class='ocrx_word' id='word_1_24' title='bbox 1395 400 1499 427; x_wconf 87' lang='lat' dir='ltr'>suae.</span> <span class='ocrx_word' id='word_1_25' title='bbox 1531 389 1656 443; x_wconf 78' lang='lat' dir='ltr'>cujus</span> 
     </span>
     <span class='ocr_line' id='line_1_4' title="bbox 218 437 1657 499; baseline 0.006 -22"><span class='ocrx_word' id='word_1_26' title='bbox 218 437 382 479; x_wconf 77' lang='lat' dir='ltr'>factum</span> <span class='ocrx_word' id='word_1_27' title='bbox 422 441 621 480; x_wconf 71' lang='lat' dir='ltr'>omnibus</span> <span class='ocrx_word' id='word_1_28' title='bbox 661 450 831 496; x_wconf 85' lang='lat' dir='ltr'>gratum</span> <span class='ocrx_word' id='word_1_29' title='bbox 872 456 964 483; x_wconf 79' lang='lat' dir='ltr'>esse</span> <span class='ocrx_word' id='word_1_30' title='bbox 999 443 1145 493; x_wconf 87' lang='lat' dir='ltr'>debet,</span> <span class='ocrx_word' id='word_1_31' title='bbox 1175 443 1249 498; x_wconf 94' lang='lat' dir='ltr'>qui</span> <span class='ocrx_word' id='word_1_32' title='bbox 1281 443 1411 484; x_wconf 87' lang='lat' dir='ltr'>modo</span> <span class='ocrx_word' id='word_1_33' title='bbox 1438 444 1657 499; x_wconf 80' lang='lat' dir='ltr'>judicant,</span> 
     </span>
     <span class='ocr_line' id='line_1_5' title="bbox 219 494 1656 557; baseline 0.006 -22"><span class='ocrx_word' id='word_1_34' title='bbox 219 494 335 537; x_wconf 70' lang='lat' dir='ltr'>hunc</span> <span class='ocrx_word' id='word_1_35' title='bbox 357 498 596 538; x_wconf 68' lang='lat' dir='ltr'>exercituin</span> <span class='ocrx_word' id='word_1_36' title='bbox 621 512 711 538; x_wconf 80' lang='lat' dir='ltr'>csse</span> <span class='ocrx_word' id='word_1_37' title='bbox 736 499 1000 554; x_wconf 84' lang='lat' dir='ltr'>reipublicae.</span> <span class='ocrx_word' id='word_1_38' title='bbox 1034 500 1111 540; x_wconf 82' lang='lat' dir='ltr'>tibi</span> <span class='ocrx_word' id='word_1_39' title='bbox 1138 510 1258 541; x_wconf 78' lang='lat' dir='ltr'>tanto</span> <span class='ocrx_word' id='word_1_40' title='bbox 1281 501 1460 556; x_wconf 81' lang='lat' dir='ltr'>gratius,</span> <span class='ocrx_word' id='word_1_41' title='bbox 1492 512 1656 557; x_wconf 84' lang='lat' dir='ltr'>quanto</span> 
     </span>
     <span class='ocr_line' id='line_1_6' title="bbox 215 555 1793 611; baseline 0.005 -18"><span class='ocrx_word' id='word_1_42' title='bbox 215 564 259 593; x_wconf 75' lang='lat' dir='ltr'>et</span> <span class='ocrx_word' id='word_1_43' title='bbox 282 555 445 610; x_wconf 68' lang='lat' dir='ltr'>majore</span> <span class='ocrx_word' id='word_1_44' title='bbox 476 555 620 595; x_wconf 85' lang='lat' dir='ltr'>animo</span> <span class='ocrx_word' id='word_1_45' title='bbox 645 555 867 611; x_wconf 83' lang='lat' dir='ltr'>gloriaque</span> <span class='ocrx_word' id='word_1_46' title='bbox 888 556 1132 598; x_wconf 78' lang='lat' dir='ltr'>libertatern</span> <span class='ocrx_word' id='word_1_47' title='bbox 1166 568 1355 598; x_wconf 83' lang='lat' dir='ltr'>nostram</span> <span class='ocrx_word' id='word_1_48' title='bbox 1379 558 1591 611; x_wconf 79' lang='lat' dir='ltr'>defendis,</span> <span class='ocrx_word' id='word_1_49' title='bbox 1612 569 1699 604; x_wconf 74' lang='lat' dir='ltr'>etp.</span> <span class='ocrx_word' id='word_1_50' title='bbox 1717 569 1793 598; x_wconf 77' lang='lat'>280,</span> 
     </span>
     <span class='ocr_line' id='line_1_7' title="bbox 216 611 1698 673; baseline 0.005 -22"><span class='ocrx_word' id='word_1_51' title='bbox 216 611 500 668; x_wconf 66' lang='lat' dir='ltr'>dignitatem,</span> <span class='ocrx_word' id='word_1_52' title='bbox 545 627 578 652; x_wconf 66' lang='lat'>:1</span> <span class='ocrx_word' id='word_1_53' title='bbox 619 613 854 669; x_wconf 87' lang='lat' dir='ltr'>contigerit</span> <span class='ocrx_word' id='word_1_54' title='bbox 897 615 1052 656; x_wconf 82' lang='lat' dir='ltr'>nostris</span> <span class='ocrx_word' id='word_1_55' title='bbox 1094 616 1284 656; x_wconf 86' lang='lat' dir='ltr'>consiliis</span> <span class='ocrx_word' id='word_1_56' title='bbox 1326 616 1486 668; x_wconf 69' lang='lat' dir='ltr'>exitus,</span> <span class='ocrx_word' id='word_1_57' title='bbox 1527 620 1698 673; x_wconf 67' lang='lat' dir='ltr'>quema-</span> 
     </span>
     <span class='ocr_line' id='line_1_8' title="bbox 215 669 1657 731; baseline 0.005 -22"><span class='ocrx_word' id='word_1_58' title='bbox 215 680 432 725; x_wconf 83' lang='lat' dir='ltr'>optamus,</span> <span class='ocrx_word' id='word_1_59' title='bbox 454 671 493 698; x_wconf 67' lang='lat'>3¹3</span> <span class='ocrx_word' id='word_1_60' title='bbox 510 669 814 725; x_wconf 85' lang='lat' dir='ltr'>perfuncturus</span> <span class='ocrx_word' id='word_1_61' title='bbox 845 685 903 713; x_wconf 87' lang='lat' dir='ltr'>es.</span> <span class='ocrx_word' id='word_1_62' title='bbox 965 671 1061 727; x_wconf 83' lang='lat' dir='ltr'>Ego</span> <span class='ocrx_word' id='word_1_63' title='bbox 1093 673 1239 723; x_wconf 82' lang='lat' dir='ltr'>etiam,</span> <span class='ocrx_word' id='word_1_64' title='bbox 1272 673 1329 712; x_wconf 90' lang='lat' dir='ltr'>mi</span> <span class='ocrx_word' id='word_1_65' title='bbox 1364 672 1534 726; x_wconf 85' lang='lat' dir='ltr'>Cicero,</span> <span class='ocrx_word' id='word_1_66' title='bbox 1558 690 1657 731; x_wconf 91' lang='lat' dir='ltr'>pro-</span> 
     </span>
     <span class='ocr_line' id='line_1_9' title="bbox 217 726 1657 787; baseline 0.006 -21"><span class='ocrx_word' id='word_1_67' title='bbox 217 727 309 782; x_wconf 87' lang='lat' dir='ltr'>prie</span> <span class='ocrx_word' id='word_1_68' title='bbox 331 726 684 782; x_wconf 75' lang='lat' dir='ltr'>familiariterque</span> <span class='ocrx_word' id='word_1_69' title='bbox 718 737 761 768; x_wconf 88' lang='lat' dir='ltr'>te</span> <span class='ocrx_word' id='word_1_70' title='bbox 784 743 907 784; x_wconf 88' lang='lat' dir='ltr'>rogo,</span> <span class='ocrx_word' id='word_1_71' title='bbox 930 740 978 770; x_wconf 87' lang='lat' dir='ltr'>ut</span> <span class='ocrx_word' id='word_1_72' title='bbox 1002 729 1199 770; x_wconf 82' lang='lat' dir='ltr'>Veterem</span> <span class='ocrx_word' id='word_1_73' title='bbox 1225 744 1355 781; x_wconf 78' lang='lat' dir='ltr'>ames,</span> <span class='ocrx_word' id='word_1_74' title='bbox 1379 731 1569 787; x_wconf 84' lang='lat' dir='ltr'>velisque</span> <span class='ocrx_word' id='word_1_75' title='bbox 1591 747 1657 774; x_wconf 81' lang='lat' dir='ltr'>es-</span> 
     </span>
     <span class='ocr_line' id='line_1_10' title="bbox 213 784 1656 846; baseline 0.004 -22"><span class='ocrx_word' id='word_1_76' title='bbox 213 797 259 824; x_wconf 87' lang='lat' dir='ltr'>se</span> <span class='ocrx_word' id='word_1_77' title='bbox 279 798 408 839; x_wconf 88' lang='lat' dir='ltr'>quam</span> <span class='ocrx_word' id='word_1_78' title='bbox 433 784 743 840; x_wconf 81' lang='lat' dir='ltr'>amplissimum</span> <span class='ocrx_word' id='word_1_79' title='bbox 763 802 771 827; x_wconf 91' lang='lat'><strong>:</strong></span> <span class='ocrx_word' id='word_1_80' title='bbox 810 786 883 840; x_wconf 91' lang='lat' dir='ltr'>qui</span> <span class='ocrx_word' id='word_1_81' title='bbox 909 788 988 828; x_wconf 87' lang='lat' dir='ltr'>etsi</span> <span class='ocrx_word' id='word_1_82' title='bbox 1023 787 1137 829; x_wconf 88' lang='lat' dir='ltr'>nulla</span> <span class='ocrx_word' id='word_1_83' title='bbox 1160 803 1203 828; x_wconf 89' lang='lat' dir='ltr'>re</span> <span class='ocrx_word' id='word_1_84' title='bbox 1224 788 1426 829; x_wconf 78' lang='lat' dir='ltr'>deterreri</span> <span class='ocrx_word' id='word_1_85' title='bbox 1449 804 1475 830; x_wconf 80' lang='lat' dir='ltr'>a</span> <span class='ocrx_word' id='word_1_86' title='bbox 1499 805 1656 846; x_wconf 88' lang='lat' dir='ltr'>propo-</span> 
     </span>
     <span class='ocr_line' id='line_1_11' title="bbox 208 841 1658 903; baseline 0.006 -22"><span class='ocrx_word' id='word_1_87' title='bbox 208 841 298 885; x_wconf 83' lang='lat' dir='ltr'>‚sito</span> <span class='ocrx_word' id='word_1_88' title='bbox 340 851 497 897; x_wconf 79' lang='lat' dir='ltr'>potest,</span> <span class='ocrx_word' id='word_1_89' title='bbox 530 851 672 883; x_wconf 85' lang='lat' dir='ltr'>tamen</span> <span class='ocrx_word' id='word_1_90' title='bbox 713 843 896 884; x_wconf 85' lang='lat' dir='ltr'>excitari</span> <span class='ocrx_word' id='word_1_91' title='bbox 937 846 1020 886; x_wconf 90' lang='lat' dir='ltr'>tuis</span> <span class='ocrx_word' id='word_1_92' title='bbox 1052 845 1268 898; x_wconf 81' lang='lat' dir='ltr'>laudibus,</span> <span class='ocrx_word' id='word_1_93' title='bbox 1300 845 1658 903; x_wconf 74' lang='lat' dir='ltr'>indulgentiaque</span> 
     </span>
     <span class='ocr_line' id='line_1_12' title="bbox 211 900 1655 959; baseline 0.005 -20"><span class='ocrx_word' id='word_1_94' title='bbox 211 900 388 955; x_wconf 86' lang='lat' dir='ltr'>poterit,</span> <span class='ocrx_word' id='word_1_95' title='bbox 412 914 499 955; x_wconf 90' lang='lat' dir='ltr'>quo</span> <span class='ocrx_word' id='word_1_96' title='bbox 530 900 669 956; x_wconf 80' lang='lat' dir='ltr'>magis</span> <span class='ocrx_word' id='word_1_97' title='bbox 694 900 967 956; x_wconf 83' lang='lat' dir='ltr'>amplexetur</span> <span class='ocrx_word' id='word_1_98' title='bbox 997 917 1047 944; x_wconf 86' lang='lat' dir='ltr'>ac</span> <span class='ocrx_word' id='word_1_99' title='bbox 1079 912 1249 944; x_wconf 80' lang='lat' dir='ltr'>tueatur</span> <span class='ocrx_word' id='word_1_100' title='bbox 1272 902 1495 959; x_wconf 81' lang='lat' dir='ltr'>judicium</span> <span class='ocrx_word' id='word_1_101' title='bbox 1515 920 1655 946; x_wconf 87' lang='lat' dir='ltr'>suum.</span> 
     </span>
     <span class='ocr_line' id='line_1_13' title="bbox 210 956 825 1014; baseline 0 -15"><span class='ocrx_word' id='word_1_102' title='bbox 210 967 255 999; x_wconf 85' lang='lat' dir='ltr'>et</span> <span class='ocrx_word' id='word_1_103' title='bbox 277 956 383 999; x_wconf 84' lang='lat' dir='ltr'>mihi</span> <span class='ocrx_word' id='word_1_104' title='bbox 411 957 707 1014; x_wconf 85' lang='lat' dir='ltr'>gratissimum</span> <span class='ocrx_word' id='word_1_105' title='bbox 729 959 825 999; x_wconf 90' lang='lat' dir='ltr'>erit.</span> 
     </span>
    </p>
   </div>
   <div class='ocr_carea' id='block_1_2' title="bbox 727 1048 1725 1093">
    <p class='ocr_par' dir='ltr' id='par_1_2' title="bbox 727 1048 1725 1093">
     <span class='ocr_line' id='line_1_14' title="bbox 727 1048 1725 1093; baseline 0.005 -7"><span class='ocrx_word' id='word_1_106' title='bbox 727 1048 1137 1087; x_wconf 88' lang='lat' dir='ltr'><strong>ARGUMENTUM.</strong></span> <span class='ocrx_word' id='word_1_107' title='bbox 1674 1054 1725 1093; x_wconf 70' lang='lat'>12</span> 
     </span>
    </p>
   </div>
   <div class='ocr_carea' id='block_1_3' title="bbox 209 1111 1659 1315">
    <p class='ocr_par' dir='ltr' id='par_1_3' title="bbox 209 1111 1659 1315">
     <span class='ocr_line' id='line_1_15' title="bbox 209 1111 1657 1162; baseline 0.003 -13"><span class='ocrx_word' id='word_1_108' title='bbox 209 1112 376 1152; x_wconf 16' lang='lat' dir='ltr'>*Excusat</span> <span class='ocrx_word' id='word_1_109' title='bbox 392 1125 430 1149; x_wconf 80' lang='lat' dir='ltr'>se</span> <span class='ocrx_word' id='word_1_110' title='bbox 457 1113 590 1156; x_wconf 81' lang='lat' dir='ltr'>Bruto,</span> <span class='ocrx_word' id='word_1_111' title='bbox 614 1114 711 1162; x_wconf 82' lang='lat' dir='ltr'>quod</span> <span class='ocrx_word' id='word_1_112' title='bbox 728 1115 858 1149; x_wconf 78' lang='lat' dir='ltr'>matris</span> <span class='ocrx_word' id='word_1_113' title='bbox 885 1111 961 1160; x_wconf 79' lang='lat' dir='ltr'>ejus</span> <span class='ocrx_word' id='word_1_114' title='bbox 988 1118 1025 1150; x_wconf 84' lang='lat' dir='ltr'>et</span> <span class='ocrx_word' id='word_1_115' title='bbox 1042 1115 1177 1150; x_wconf 74' lang='lat' dir='ltr'>sororis</span> <span class='ocrx_word' id='word_1_116' title='bbox 1193 1113 1368 1162; x_wconf 81' lang='lat' dir='ltr'>precibus,</span> <span class='ocrx_word' id='word_1_117' title='bbox 1390 1114 1434 1150; x_wconf 80' lang='lat' dir='ltr'>de</span> <span class='ocrx_word' id='word_1_118' title='bbox 1458 1116 1582 1153; x_wconf 80' lang='lat' dir='ltr'>liberis</span> <span class='ocrx_word' id='word_1_119' title='bbox 1600 1116 1657 1154; x_wconf 89' lang='lat' dir='ltr'>M.</span> 
     </span>
     <span class='ocr_line' id='line_1_16' title="bbox 262 1164 1659 1216; baseline 0.003 -15"><span class='ocrx_word' id='word_1_120' title='bbox 262 1166 409 1214; x_wconf 79' lang='lat' dir='ltr'>Lepidi,</span> <span class='ocrx_word' id='word_1_121' title='bbox 437 1178 542 1214; x_wconf 83' lang='lat' dir='ltr'>quem</span> <span class='ocrx_word' id='word_1_122' title='bbox 559 1165 697 1202; x_wconf 76' lang='lat' dir='ltr'>hostem</span> <span class='ocrx_word' id='word_1_123' title='bbox 717 1165 874 1202; x_wconf 74' lang='lat' dir='ltr'>Senatus</span> <span class='ocrx_word' id='word_1_124' title='bbox 890 1164 1098 1212; x_wconf 75' lang='lat' dir='ltr'>judicarat,</span> <span class='ocrx_word' id='word_1_125' title='bbox 1118 1167 1339 1214; x_wconf 70' lang='lat' dir='ltr'>excipiendis</span> <span class='ocrx_word' id='word_1_126' title='bbox 1356 1166 1568 1216; x_wconf 73' lang='lat' dir='ltr'>satisfacere</span> <span class='ocrx_word' id='word_1_127' title='bbox 1584 1182 1659 1208; x_wconf 71' lang='lat' dir='ltr'>nori</span> 
     </span>
     <span class='ocr_line' id='line_1_17' title="bbox 258 1218 1657 1268; baseline 0.001 -14"><span class='ocrx_word' id='word_1_128' title='bbox 258 1223 392 1267; x_wconf 79' lang='lat' dir='ltr'>posset.</span> <span class='ocrx_word' id='word_1_129' title='bbox 449 1218 511 1254; x_wconf 87' lang='lat' dir='ltr'>De</span> <span class='ocrx_word' id='word_1_130' title='bbox 536 1219 701 1256; x_wconf 76' lang='lat' dir='ltr'>Antistio</span> <span class='ocrx_word' id='word_1_131' title='bbox 721 1219 923 1255; x_wconf 79' lang='lat' dir='ltr'>liberaliter</span> <span class='ocrx_word' id='word_1_132' title='bbox 945 1219 1146 1268; x_wconf 78' lang='lat' dir='ltr'>promittit,</span> <span class='ocrx_word' id='word_1_133' title='bbox 1169 1223 1204 1255; x_wconf 80' lang='lat' dir='ltr'>et</span> <span class='ocrx_word' id='word_1_134' title='bbox 1231 1221 1350 1268; x_wconf 78' lang='lat' dir='ltr'>ipsum</span> <span class='ocrx_word' id='word_1_135' title='bbox 1367 1223 1409 1255; x_wconf 74' lang='lat' dir='ltr'>ut</span> <span class='ocrx_word' id='word_1_136' title='bbox 1437 1221 1475 1256; x_wconf 81' lang='lat' dir='ltr'>in</span> <span class='ocrx_word' id='word_1_137' title='bbox 1504 1219 1657 1265; x_wconf 73' lang='lat' dir='ltr'>Italiam</span> 
     </span>
     <span class='ocr_line' id='line_1_18' title="bbox 259 1271 598 1315; baseline 0.003 -7"><span class='ocrx_word' id='word_1_138' title='bbox 259 1272 396 1315; x_wconf 74' lang='lat' dir='ltr'>veniat,</span> <span class='ocrx_word' id='word_1_139' title='bbox 416 1271 598 1309; x_wconf 77' lang='lat' dir='ltr'>hortatur.</span> 
     </span>
    </p>
   </div>
   <div class='ocr_carea' id='block_1_4' title="bbox 652 1338 1213 1383">
    <p class='ocr_par' dir='ltr' id='par_1_4' title="bbox 652 1338 1213 1383">
     <span class='ocr_line' id='line_1_19' title="bbox 652 1338 1213 1383; baseline 0.002 -2"><span class='ocrx_word' id='word_1_140' title='bbox 652 1338 890 1382; x_wconf 87' lang='lat' dir='ltr'>CICERO</span> <span class='ocrx_word' id='word_1_141' title='bbox 923 1339 1136 1383; x_wconf 87' lang='lat' dir='ltr'>BRUTO</span> <span class='ocrx_word' id='word_1_142' title='bbox 1168 1341 1213 1382; x_wconf 87' lang='lat' dir='ltr'>S.</span> 
     </span>
    </p>
   </div>
   <div class='ocr_carea' id='block_1_5' title="bbox 186 1413 1688 2698">
    <p class='ocr_par' dir='ltr' id='par_1_5' title="bbox 186 1413 1688 2698">
     <span class='ocr_line' id='line_1_20' title="bbox 210 1413 1656 1479; baseline 0.002 -13"><span class='ocrx_word' id='word_1_143' title='bbox 210 1413 359 1467; x_wconf 83' lang='lat' dir='ltr'>ETSI</span> <span class='ocrx_word' id='word_1_144' title='bbox 395 1424 572 1468; x_wconf 85' lang='lat' dir='ltr'>daturus</span> <span class='ocrx_word' id='word_1_145' title='bbox 613 1440 730 1467; x_wconf 80' lang='lat' dir='ltr'>eram</span> <span class='ocrx_word' id='word_1_146' title='bbox 764 1425 970 1468; x_wconf 59' lang='lat' dir='ltr'>Messalae</span> <span class='ocrx_word' id='word_1_147' title='bbox 1003 1426 1198 1468; x_wconf 85' lang='lat' dir='ltr'>Corvino</span> <span class='ocrx_word' id='word_1_148' title='bbox 1232 1426 1442 1468; x_wconf 88' lang='lat' dir='ltr'>continuo</span> <span class='ocrx_word' id='word_1_149' title='bbox 1474 1426 1656 1479; x_wconf 80' lang='lat' dir='ltr'>litteras,</span> 
     </span>
     <span class='ocr_line' id='line_1_21' title="bbox 205 1483 1656 1527; baseline 0.002 -3"><span class='ocrx_word' id='word_1_150' title='bbox 205 1490 350 1524; x_wconf 85' lang='lat' dir='ltr'>tamen</span> <span class='ocrx_word' id='word_1_151' title='bbox 393 1483 595 1526; x_wconf 87' lang='lat' dir='ltr'>Veterem</span> <span class='ocrx_word' id='word_1_152' title='bbox 635 1493 829 1525; x_wconf 86' lang='lat' dir='ltr'>nostrum</span> <span class='ocrx_word' id='word_1_153' title='bbox 870 1484 923 1526; x_wconf 85' lang='lat' dir='ltr'>ad</span> <span class='ocrx_word' id='word_1_154' title='bbox 961 1494 1004 1525; x_wconf 90' lang='lat' dir='ltr'>te</span> <span class='ocrx_word' id='word_1_155' title='bbox 1044 1485 1136 1525; x_wconf 88' lang='lat' dir='ltr'>sine</span> <span class='ocrx_word' id='word_1_156' title='bbox 1169 1483 1323 1526; x_wconf 85' lang='lat' dir='ltr'>litteris</span> <span class='ocrx_word' id='word_1_157' title='bbox 1364 1485 1469 1526; x_wconf 86' lang='lat' dir='ltr'>meis</span> <span class='ocrx_word' id='word_1_158' title='bbox 1508 1486 1656 1527; x_wconf 85' lang='lat' dir='ltr'>venire</span> 
     </span>
     <span class='ocr_line' id='line_1_22' title="bbox 202 1540 1656 1599; baseline 0.001 -17"><span class='ocrx_word' id='word_1_159' title='bbox 202 1540 340 1582; x_wconf 89' lang='lat' dir='ltr'>nolui.</span> <span class='ocrx_word' id='word_1_160' title='bbox 401 1540 606 1582; x_wconf 82' lang='lat' dir='ltr'>Maximo</span> <span class='ocrx_word' id='word_1_161' title='bbox 649 1541 693 1581; x_wconf 89' lang='lat' dir='ltr'>in</span> <span class='ocrx_word' id='word_1_162' title='bbox 734 1541 984 1584; x_wconf 82' lang='lat' dir='ltr'>discrimine</span> <span class='ocrx_word' id='word_1_163' title='bbox 1021 1542 1280 1599; x_wconf 82' lang='lat' dir='ltr'>respublica,</span> <span class='ocrx_word' id='word_1_164' title='bbox 1320 1541 1470 1593; x_wconf 86' lang='lat' dir='ltr'>Brute,</span> <span class='ocrx_word' id='word_1_165' title='bbox 1512 1556 1656 1584; x_wconf 84' lang='lat' dir='ltr'>versa-</span> 
     </span>
     <span class='ocr_line' id='line_1_23' title="bbox 204 1598 1654 1655; baseline 0.003 -17"><span class='ocrx_word' id='word_1_166' title='bbox 204 1607 288 1651; x_wconf 85' lang='lat' dir='ltr'>tur,</span> <span class='ocrx_word' id='word_1_167' title='bbox 321 1598 594 1655; x_wconf 89' lang='lat' dir='ltr'>victoresque</span> <span class='ocrx_word' id='word_1_168' title='bbox 625 1612 768 1640; x_wconf 81' lang='lat' dir='ltr'>rursus</span> <span class='ocrx_word' id='word_1_169' title='bbox 808 1599 1027 1641; x_wconf 83' lang='lat' dir='ltr'>decertare</span> <span class='ocrx_word' id='word_1_170' title='bbox 1060 1600 1273 1655; x_wconf 79' lang='lat' dir='ltr'>cogimur.</span> <span class='ocrx_word' id='word_1_171' title='bbox 1306 1600 1350 1641; x_wconf 87' lang='lat' dir='ltr'>id</span> <span class='ocrx_word' id='word_1_172' title='bbox 1391 1600 1552 1641; x_wconf 81' lang='lat' dir='ltr'>accidit</span> <span class='ocrx_word' id='word_1_173' title='bbox 1583 1600 1654 1643; x_wconf 88' lang='grc' dir='ltr'>Μ.</span> 
     </span>
     <span class='ocr_line' id='line_1_24' title="bbox 204 1654 1654 1713; baseline 0.001 -17"><span class='ocrx_word' id='word_1_174' title='bbox 204 1654 358 1712; x_wconf 90' lang='lat' dir='ltr'>Lepidi</span> <span class='ocrx_word' id='word_1_175' title='bbox 382 1656 539 1698; x_wconf 84' lang='lat' dir='ltr'>scelere</span> <span class='ocrx_word' id='word_1_176' title='bbox 561 1665 604 1698; x_wconf 89' lang='lat' dir='ltr'>et</span> <span class='ocrx_word' id='word_1_177' title='bbox 635 1656 839 1698; x_wconf 84' lang='lat' dir='ltr'>amentia.</span> <span class='ocrx_word' id='word_1_178' title='bbox 902 1657 1004 1705; x_wconf 85' lang='lat' dir='ltr'>Quo</span> <span class='ocrx_word' id='word_1_179' title='bbox 1027 1667 1222 1713; x_wconf 87' lang='lat' dir='ltr'>tempore</span> <span class='ocrx_word' id='word_1_180' title='bbox 1253 1673 1352 1698; x_wconf 89' lang='lat' dir='ltr'>cum</span> <span class='ocrx_word' id='word_1_181' title='bbox 1386 1658 1521 1699; x_wconf 83' lang='lat' dir='ltr'>multa</span> <span class='ocrx_word' id='word_1_182' title='bbox 1553 1672 1654 1713; x_wconf 85' lang='lat' dir='ltr'>pro-</span> 
     </span>
     <span class='ocr_line' id='line_1_25' title="bbox 199 1715 1652 1772; baseline 0.003 -18"><span class='ocrx_word' id='word_1_183' title='bbox 199 1723 298 1769; x_wconf 82' lang='lat' dir='ltr'>pter</span> <span class='ocrx_word' id='word_1_184' title='bbox 335 1729 430 1755; x_wconf 87' lang='lat' dir='ltr'>eam</span> <span class='ocrx_word' id='word_1_185' title='bbox 472 1729 636 1765; x_wconf 82' lang='lat' dir='ltr'>curam,</span> <span class='ocrx_word' id='word_1_186' title='bbox 679 1729 810 1770; x_wconf 79' lang='lat' dir='ltr'>quam</span> <span class='ocrx_word' id='word_1_187' title='bbox 851 1730 931 1771; x_wconf 88' lang='lat' dir='ltr'>pro</span> <span class='ocrx_word' id='word_1_188' title='bbox 971 1715 1194 1772; x_wconf 83' lang='lat' dir='ltr'>republica</span> <span class='ocrx_word' id='word_1_189' title='bbox 1233 1715 1417 1772; x_wconf 82' lang='lat' dir='ltr'>suscepi,</span> <span class='ocrx_word' id='word_1_190' title='bbox 1460 1715 1652 1771; x_wconf 85' lang='lat' dir='ltr'>graviter</span> 
     </span>
     <span class='ocr_line' id='line_1_26' title="bbox 200 1770 1651 1830; baseline 0.001 -18"><span class='ocrx_word' id='word_1_191' title='bbox 200 1770 372 1823; x_wconf 80' lang='lat' dir='ltr'>ferrem,</span> <span class='ocrx_word' id='word_1_192' title='bbox 397 1781 492 1813; x_wconf 90' lang='lat' dir='ltr'>tum</span> <span class='ocrx_word' id='word_1_193' title='bbox 517 1771 627 1813; x_wconf 90' lang='lat' dir='ltr'>nihil</span> <span class='ocrx_word' id='word_1_194' title='bbox 650 1772 726 1813; x_wconf 90' lang='lat' dir='ltr'>tuli</span> <span class='ocrx_word' id='word_1_195' title='bbox 759 1773 948 1829; x_wconf 81' lang='lat' dir='ltr'>gravius,</span> <span class='ocrx_word' id='word_1_196' title='bbox 971 1788 1102 1828; x_wconf 78' lang='lat' dir='ltr'>quam</span> <span class='ocrx_word' id='word_1_197' title='bbox 1130 1788 1199 1814; x_wconf 89' lang='lat' dir='ltr'>me</span> <span class='ocrx_word' id='word_1_198' title='bbox 1230 1788 1317 1814; x_wconf 88' lang='lat' dir='ltr'>non</span> <span class='ocrx_word' id='word_1_199' title='bbox 1352 1788 1477 1830; x_wconf 86' lang='lat' dir='ltr'>posse</span> <span class='ocrx_word' id='word_1_200' title='bbox 1500 1775 1651 1814; x_wconf 80' lang='lat' dir='ltr'>matris</span> 
     </span>
     <span class='ocr_line' id='line_1_27' title="bbox 200 1829 1652 1886; baseline 0.001 -16"><span class='ocrx_word' id='word_1_201' title='bbox 200 1837 289 1870; x_wconf 82' lang='lat' dir='ltr'>tuae</span> <span class='ocrx_word' id='word_1_202' title='bbox 334 1830 535 1886; x_wconf 86' lang='lat' dir='ltr'>precibus</span> <span class='ocrx_word' id='word_1_203' title='bbox 577 1829 743 1882; x_wconf 88' lang='lat' dir='ltr'>cedere,</span> <span class='ocrx_word' id='word_1_204' title='bbox 768 1845 854 1872; x_wconf 89' lang='lat' dir='ltr'>non</span> <span class='ocrx_word' id='word_1_205' title='bbox 895 1831 1067 1872; x_wconf 87' lang='lat' dir='ltr'>sororis.</span> <span class='ocrx_word' id='word_1_206' title='bbox 1112 1846 1213 1872; x_wconf 79' lang='lat' dir='ltr'>nam</span> <span class='ocrx_word' id='word_1_207' title='bbox 1257 1831 1353 1882; x_wconf 87' lang='lat' dir='ltr'>tibi,</span> <span class='ocrx_word' id='word_1_208' title='bbox 1384 1831 1502 1886; x_wconf 86' lang='lat' dir='ltr'>quod</span> <span class='ocrx_word' id='word_1_209' title='bbox 1540 1831 1652 1873; x_wconf 87' lang='lat' dir='ltr'>mihi</span> 
     </span>
     <span class='ocr_line' id='line_1_28' title="bbox 199 1885 1649 1942; baseline 0.002 -15"><span class='ocrx_word' id='word_1_210' title='bbox 199 1885 375 1942; x_wconf 88' lang='lat' dir='ltr'>plurimi</span> <span class='ocrx_word' id='word_1_211' title='bbox 418 1896 498 1940; x_wconf 86' lang='lat' dir='ltr'>est,</span> <span class='ocrx_word' id='word_1_212' title='bbox 541 1886 668 1929; x_wconf 86' lang='lat' dir='ltr'>facile</span> <span class='ocrx_word' id='word_1_213' title='bbox 712 1902 780 1929; x_wconf 85' lang='lat' dir='ltr'>me</span> <span class='ocrx_word' id='word_1_214' title='bbox 823 1888 1147 1930; x_wconf 81' lang='lat' dir='ltr'>satisfacturum</span> <span class='ocrx_word' id='word_1_215' title='bbox 1190 1888 1448 1930; x_wconf 81' lang='lat' dir='ltr'>arbitrabar.</span> <span class='ocrx_word' id='word_1_216' title='bbox 1512 1887 1649 1934; x_wconf 84' lang='lat' dir='ltr'>Nullo</span> 
     </span>
     <span class='ocr_line' id='line_1_29' title="bbox 198 1945 1647 2003; baseline 0.002 -17"><span class='ocrx_word' id='word_1_217' title='bbox 198 1945 314 1986; x_wconf 88' lang='lat' dir='ltr'>enim</span> <span class='ocrx_word' id='word_1_218' title='bbox 348 1946 477 1987; x_wconf 88' lang='lat' dir='ltr'>modo</span> <span class='ocrx_word' id='word_1_219' title='bbox 511 1954 682 2003; x_wconf 80' lang='lat' dir='ltr'>poterat</span> <span class='ocrx_word' id='word_1_220' title='bbox 703 1946 744 1977; x_wconf 86' lang='lat'>36</span> <span class='ocrx_word' id='word_1_221' title='bbox 760 1961 890 1988; x_wconf 80' lang='lat' dir='ltr'>causa</span> <span class='ocrx_word' id='word_1_222' title='bbox 924 1946 1077 2003; x_wconf 86' lang='lat' dir='ltr'>Lepidi</span> <span class='ocrx_word' id='word_1_223' title='bbox 1100 1946 1312 2003; x_wconf 82' lang='lat' dir='ltr'>distingui</span> <span class='ocrx_word' id='word_1_224' title='bbox 1346 1947 1401 1988; x_wconf 83' lang='lat' dir='ltr'>ab</span> <span class='ocrx_word' id='word_1_225' title='bbox 1423 1945 1647 1989; x_wconf 90' lang='lat' dir='ltr'>Antonio:</span> 
     </span>
     <span class='ocr_line' id='line_1_30' title="bbox 197 2003 1649 2060; baseline 0.001 -17"><span class='ocrx_word' id='word_1_226' title='bbox 197 2003 482 2059; x_wconf 87' lang='lat' dir='ltr'>omniumque</span> <span class='ocrx_word' id='word_1_227' title='bbox 514 2003 686 2059; x_wconf 87' lang='lat' dir='ltr'>judicio</span> <span class='ocrx_word' id='word_1_228' title='bbox 727 2004 858 2044; x_wconf 84' lang='lat' dir='ltr'>etiam</span> <span class='ocrx_word' id='word_1_229' title='bbox 891 2004 1038 2046; x_wconf 86' lang='lat' dir='ltr'>durior</span> <span class='ocrx_word' id='word_1_230' title='bbox 1076 2014 1182 2056; x_wconf 86' lang='lat' dir='ltr'>erat,</span> <span class='ocrx_word' id='word_1_231' title='bbox 1214 2004 1346 2060; x_wconf 88' lang='lat' dir='ltr'>quod,</span> <span class='ocrx_word' id='word_1_232' title='bbox 1375 2018 1476 2045; x_wconf 84' lang='lat' dir='ltr'>cum</span> <span class='ocrx_word' id='word_1_233' title='bbox 1509 2003 1649 2045; x_wconf 91' lang='lat' dir='ltr'>hono-</span> 
     </span>
     <span class='ocr_line' id='line_1_31' title="bbox 197 2060 1653 2118; baseline 0.002 -18"><span class='ocrx_word' id='word_1_234' title='bbox 197 2060 317 2102; x_wconf 87' lang='lat' dir='ltr'>ribus</span> <span class='ocrx_word' id='word_1_235' title='bbox 349 2061 625 2118; x_wconf 80' lang='lat' dir='ltr'>amplissimis</span> <span class='ocrx_word' id='word_1_236' title='bbox 656 2076 682 2101; x_wconf 86' lang='lat' dir='ltr'>a</span> <span class='ocrx_word' id='word_1_237' title='bbox 713 2072 1008 2110; x_wconf 13' lang='lat' dir='ltr'>senaturesset</span> <span class='ocrx_word' id='word_1_238' title='bbox 1034 2062 1220 2118; x_wconf 88' lang='lat' dir='ltr'>Lepidus</span> <span class='ocrx_word' id='word_1_239' title='bbox 1252 2071 1444 2112; x_wconf 82' lang='lat' dir='ltr'>ornatuS‚</span> <span class='ocrx_word' id='word_1_240' title='bbox 1467 2071 1560 2103; x_wconf 86' lang='lat' dir='ltr'>tum</span> <span class='ocrx_word' id='word_1_241' title='bbox 1582 2073 1653 2103; x_wconf 70' lang='lat' dir='ltr'>et-</span> 
     </span>
     <span class='ocr_line' id='line_1_32' title="bbox 196 2117 1648 2176; baseline 0.001 -17"><span class='ocrx_word' id='word_1_242' title='bbox 196 2117 282 2159; x_wconf 84' lang='lat' dir='ltr'>iam</span> <span class='ocrx_word' id='word_1_243' title='bbox 315 2120 464 2176; x_wconf 82' lang='lat' dir='ltr'>paucis</span> <span class='ocrx_word' id='word_1_244' title='bbox 496 2129 596 2160; x_wconf 84' lang='lat' dir='ltr'>ante</span> <span class='ocrx_word' id='word_1_245' title='bbox 626 2117 779 2161; x_wconf 89' lang='lat' dir='ltr'>diebus</span> <span class='ocrx_word' id='word_1_246' title='bbox 812 2119 1039 2176; x_wconf 84' lang='lat' dir='ltr'>praeclaras</span> <span class='ocrx_word' id='word_1_247' title='bbox 1075 2120 1236 2163; x_wconf 84' lang='lat' dir='ltr'>litteras</span> <span class='ocrx_word' id='word_1_248' title='bbox 1267 2120 1321 2161; x_wconf 85' lang='lat' dir='ltr'>ad</span> <span class='ocrx_word' id='word_1_249' title='bbox 1345 2128 1542 2161; x_wconf 82' lang='lat' dir='ltr'>senatum</span> <span class='ocrx_word' id='word_1_250' title='bbox 1566 2120 1648 2161; x_wconf 85' lang='lat' dir='ltr'>mi-</span> 
     </span>
     <span class='ocr_line' id='line_1_33' title="bbox 197 2176 1648 2234; baseline 0.002 -18"><span class='ocrx_word' id='word_1_251' title='bbox 197 2177 346 2219; x_wconf 87' lang='lat' dir='ltr'>sisset:</span> <span class='ocrx_word' id='word_1_252' title='bbox 387 2187 561 2233; x_wconf 87' lang='lat' dir='ltr'>repente</span> <span class='ocrx_word' id='word_1_253' title='bbox 595 2191 682 2218; x_wconf 90' lang='lat' dir='ltr'>non</span> <span class='ocrx_word' id='word_1_254' title='bbox 722 2176 861 2218; x_wconf 86' lang='lat' dir='ltr'>solum</span> <span class='ocrx_word' id='word_1_255' title='bbox 901 2180 1065 2234; x_wconf 88' lang='lat' dir='ltr'>recepit</span> <span class='ocrx_word' id='word_1_256' title='bbox 1099 2177 1299 2234; x_wconf 82' lang='lat' dir='ltr'>reliquias</span> <span class='ocrx_word' id='word_1_257' title='bbox 1331 2176 1539 2229; x_wconf 84' lang='lat' dir='ltr'>hostium,</span> <span class='ocrx_word' id='word_1_258' title='bbox 1572 2178 1648 2220; x_wconf 86' lang='lat' dir='ltr'>sed</span> 
     </span>
     <span class='ocr_line' id='line_1_34' title="bbox 197 2233 1647 2292; baseline 0.001 -17"><span class='ocrx_word' id='word_1_259' title='bbox 197 2233 356 2275; x_wconf 88' lang='lat' dir='ltr'>bellum</span> <span class='ocrx_word' id='word_1_260' title='bbox 389 2237 645 2277; x_wconf 87' lang='lat' dir='ltr'>acerrimum</span> <span class='ocrx_word' id='word_1_261' title='bbox 678 2242 790 2276; x_wconf 85' lang='lat' dir='ltr'>terra</span> <span class='ocrx_word' id='word_1_262' title='bbox 821 2236 1015 2292; x_wconf 79' lang='lat' dir='ltr'>marique</span> <span class='ocrx_word' id='word_1_263' title='bbox 1053 2236 1191 2292; x_wconf 87' lang='lat' dir='ltr'>gerit:</span> <span class='ocrx_word' id='word_1_264' title='bbox 1236 2235 1360 2291; x_wconf 87' lang='lat' dir='ltr'>cujus</span> <span class='ocrx_word' id='word_1_265' title='bbox 1394 2235 1538 2276; x_wconf 82' lang='lat' dir='ltr'>exitus</span> <span class='ocrx_word' id='word_1_266' title='bbox 1570 2235 1647 2291; x_wconf 68' lang='lat' dir='ltr'>qui,</span> 
     </span>
     <span class='ocr_line' id='line_1_35' title="bbox 197 2292 1646 2349; baseline 0.001 -17"><span class='ocrx_word' id='word_1_267' title='bbox 197 2292 367 2334; x_wconf 83' lang='lat' dir='ltr'>futurus</span> <span class='ocrx_word' id='word_1_268' title='bbox 391 2294 461 2344; x_wconf 88' lang='lat' dir='ltr'>sit,</span> <span class='ocrx_word' id='word_1_269' title='bbox 483 2293 696 2334; x_wconf 90' lang='lat' dir='ltr'>incertum</span> <span class='ocrx_word' id='word_1_270' title='bbox 726 2302 806 2334; x_wconf 88' lang='lat' dir='ltr'>est.</span> <span class='ocrx_word' id='word_1_271' title='bbox 868 2292 1023 2349; x_wconf 78' lang='lat' dir='ltr'>Itaque</span> <span class='ocrx_word' id='word_1_272' title='bbox 1044 2308 1142 2335; x_wconf 89' lang='lat' dir='ltr'>cum</span> <span class='ocrx_word' id='word_1_273' title='bbox 1167 2307 1385 2348; x_wconf 83' lang='lat' dir='ltr'>rogamur,</span> <span class='ocrx_word' id='word_1_274' title='bbox 1410 2302 1457 2333; x_wconf 92' lang='lat' dir='ltr'>ut</span> <span class='ocrx_word' id='word_1_275' title='bbox 1480 2293 1646 2334; x_wconf 87' lang='lat' dir='ltr'>miseri-</span> 
     </span>
     <span class='ocr_line' id='line_1_36' title="bbox 186 2349 1645 2406; baseline 0.003 -17"><span class='ocrx_word' id='word_1_276' title='bbox 186 2350 388 2391; x_wconf 67' lang='lat' dir='ltr'>‹cordiam</span> <span class='ocrx_word' id='word_1_277' title='bbox 412 2350 557 2392; x_wconf 88' lang='lat' dir='ltr'>liberis</span> <span class='ocrx_word' id='word_1_278' title='bbox 590 2349 684 2405; x_wconf 85' lang='lat' dir='ltr'>ejus</span> <span class='ocrx_word' id='word_1_279' title='bbox 707 2350 1021 2406; x_wconf 86' lang='lat' dir='ltr'>impertiamus,</span> <span class='ocrx_word' id='word_1_280' title='bbox 1044 2351 1154 2392; x_wconf 87' lang='lat' dir='ltr'>nibil</span> <span class='ocrx_word' id='word_1_281' title='bbox 1175 2351 1367 2402; x_wconf 82' lang='lat' dir='ltr'>affertur,</span> <span class='ocrx_word' id='word_1_282' title='bbox 1391 2365 1477 2406; x_wconf 91' lang='lat' dir='ltr'>quo</span> <span class='ocrx_word' id='word_1_283' title='bbox 1503 2351 1645 2394; x_wconf 85' lang='lat' dir='ltr'>minus</span> 
     </span>
     <span class='ocr_line' id='line_1_37' title="bbox 196 2407 1645 2465; baseline 0.001 -17"><span class='ocrx_word' id='word_1_284' title='bbox 196 2422 365 2449; x_wconf 85' lang='lat' dir='ltr'>summa</span> <span class='ocrx_word' id='word_1_285' title='bbox 398 2408 625 2465; x_wconf 81' lang='lat' dir='ltr'>supplicia,</span> <span class='ocrx_word' id='word_1_286' title='bbox 662 2407 695 2447; x_wconf 85' lang='lat' dir='ltr'>si</span> <span class='ocrx_word' id='word_1_287' title='bbox 730 2409 867 2463; x_wconf 89' lang='lat' dir='ltr'>(quod</span> <span class='ocrx_word' id='word_1_288' title='bbox 903 2408 1078 2465; x_wconf 83' lang='lat' dir='ltr'>Jupiter</span> <span class='ocrx_word' id='word_1_289' title='bbox 1114 2423 1240 2450; x_wconf 86' lang='lat' dir='ltr'>omen</span> <span class='ocrx_word' id='word_1_290' title='bbox 1277 2418 1442 2450; x_wconf 81' lang='lat' dir='ltr'>avertat</span> <span class='ocrx_word' id='word_1_291' title='bbox 1459 2409 1488 2459; x_wconf 88' lang='lat'>!)</span> <span class='ocrx_word' id='word_1_292' title='bbox 1524 2417 1645 2463; x_wconf 85' lang='lat' dir='ltr'>pater</span> 
     </span>
     <span class='ocr_line' id='line_1_38' title="bbox 194 2465 1644 2524; baseline 0.001 -19"><span class='ocrx_word' id='word_1_293' title='bbox 194 2479 426 2524; x_wconf 81' lang='lat' dir='ltr'>puerorum</span> <span class='ocrx_word' id='word_1_294' title='bbox 452 2465 618 2515; x_wconf 85' lang='lat' dir='ltr'>vicerit,</span> <span class='ocrx_word' id='word_1_295' title='bbox 641 2466 865 2507; x_wconf 83' lang='lat' dir='ltr'>subeunda</span> <span class='ocrx_word' id='word_1_296' title='bbox 883 2467 1009 2508; x_wconf 90' lang='lat' dir='ltr'>nobis</span> <span class='ocrx_word' id='word_1_297' title='bbox 1033 2467 1132 2507; x_wconf 88' lang='lat' dir='ltr'>sint.</span> <span class='ocrx_word' id='word_1_298' title='bbox 1179 2466 1274 2507; x_wconf 90' lang='lat' dir='ltr'>Nec</span> <span class='ocrx_word' id='word_1_299' title='bbox 1299 2481 1399 2507; x_wconf 81' lang='lat' dir='ltr'>vero</span> <span class='ocrx_word' id='word_1_300' title='bbox 1423 2480 1492 2507; x_wconf 88' lang='lat' dir='ltr'>me</span> <span class='ocrx_word' id='word_1_301' title='bbox 1514 2466 1644 2522; x_wconf 87' lang='lat' dir='ltr'>fugit,</span> 
     </span>
     <span class='ocr_line' id='line_1_39' title="bbox 195 2523 1688 2580; baseline 0.001 -17"><span class='ocrx_word' id='word_1_302' title='bbox 195 2537 325 2577; x_wconf 85' lang='lat' dir='ltr'>quam</span> <span class='ocrx_word' id='word_1_303' title='bbox 359 2524 415 2565; x_wconf 84' lang='lat' dir='ltr'>sit</span> <span class='ocrx_word' id='word_1_304' title='bbox 449 2524 669 2573; x_wconf 83' lang='lat' dir='ltr'>acerbum,</span> <span class='ocrx_word' id='word_1_305' title='bbox 703 2524 948 2579; x_wconf 83' lang='lat' dir='ltr'>parentium</span> <span class='ocrx_word' id='word_1_306' title='bbox 985 2524 1143 2565; x_wconf 80' lang='lat' dir='ltr'>scelera</span> <span class='ocrx_word' id='word_1_307' title='bbox 1177 2524 1363 2565; x_wconf 86' lang='lat' dir='ltr'>filiorum</span> <span class='ocrx_word' id='word_1_308' title='bbox 1399 2523 1543 2580; x_wconf 90' lang='lat' dir='ltr'>poenis</span> <span class='ocrx_word' id='word_1_309' title='bbox 1570 2524 1688 2571; x_wconf 74' lang='lat' dir='ltr'>lui.b,</span> 
     </span>
     <span class='ocr_line' id='line_1_40' title="bbox 194 2580 1643 2638; baseline 0.001 -17"><span class='ocrx_word' id='word_1_310' title='bbox 194 2581 280 2621; x_wconf 78' lang='lat' dir='ltr'>Sed</span> <span class='ocrx_word' id='word_1_311' title='bbox 313 2581 397 2623; x_wconf 91' lang='lat' dir='ltr'>hoc</span> <span class='ocrx_word' id='word_1_312' title='bbox 430 2580 634 2638; x_wconf 86' lang='lat' dir='ltr'>praeclare</span> <span class='ocrx_word' id='word_1_313' title='bbox 656 2581 826 2637; x_wconf 86' lang='lat' dir='ltr'>legibus</span> <span class='ocrx_word' id='word_1_314' title='bbox 861 2592 1159 2638; x_wconf 81' lang='lat' dir='ltr'>comparatum</span> <span class='ocrx_word' id='word_1_315' title='bbox 1187 2593 1266 2634; x_wconf 88' lang='lat' dir='ltr'>est,</span> <span class='ocrx_word' id='word_1_316' title='bbox 1290 2591 1338 2623; x_wconf 90' lang='lat' dir='ltr'>ut</span> <span class='ocrx_word' id='word_1_317' title='bbox 1356 2582 1512 2623; x_wconf 78' lang='lat' dir='ltr'>caritas</span> <span class='ocrx_word' id='word_1_318' title='bbox 1536 2581 1643 2623; x_wconf 91' lang='lat' dir='ltr'>libe-</span> 
     </span>
     <span class='ocr_line' id='line_1_41' title="bbox 193 2638 1643 2698; baseline 0.001 -19"><span class='ocrx_word' id='word_1_319' title='bbox 193 2652 338 2680; x_wconf 86' lang='lat' dir='ltr'>rorum</span> <span class='ocrx_word' id='word_1_320' title='bbox 362 2641 590 2682; x_wconf 86' lang='lat' dir='ltr'>amiciores</span> <span class='ocrx_word' id='word_1_321' title='bbox 613 2649 812 2696; x_wconf 86' lang='lat' dir='ltr'>parentes</span> <span class='ocrx_word' id='word_1_322' title='bbox 834 2640 1086 2698; x_wconf 85' lang='lat' dir='ltr'>reipublicae</span> <span class='ocrx_word' id='word_1_323' title='bbox 1109 2640 1320 2682; x_wconf 85' lang='lat' dir='ltr'>redderet.</span> <span class='ocrx_word' id='word_1_324' title='bbox 1381 2638 1536 2695; x_wconf 82' lang='lat' dir='ltr'>Itaque</span> <span class='ocrx_word' id='word_1_325' title='bbox 1561 2639 1643 2680; x_wconf 88' lang='lat' dir='ltr'>Le-</span> 
     </span>
    </p>
   </div>
   <div class='ocr_carea' id='block_1_6' title="bbox 120 2751 1645 2927">
    <p class='ocr_par' dir='ltr' id='par_1_6' title="bbox 233 2751 1640 2795">
     <span class='ocr_line' id='line_1_42' title="bbox 233 2751 1640 2795; baseline 0 -11"><span class='ocrx_word' id='word_1_326' title='bbox 233 2755 275 2785; x_wconf 86' lang='lat'>35</span> <span class='ocrx_word' id='word_1_327' title='bbox 293 2751 534 2793; x_wconf 67' lang='lat' dir='ltr'>perfuncturus</span> <span class='ocrx_word' id='word_1_328' title='bbox 564 2754 610 2794; x_wconf 81' lang='lat' dir='ltr'>es]</span> <span class='ocrx_word' id='word_1_329' title='bbox 657 2754 741 2785; x_wconf 86' lang='lat' dir='ltr'>Mihi</span> <span class='ocrx_word' id='word_1_330' title='bbox 773 2753 895 2795; x_wconf 79' lang='lat' dir='ltr'>placet,</span> <span class='ocrx_word' id='word_1_331' title='bbox 983 2755 1024 2786; x_wconf 86' lang='lat'>36</span> <span class='ocrx_word' id='word_1_332' title='bbox 1047 2764 1149 2786; x_wconf 79' lang='lat' dir='ltr'>causa</span> <span class='ocrx_word' id='word_1_333' title='bbox 1166 2754 1284 2795; x_wconf 74' lang='lat' dir='ltr'>Lepidi</span> <span class='ocrx_word' id='word_1_334' title='bbox 1306 2754 1470 2793; x_wconf 78' lang='lat' dir='ltr'>distingui</span> <span class='ocrx_word' id='word_1_335' title='bbox 1485 2753 1527 2784; x_wconf 81' lang='lat' dir='ltr'>ab</span> <span class='ocrx_word' id='word_1_336' title='bbox 1539 2753 1640 2794; x_wconf 57' lang='lat' dir='ltr'>Ant]</span> 
     </span>
    </p>

    <p class='ocr_par' dir='ltr' id='par_1_7' title="bbox 191 2796 1644 2839">
     <span class='ocr_line' id='line_1_43' title="bbox 191 2796 1644 2839; baseline 0.001 -14"><span class='ocrx_word' id='word_1_337' title='bbox 191 2796 279 2836; x_wconf 88' lang='lat' dir='ltr'>quod</span> <span class='ocrx_word' id='word_1_338' title='bbox 308 2796 469 2827; x_wconf 87' lang='lat' dir='ltr'>Gruterus</span> <span class='ocrx_word' id='word_1_339' title='bbox 496 2798 531 2828; x_wconf 90' lang='lat' dir='ltr'>in</span> <span class='ocrx_word' id='word_1_340' title='bbox 559 2797 664 2828; x_wconf 78' lang='lat' dir='ltr'>Palat.</span> <span class='ocrx_word' id='word_1_341' title='bbox 698 2801 731 2828; x_wconf 89' lang='lat'>3.</span> <span class='ocrx_word' id='word_1_342' title='bbox 761 2798 895 2838; x_wconf 84' lang='lat' dir='ltr'>reperit,</span> <span class='ocrx_word' id='word_1_343' title='bbox 939 2796 1047 2828; x_wconf 80' lang='lat' dir='ltr'>Aliter</span> <span class='ocrx_word' id='word_1_344' title='bbox 1058 2797 1200 2839; x_wconf 81' lang='lat' dir='ltr'>Lepidus</span> <span class='ocrx_word' id='word_1_345' title='bbox 1215 2797 1644 2836; x_wconf 79' lang='lat' dir='ltr'>tractarietlenius,quam</span> 
     </span>
    </p>

    <p class='ocr_par' dir='ltr' id='par_1_8' title="bbox 120 2837 1645 2927">
     <span class='ocr_line' id='line_1_44' title="bbox 120 2837 1645 2888; baseline 0.001 -20"><span class='ocrx_word' id='word_1_346' title='bbox 120 2847 125 2851; x_wconf 76' lang='grc'><strong><em>’</em></strong></span> <span class='ocrx_word' id='word_1_347' title='bbox 182 2837 384 2888; x_wconf 50' lang='lat' dir='ltr'>perfunctus</span> <span class='ocrx_word' id='word_1_348' title='bbox 406 2849 447 2871; x_wconf 73' lang='lat' dir='ltr'>eS.</span> <span class='ocrx_word' id='word_1_349' title='bbox 471 2840 492 2873; x_wconf 86' lang='lat' dir='ltr'>i.</span> <span class='ocrx_word' id='word_1_350' title='bbox 509 2852 539 2874; x_wconf 78' lang='lat' dir='ltr'>e.</span> <span class='ocrx_word' id='word_1_351' title='bbox 564 2839 664 2875; x_wconf 70' lang='lat' dir='ltr'>habes</span> <span class='ocrx_word' id='word_1_352' title='bbox 678 2839 765 2883; x_wconf 77' lang='lat' dir='ltr'>quod</span> <span class='ocrx_word' id='word_1_353' title='bbox 792 2842 838 2872; x_wconf 73' lang='lat' dir='ltr'>vis</span> <span class='ocrx_word' id='word_1_354' title='bbox 861 2846 895 2872; x_wconf 87' lang='lat' dir='ltr'>et</span> <span class='ocrx_word' id='word_1_355' title='bbox 939 2840 1119 2878; x_wconf 82' lang='lat' dir='ltr'>Antonius,</span> <span class='ocrx_word' id='word_1_356' title='bbox 1149 2841 1268 2882; x_wconf 76' lang='lat' dir='ltr'>quippe</span> <span class='ocrx_word' id='word_1_357' title='bbox 1304 2840 1340 2871; x_wconf 85' lang='lat' dir='ltr'>in</span> <span class='ocrx_word' id='word_1_358' title='bbox 1372 2839 1488 2874; x_wconf 83' lang='lat' dir='ltr'>eodem</span> <span class='ocrx_word' id='word_1_359' title='bbox 1524 2848 1645 2880; x_wconf 72' lang='lat' dir='ltr'>genere</span> 
     </span>
     <span class='ocr_line' id='line_1_45' title="bbox 191 2886 1103 2927; baseline 0.008 -14"><span class='ocrx_word' id='word_1_360' title='bbox 191 2886 326 2922; x_wconf 74' lang='lat' dir='ltr'>optasti.</span> <span class='ocrx_word' id='word_1_361' title='bbox 939 2888 1103 2927; x_wconf 73' lang='lat' dir='ltr'>peccarat-</span> 
     </span>
    </p>
   </div>
   <div class='ocr_carea' id='block_1_7' title="bbox 217 105 1660 258">
    <p class='ocr_par' dir='ltr' id='par_1_9' title="bbox 217 105 1660 258">
     <span class='ocr_line' id='line_1_46' title="bbox 628 105 1660 162; baseline 0.004 -17"><span class='ocrx_word' id='word_1_362' title='bbox 628 106 813 149; x_wconf 77' lang='lat' dir='ltr'>EPIST.</span> <span class='ocrx_word' id='word_1_363' title='bbox 850 105 932 144; x_wconf 90' lang='lat' dir='ltr'>AD</span> <span class='ocrx_word' id='word_1_364' title='bbox 963 106 1238 149; x_wconf 76' lang='lat' dir='ltr'>BRUTUM,</span> <span class='ocrx_word' id='word_1_365' title='bbox 1581 116 1660 162; x_wconf 68' lang='lat'>957}</span> 
     </span>
     <span class='ocr_line' id='line_1_47' title="bbox 217 209 1659 258; baseline 0.005 -7"><span class='ocrx_word' id='word_1_366' title='bbox 217 209 458 252; x_wconf 74' lang='lat' dir='ltr'>exercitum</span> <span class='ocrx_word' id='word_1_367' title='bbox 480 210 726 253; x_wconf 85' lang='lat' dir='ltr'>dimisisset.</span> <span class='ocrx_word' id='word_1_368' title='bbox 759 211 903 252; x_wconf 82' lang='lat' dir='ltr'>statim</span> <span class='ocrx_word' id='word_1_369' title='bbox 929 226 1029 253; x_wconf 89' lang='lat' dir='ltr'>vero</span> <span class='ocrx_word' id='word_1_370' title='bbox 1060 213 1297 254; x_wconf 80' lang='lat' dir='ltr'>rediturum</span> <span class='ocrx_word' id='word_1_371' title='bbox 1321 213 1375 255; x_wconf 83' lang='lat' dir='ltr'>ad</span> <span class='ocrx_word' id='word_1_372' title='bbox 1398 229 1477 257; x_wconf 90' lang='lat' dir='ltr'>nos</span> <span class='ocrx_word' id='word_1_373' title='bbox 1499 216 1659 258; x_wconf 89' lang='lat' dir='ltr'>confir-</span> 
     </span>
    </p>
   </div>
  </div>
 </body>
</html>
