1940 3231
654 161 860 201 LIBER
895 163 1002 202 VIII.
1475 171 1549 206 661

113 282 200 322 qua
231 282 275 309 re
306 268 516 325 impediar
547 277 675 322 atque
708 265 871 321 alliger.
902 281 982 308 nec
1018 281 1116 309 vero
1140 266 1209 307 ille
1231 281 1300 308 me
1321 268 1454 322 ducit,
1477 273 1552 327 qui

113 325 307 377 videtur3
330 340 458 381 quem
479 339 562 381 ego
578 322 798 365 hominem
819 327 1106 366 ἀπολιτικώτοιτον
1125 324 1317 365 omnium
1336 326 1428 379 jam
1453 340 1551 369 ante

112 397 377 438 COgnOI'am3
408 397 522 424 nunc
545 395 644 421 vel'O
667 380 796 421 etlam
819 384 1147 436 ἀςζαιτηγικῶτοιτον.
1170 396 1255 422 UOD
1277 396 1345 422 me
1369 384 1501 439 igitur
1517 386 1551 426 is

113 439 248 489 ducit,
269 441 339 482 sed
361 453 498 480 sermo
518 438 758 489 hominum,
778 437 850 492 qui
872 437 924 478 ad
944 452 1012 478 me
1033 453 1058 479 a
1076 438 1314 480 Philotimo
1334 441 1550 483 scribitur.

113 496 149 536 is
182 497 295 538 enim
324 511 392 538 me
419 496 474 536 ab
496 495 780 551 optimatibus
802 494 863 535 ait
884 495 1123 536 conscindi.
1151 496 1308 551 quibus
1331 498 1554 552 optimati-

112 553 208 605 bus,
240 554 300 595 dii
333 553 467 594 boni?
498 553 571 607 qui
607 567 721 593 nunc
754 566 841 607 quo
863 553 992 594 modo
1020 558 1276 597 occurrunt?
1312 568 1400 609 quo
1423 557 1553 597 modo

113 619 256 652 autem
287 624 330 650 se
355 609 579 651 venditant
601 609 793 652 Caesari?
826 612 864 640 83
879 610 1117 665 municipia
1149 625 1250 653 vero
1274 610 1442 655 Deum:
1474 628 1553 655 nec

112 667 328 718 simulant,
351 675 399 707 ut
427 681 526 709 cum
559 667 612 709 de
640 667 713 708 illo
736 675 902 723 aegroto
926 675 1028 708 vota
1048 667 1282 710 faciebant.
1315 669 1388 710 sed
1412 670 1554 727 plane,

110 724 320 780 quidquid
352 724 453 766 mali
482 725 554 766 hic
586 724 837 766 Pisistratus
870 738 957 765 non
981 723 1147 777 fecerit,
1170 736 1257 767 tam
1280 736 1452 783 gratum
1474 738 1555 780 est,

112 795 241 836 quam
265 782 298 822 si
322 781 452 823 alium
475 782 616 824 facere
649 781 933 839 prohibuerit.
956 781 1072 823 hunc
1093 783 1333 840 propitium
1359 795 1554 841 sperant;

108 838 228 880 illum
252 838 408 880 iratum
444 849 613 896 putant.
636 854 741 896 quas
774 838 865 879 fieri
888 853 1035 880 censes
1058 845 1253 887 ἀπαντήσεις
1275 855 1330 882 ex
1353 843 1554 899 oppidis?

109 909 218 951 quos
240 895 453 939 honores?
483 906 698 948 metuunt,
720 896 914 952 inquies:
947 897 1100 939 credo:
1134 897 1207 939 sed
1239 898 1481 941 mehercule
1504 900 1554 941 il-

107 953 198 994 lum
220 954 375 1010 magis.
399 954 526 1009 hujus
549 955 756 996 insidiosa
776 953 1009 995 clementia·
1021 954 1313 997 delectantur:
1338 956 1457 1010 illius,
1471 958 1554 999 ira-

107 1011 310 1053 cundiam
343 1011 594 1054 formidant.
617 1011 834 1068 89judices
862 1024 1033 1062 Dcch,
1065 1012 1140 1067 qui
1173 1013 1392 1069 praecipue
1415 1013 1554 1057 Cnaeo

106 1077 256 1110 nostro
295 1069 634 1121 delectabantur,
669 1083 725 1110 ex
763 1068 920 1124 quibus
956 1068 1152 1125 quotidie
1185 1069 1373 1126 aliquem
1410 1072 1554 1125 video,

106 1129 149 1161 90
161 1126 307 1168 nescio
329 1142 434 1182 quas
456 1128 550 1183 ejus
575 1126 776 1168 Lucerias
798 1125 990 1167 horrent.
1012 1125 1159 1181 itaque
1179 1141 1344 1182 quaerO,
1367 1130 1440 1184 qui
1463 1130 1551 1172 sint

107 1183 180 1225 isti
202 1185 450 1240 optimates,
471 1188 509 1219 91
525 1185 598 1240 qui
620 1196 689 1225 me
707 1184 957 1234 exturbent,
976 1197 1075 1224 cum
1093 1184 1176 1240 ipsi
1194 1184 1311 1226 domi
1333 1198 1550 1230 maneant.

109 1241 183 1283 sed
215 1251 373 1293 tamen,
396 1242 659 1297 quicumque
681 1249 796 1292 sunt,
813 1242 964 1294 αἰδέομαι
983 1245 1110 1297 τςῶοις.
1133 1241 1229 1293 etsi,
1250 1256 1337 1298 qua
1360 1258 1435 1300 spe
1454 1259 1552 1301 pro-

106 1298 288 1350 ficiscar,
310 1299 461 1351 vide03
492 1299 800 1356 conjungoque
821 1312 888 1338 me
905 1312 1005 1340 cum
1029 1298 1218 1350 homine,
1242 1300 1382 1356 magis
1405 1301 1457 1343 ad
1478 1317 1547 1344 va-

105 1355 307 1398 standum
330 1355 661 1413 Italiam‚quam
686 1358 739 1398 ad
757 1356 1017 1397 vincendum
1040 1366 1206 1412 parato.
1226 1356 1401 1399 demum
1422 1374 1552 1415 quem

105 1422 329 1470 exspecto.
363 1422 407 1455 et
435 1414 626 1470 quidem,
655 1428 754 1456 cum
786 1412 882 1454 haec
909 1414 1166 1465 scribebam,
1198 1429 1246 1456 lv
1272 1414 1438 1468 Nouem,
1454 1416 1551 1472 jam

104 1472 413 1526 exspectabam
433 1471 595 1528 aliquid
612 1487 638 1513 a
655 1470 903 1513 Brundisio.
923 1470 1029 1526 quid
1048 1481 1191 1513 autem
1208 1471 1398 1528 aliquid?
1420 1489 1551 1530 quam

104 1528 206 1570 inde
230 1529 411 1585 turpiter
432 1528 629 1585 fugisset,
652 1538 696 1571 et
724 1529 862 1570 victor
886 1528 957 1570 hic
986 1543 1073 1584 qua
1099 1543 1143 1570 se
1165 1529 1358 1582 referret,
1380 1541 1424 1572 et
1445 1547 1549 1588 quo.

103 1585 222 1640 quod
255 1586 329 1627 ubi
357 1586 586 1639 audissem,
610 1587 644 1628 si
667 1586 736 1628 ille
757 1585 904 1642 Appia
925 1587 1106 1638 veniret,
1128 1600 1212 1643 ego
1233 1587 1452 1643 Arpinum
1473 1605 1562 1631 co-.

101 1642 314 1700 gitabam.

143 1787 183 1817 88
207 1785 389 1826 municipia
413 1794 488 1816 vero
514 1785 644 1826 Deum]
672 1785 724 1816 Sic
746 1785 803 1816 Vi·
889 1787 930 1819 90
951 1786 1056 1816 ‘nescio
1071 1795 1153 1825 quas
1173 1796 1199 1816 e.
1218 1786 1379 1817 Lucerias
1398 1787 1548 1828 horrent]

101 1828 225 1859 etorius
248 1828 361 1859 edidit.
379 1829 441 1859 int.
456 1828 605 1866 faciunt3
630 1837 748 1868 nempe
763 1838 804 1858 ex
846 1826 1048 1867 Intelligunt
1086 1829 1360 1870 proscriptionem
1403 1829 1552 1861 Luceriae

102 1871 149 1901 ad
173 1880 260 1908 eum,
286 1871 372 1910 quod
396 1881 435 1901 ex
459 1871 540 1902 Mss.
563 1871 712 1907 laudant,
727 1880 803 1900 cum
847 1870 1094 1908 denunciatam,
1119 1881 1159 1901 ex
1185 1869 1327 1902 lectione
1350 1882 1401 1912 ep.
1424 1875 1471 1903 ll.
1494 1872 1551 1903 sed

101 1913 146 1944 sit
160 1918 193 1943 et
210 1913 245 1943 in
260 1912 334 1944 edd.
346 1923 396 1954 pr.
411 1912 508 1944 Rom.
525 1913 618 1945 Jens.
636 1913 695 1944 διο.
843 1922 916 1943 eam
944 1911 1122 1944 lectionem
1151 1923 1210 1944 nos
1234 1923 1301 1944 non
1325 1914 1548 1954 probavimus.

145 1958 186 1990 89
209 1954 342 1995 judiees
379 1955 510 1995 ncch]
560 1956 688 1996 Nempe
719 1964 802 1995 quos
845 1955 934 1985 aliud
962 1960 1042 1996 puto
1064 1955 1221 1995 intelligi,
1243 1956 1330 1995 quod
1352 1961 1467 1988 tamen
1490 1967 1548 1987 ne·

101 1997 278 2039 Pompeius
302 2009 341 2028 ex
357 1998 509 2029 omnibus
532 1998 701 2030 ordinibus
717 1998 804 2038 lege·
845 1998 924 2028 scio.

98 2046 164 2072 rat.
210 2039 273 2071 Sed
296 2040 490 2071 Plutarchus
518 2045 554 2071 et
578 2040 722 2073 Velleius
744 2041 802 2072 ha-
887 2044 927 2075 91
951 2042 1008 2081 qai
1024 2051 1074 2073 me
1088 2042 1273 2082 exturbent]
1301 2042 1322 2072 i.
1340 2052 1370 2073 e.
1394 2052 1433 2073 ex
1450 2041 1549 2074 Italia

99 2084 181 2115 bent
192 2090 346 2113 Dcchx.
362 2082 448 2113 unde
459 2082 548 2114 hune
563 2093 739 2116 numerum
750 2084 803 2115 hic
845 2083 933 2114 exire
948 2089 982 2115 et
997 2084 1191 2125 Pompeium
1205 2085 1295 2125 sequi
1309 2085 1424 2116 velint.

99 2125 215 2167 reponi
232 2124 349 2156 volunt
362 2124 506 2167 quidam,

788 2972 909 3010 uus
