1940 3231
697 146 906 187 LIBER
940 146 1026 185 VII.
1486 151 1560 194 621

555 251 792 296 CICERO
823 249 1052 292 ATTICO
1086 249 1130 290 S.
1573 269 1602 311 9

120 310 144 344 2
170 309 593 377 QUOTIDIENE,
617 324 773 379 inquiS,
796 338 821 364 a
842 333 884 364 te
907 320 1171 387 accipiendae
1194 319 1350 361 litterae
1370 325 1497 364 sunt?
1529 325 1563 364 si
1587 314 1591 317 ¹

126 384 314 436 habebo,
341 385 412 426 cui
438 385 550 434 dem,
588 381 798 437 quotidie.
831 391 874 422 at
903 380 999 436 jam
1032 394 1124 435 ipse
1152 378 1267 421 ades.
1299 388 1391 420 tum
1417 379 1566 434 igitur,

126 457 228 484 cum
259 456 428 493 venero,
450 440 657 482 desinam.
718 438 836 480 Unas
865 439 990 480 video
1013 436 1120 478 mibi
1140 451 1166 477 a
1187 447 1229 477 te
1250 450 1336 477 non
1359 450 1450 476 esse
1473 438 1567 477 red-

130 500 269 552 ditas;
315 513 419 554 quas
451 497 501 539 L.
534 496 757 548 Quintius,
788 495 1011 538 familiaris
1040 509 1176 546 meus,
1208 509 1307 535 cum
1339 492 1484 543 ferret,
1514 494 1567 535 ad

130 557 305 599 bustum
330 554 462 596 Basili
486 554 730 596 vulneratus
753 562 796 595 et
818 557 836 585 3
851 553 1114 610 despoliatus
1136 551 1396 594 est.videbis
1419 551 1568 607 igitur,

129 612 338 668 numquid
357 612 488 653 fuerit
508 613 552 653 in
575 613 658 664 his,
680 612 796 667 quod
825 626 892 652 me
923 613 1031 653 scire
1053 625 1162 666 opus
1192 610 1271 652 sit:
1305 618 1348 649 et
1372 608 1498 650 simul
1522 618 1569 649 tu

132 671 216 713 hoc
236 673 451 726 διευκςυῆσεις
477 674 672 727 πςόςλημα,
696 684 797 710 sane
820 674 1007 710 πολιτικόνε
1033 671 1166 709 4cum
1200 668 1255 708 sit
1285 681 1472 717 necesse,
1494 675 1571 707 aut

129 727 276 770 haberi
302 727 486 768 Caesaris
518 728 742 778 rationem,
779 726 851 768 illo
882 726 1121 767 exercitum
1156 725 1221 766 vel
1253 739 1326 780 per
1357 732 1569 775 senatum,

131 785 197 827 vel
221 798 294 840 per
316 785 512 826 tribunos
536 785 672 841 plebis
693 785 932 835 obtinente,
954 794 1028 825 ant
1050 783 1294 839 persuaderi
1320 781 1498 833 Caesari,
1521 786 1610 823 uth-

132 843 272 884 tradat
305 843 573 898 provinciam
598 852 727 897 atque
749 842 1004 892 exercitum,
1022 851 1065 882 et
1092 842 1153 882 ita
1174 839 1325 881 consul
1347 840 1448 891 fiat3
1478 851 1569 892 aut,

133 900 168 942 si
201 900 243 941 id
275 914 360 941 non
395 901 712 956 persuadeatur,
744 898 892 940 haberi
924 899 1103 940 comitia
1133 899 1222 939 sine
1248 897 1358 939 illius
1390 899 1573 948 ratione,

132 957 208 999 illo
230 958 436 1013 patiente,
459 967 588 1014 atque
611 958 835 998 obtinente
855 956 1148 1013 provinciam3
1179 965 1268 1006 aut,
1285 956 1318 996 si
1343 969 1417 1011 per
1437 956 1576 996 tribu-

131 1030 211 1056 nos
235 1015 371 1071 plebis
392 1030 478 1057 non
502 1016 704 1072 patiatur,
728 1024 870 1055 tamen
892 1014 1100 1069 quiescat,
1126 1027 1214 1053 rem
1243 1013 1397 1053 adduci
1427 1013 1480 1054 ad
1509 1013 1575 1054 in-

131 1082 405 1129 terregnum3
437 1083 526 1124 aut,
549 1074 582 1114 si
606 1073 663 1113 ob
685 1086 779 1113 eam
798 1086 986 1123 causam,
1005 1070 1122 1126 quod
1145 1071 1253 1111 ratio
1276 1070 1367 1126 ejus
1391 1085 1477 1111 non
1498 1070 1576 1111 ha-

134 1131 300 1183 beatur,
319 1131 559 1172 exercitum
581 1129 781 1180 adducat,
805 1129 932 1170 armis
951 1142 1050 1170 cum
1073 1142 1124 1168 eo
1147 1128 1432 1180 contendere3
1456 1127 1576 1169 illum

134 1197 280 1230 autem
302 1188 471 1229 initium
497 1187 637 1229 facere
666 1201 898 1237 armorum,
927 1196 1002 1227 aut
1023 1185 1169 1226 statim
1192 1185 1317 1226 nobis
1336 1186 1477 1226 minus
1503 1201 1578 1241 pa-

134 1246 252 1297 ratis,
275 1254 350 1286 aut
372 1255 478 1296 tum,
501 1260 600 1286 cum
623 1244 828 1296 comitiis,
851 1244 1001 1285 amicis
1020 1243 1112 1300 ejus
1132 1242 1468 1299 postulantibus,
1488 1253 1534 1284 ut
1552 1257 1578 1283 e

135 1302 231 1359 lege
253 1303 362 1344 ratio
384 1303 607 1354 habeatur,
631 1303 908 1358 impetratum
932 1316 1019 1343 non
1051 1301 1131 1342 sit:
1164 1301 1224 1341 ire
1251 1310 1394 1341 autem
1427 1301 1479 1341 ad
1511 1315 1580 1342 ar-

135 1375 220 1412 ma,
253 1369 330 1401 aut
360 1360 472 1402 hanc
505 1374 635 1401 unam
657 1361 714 1401 ob
736 1374 925 1410 causam,
957 1358 1073 1415 quod
1106 1359 1216 1399 ratio
1239 1372 1326 1399 non
1352 1357 1578 1410 habeatur,

138 1429 214 1459 aut
243 1418 391 1459 addita
421 1432 564 1469 causa,
597 1418 630 1458 si
663 1417 774 1458 forte
806 1417 1004 1458 tribunus
1037 1415 1174 1472 plebis
1206 1426 1403 1456 senatum
1441 1416 1580 1472 irnpe-

136 1476 273 1527 diens,
305 1486 379 1516 aut
411 1475 618 1532 populum
649 1475 848 1526 incitans,
872 1483 1060 1525 notatus,
1083 1482 1157 1514 aut
1187 1483 1358 1514 senatus
1381 1474 1580 1514 consulto

138 1532 506 1589 circumscript11S‚
534 1542 609 1574 aut
641 1532 849 1583 sublatus,
882 1541 957 1573 aut
984 1530 1187 1587 expulsus
1212 1531 1281 1581 sit,
1304 1531 1506 1571 dicensve
1535 1545 1580 1572 se

137 1590 382 1647 expulsum,
404 1590 457 1632 ad
492 1590 611 1630 illum
641 1589 913 1646 confugerit:
948 1598 1147 1644 suscepto
1177 1598 1322 1629 autem
1352 1589 1478 1637 bello,
1505 1599 1581 1629 aut

139 1648 324 1689 tenenda
343 1648 398 1689 sit
420 1648 536 1699 urbs,
553 1657 628 1688 aut
645 1662 696 1689 ea
714 1647 877 1699 relicta,
894 1647 963 1688 ille
984 1656 1230 1688 commeatu
1252 1658 1296 1686 et
1315 1645 1488 1701 reliquis
1507 1661 1581 1687 co-

137 1706 222 1762 piis
242 1705 614 1747 intercludendus:
647 1705 762 1761 quod
782 1705 935 1746 horum
955 1703 1181 1754 malorum,
1203 1719 1385 1759 quorum
1406 1703 1581 1759 aliquod

138 1772 254 1805 certe
276 1764 546 1805 subeundum
567 1771 646 1814 est,
667 1762 895 1804 minimum
919 1772 1059 1819 puteS.
1096 1760 1229 1802 Dices
1253 1761 1465 1818 profecto,
1486 1776 1583 1818 per-

137 1822 304 1863 suaderi
328 1821 402 1873 illi,
434 1830 482 1862 ut
511 1821 653 1862 tradat
681 1821 937 1872 exercitum,
967 1829 1012 1861 et
1033 1819 1093 1861 ita
1115 1820 1265 1860 consul
1288 1818 1378 1860 fiat.
1401 1829 1467 1860 est
1488 1834 1581 1860 om-

136 1880 243 1921 nino
276 1879 319 1920 id
350 1878 580 1934 ejusmodi,
602 1887 664 1929 ut,
688 1879 722 1919 si
752 1878 822 1919 ille
843 1893 894 1919 eo
917 1878 1163 1927 descendat,
1185 1886 1337 1918 contra
1363 1877 1448 1918 dici
1472 1877 1582 1918 nihil

140 1936 300 1992 possit:
333 1937 463 1992 idque
493 1951 607 1987 eum,
639 1936 672 1976 si
704 1951 790 1977 non
814 1936 998 1987 obtinet,
1032 1946 1082 1976 ut
1112 1935 1222 1976 ratio
1246 1935 1454 1975 habeatur
1478 1936 1580 1976 reti-

139 1994 281 2035 nentis
312 1995 567 2044 exercitum,
590 2008 676 2034 non
707 1993 849 2036 facere
879 1994 1024 2034 miror.
1049 1992 1173 2034 nobis
1197 2002 1355 2043 autem,
1381 1995 1398 2022 5
1417 2002 1463 2032 ut
1485 1993 1579 2048 qui-

140 2052 239 2093 dam
263 2061 401 2107 putat,
423 2051 532 2093 nihil
561 2061 626 2092 est
653 2051 894 2093 timendum
926 2050 1080 2107 magis,
1102 2065 1231 2106 quam
1255 2049 1325 2090 ille
1347 2050 1510 2092 consul.
1535 2058 1581 2091 at

138 2110 201 2150 sic
239 2109 367 2159 malo,
406 2108 588 2164 inquies,
616 2123 746 2163 quam
787 2124 887 2150 cum
918 2109 1127 2150 exercitu.
1160 2117 1289 2149 certe.
1322 2108 1427 2148 6sed
1463 2108 1582 2152 istud

136 2166 296 2222 ipsum,
318 2166 431 2216 dico,
450 2180 656 2222 magnum
678 2166 837 2208 malum
861 2176 986 2224 putat
1014 2165 1191 2221 aliquis:
1226 2179 1362 2222 neque
1384 2165 1423 2206 ei
1438 2180 1579 2207 reme-

139 2224 259 2265 dium
291 2234 355 2265 est
388 2224 534 2265 ullum.
567 2224 805 2266 cedendum
836 2234 914 2276 est,
938 2225 972 2265 si
1004 2224 1047 2265 id.
1078 2224 1207 2265 volet.
1233 2223 1327 2264 vide
1358 2223 1580 2271 consulem

137 2281 258 2323 illum
281 2281 454 2334 iterum,
473 2295 602 2337 quem
625 2281 770 2323 vidisti
792 2281 1016 2324 consulatu
1050 2282 1207 2338 priore.
1230 2285 1247 2316 7
1263 2290 1307 2322 at
1329 2290 1422 2322 tum
1444 2280 1583 2323 imbe-

180 2400 200 2428 2
223 2396 432 2438 Quotidiene]
460 2397 500 2428 ln
519 2397 591 2429 edd.
613 2408 663 2439 pr.
685 2396 757 2429 haec
771 2398 840 2439 epi·
880 2407 907 2427 5.
922 2397 1014 2428 istud
1026 2398 1144 2436 ipsum,
1160 2397 1244 2427 sicut
1261 2401 1319 2434 est,
1343 2406 1387 2426 m.
1414 2406 1458 2428 m.
1477 2400 1580 2436 putat

138 2439 225 2472 stola
240 2438 384 2469 cohaeret
399 2441 610 2479 praecedenti.

181 2485 200 2513 3
223 2482 417 2522 despoliatus
440 2483 500 2523 est]
527 2483 613 2514 Puto
636 2483 838 2523 dispoliatus,

137 2529 178 2556 ut
192 2525 270 2556 alibi
285 2529 347 2555 est.

179 2570 201 2598 4
221 2577 297 2598 cum
319 2568 362 2597 sit
386 2567 522 2608 necesse]
561 2569 772 2607 Consequens
787 2574 837 2600 est

138 2609 172 2641 in
188 2610 294 2641 verbis
309 2611 392 2649 quod
407 2612 524 2641 horum
539 2613 716 2642 malorum.

182 2654 201 2682 5
223 2657 262 2683 ‘ut
288 2653 422 2692 quidam
441 2654 581 2693 putant]
616 2654 718 2684 Recte
743 2654 835 2685 Tun-

139 2693 257 2725 stallus
281 2705 312 2735 p.
344 2697 412 2726 148.
438 2697 573 2736 corrigit
595 2701 705 2736 putat,
731 2703 770 2728 ut
796 2696 837 2726 ad

140 2736 334 2777 Pompeium
358 2738 535 2777 pertineat.
559 2749 635 2769 nam
651 2740 697 2769 sic
712 2744 746 2770 et
762 2749 838 2770 mox

140 2786 202 2808 est.
220 2788 279 2810 nec
293 2779 438 2810 dubitavi
458 2782 609 2821 recipere.
647 2782 699 2812 Sic
714 2787 748 2812 et
763 2792 840 2812 mox

138 2822 263 2851 correxi
275 2826 382 2861 putet,
397 2832 474 2854 nam
491 2824 534 2853 ibi
546 2827 648 2863 putat
662 2824 735 2855 edd.
752 2834 801 2864 pr.

180 2863 200 2893 6
221 2864 278 2894 sed
301 2866 385 2894 istnc
410 2867 517 2904 ipsum
545 2867 603 2902 sic,
632 2877 649 2897 o
675 2877 838 2906 maguum

139 2907 268 2936 malum
286 2911 382 2945 putet
404 2907 466 2946 aL]
494 2908 570 2938 Sine
593 2909 692 2939 dubio
712 2914 761 2939 est
775 2910 839 2939 hoe

139 2948 307 2987 vitiosum.
351 2948 384 2980 J.
413 2949 463 2980 Fr.
493 2950 678 2983 Gronovius
702 2951 839 2992 corrigit

129 3090 137 3108 Ι

881 2441 1010 2479 aliquis.
1034 2439 1105 2479 Ego
1122 2440 1249 2479 corrigo
1262 2450 1271 2468 z
1291 2439 1348 2469 sed
1356 2439 1445 2469 istud
1458 2439 1578 2478 ipsum,

881 2483 963 2519 dico,
980 2492 1141 2522 magnum
1158 2492 1201 2512 m.
1223 2491 1256 2521 p.
1274 2491 1306 2511 α.
1329 2491 1404 2512 nam
1421 2486 1472 2511 est
1487 2491 1580 2521 repe-

880 2525 958 2555 titio
984 2525 1158 2565 superioris
1184 2524 1223 2554 dc
1247 2523 1348 2560 malo,
1375 2523 1461 2563 quod
1485 2525 1579 2555 sitin

879 2566 1054 2597 consulatu
1084 2567 1233 2599 Caesaris.
1301 2567 1356 2597 lta
1385 2577 1451 2598 una
1480 2566 1578 2598 modo

880 2611 976 2641 litera
998 2616 1168 2641 mutatur:
1193 2619 1253 2640 nec
1275 2608 1421 2641 dubitavi
1443 2611 1479 2642 in
1505 2615 1578 2640 tex-

879 2657 952 2683 tum
969 2653 1121 2693 recipere.

921 2698 939 2728 7
963 2699 1000 2725 at
1014 2699 1086 2726 tum
1100 2695 1279 2726 imbecillus
1287 2696 1375 2734 plus,
1389 2695 1506 2735 inquis,
1519 2703 1578 2724 va-

881 2737 958 2776 luit]
997 2738 1112 2778 laquis
1138 2748 1203 2768 non
1230 2745 1355 2767 rectum
1386 2743 1479 2777 puto.
1511 2745 1580 2766 non

881 2781 969 2811 enim
985 2780 1056 2811 haec
1070 2785 1119 2811 est
1134 2781 1241 2812 oratio
1258 2780 1374 2815 Attici,
1390 2784 1507 2809 contra
1522 2789 1579 2808 cu-

875 2825 933 2864 jus
959 2825 1158 2856 sententiam
1182 2824 1383 2863 disputatur,
1406 2821 1461 2851 sed
1483 2821 1582 2851 Pom-

881 2865 956 2908 peii,
982 2865 1022 2896 de
1047 2877 1110 2906 quo
1127 2871 1204 2898 ante
1229 2866 1275 2895 bis
1295 2870 1345 2894 est
1354 2867 1472 2903 putat,
1510 2863 1581 2894 lta-

882 2919 951 2949 que*
959 2908 1168 2946 scribendum
1183 2912 1264 2951 puto
1280 2907 1397 2946 inquit.
