1940 3231
232 124 315 167 764
655 119 840 161 EPIST.
867 122 946 161 AD
973 118 1265 169 ATTICUM,

233 242 326 269 esse
347 224 492 277 credo,
526 226 764 283 transigere
796 227 1055 285 Egnatium:
1089 230 1206 286 quod
1231 229 1398 282 scribis,
1421 238 1463 272 te
1484 231 1545 272 ita
1563 231 1686 273 futu«

231 300 329 326 rum
351 293 516 341 putare.
571 284 684 326 Cum
708 285 836 336 Ovia‚
861 302 1025 341 quasso,
1050 288 1145 329 vide
1168 299 1213 330 ut
1235 288 1506 330 conficiatur.
1558 289 1681 335 Quo-

232 343 367 394 niam,
391 352 438 384 ut
471 342 637 395 scribis,
668 356 759 384 nox
791 354 898 396 erat,
932 344 976 385 in
1007 344 1217 388 hodierna
1248 346 1433 403 epistola
1461 346 1585 404 plura
1606 360 1685 388 ex·-

235 412 401 457 specto.

163 457 215 495 31
680 456 917 500 CICERO
948 457 1179 502 ATTICO
1211 462 1256 503 S.

235 516 464 569 SILIUM
482 532 671 566 mutasse
693 526 967 578 sententiam,
988 527 1088 569 Sica
1106 529 1357 571 mirabatur.
1377 529 1577 585 equidem
1591 543 1683 570 ma-

235 587 303 643 gis
327 585 473 634 miror,
497 583 629 638 quod,
652 598 753 624 cum
776 583 820 624 in
844 583 982 625 filium
1006 600 1180 626 causam
1203 587 1433 639 conferret,
1458 603 1554 643 quae
1577 583 1686 628 mihi

233 658 323 686 non
344 641 505 696 injusta
528 640 723 693 videtur3
755 641 907 694 (habet
933 643 1049 684 enim
1071 643 1243 698 qualem
1273 645 1409 697 vult3)
1440 646 1500 686 ais
1529 656 1571 686 te
1604 659 1686 700 pu-

234 711 340 749 tare,
379 702 414 730 18
429 698 464 739 si
494 698 786 740 addiderimus
823 699 954 752 aliud,
989 716 1014 741 a
1047 715 1132 756 quo
1156 701 1359 757 refugiat,
1381 718 1479 744 cum
1504 704 1558 744 ab
1589 702 1685 758 ipso

235 759 279 799 id
301 757 432 798 fuerit
454 756 734 808 destinatum,
758 757 1051 799 venditurum.
1085 759 1257 805 Quaeris
1281 774 1305 799 a
1328 774 1409 811 me,
1428 761 1543 815 quod
1568 774 1685 800 sum-

232 830 355 856 mum
391 815 576 870 pretium
611 814 891 866 constituam,
914 827 958 856 et
990 826 1202 871 quantum
1224 818 1386 857 anteire
1410 817 1513 859 istos
1535 818 1685 858 hortos

236 873 393 915 Drusi:
427 871 586 913 accessi
618 886 881 928 numquam:
917 873 1220 930 Coponianam
1252 874 1394 915 villam
1417 884 1461 915 et
1484 884 1688 925 veterem,

234 942 278 972 et
302 945 387 971 non
410 944 614 986 magnam
637 931 766 972 novi:
800 931 952 972 silvam
976 931 1182 982 nobilem,
1207 931 1393 974 fructum
1416 942 1560 973 autem
1583 947 1688 974 neu-

235 989 369 1030 trius:
403 988 519 1043 quod
554 996 697 1028 tamen
732 998 837 1044 puto
862 1003 939 1030 nos
970 990 1080 1030 scire
1102 1001 1316 1045 oportere.
1341 990 1413 1031 sed
1435 990 1558 1040 mihi,
1581 990 1687 1031 utri-

238 1047 303 1087 vis
327 1047 524 1097 istorum,
547 1056 744 1102 tempore
776 1047 914 1102 magis
943 1062 1055 1098 me0,
1088 1062 1218 1102 quam
1252 1049 1418 1089 ratione
1441 1047 1684 1089 aestimandi

236 1113 350 1145 sunt.
387 1104 550 1159 possim
581 1114 727 1144 autem
760 1105 945 1160 assequi,
978 1120 1129 1155 necne,
1155 1115 1200 1146 tu
1230 1106 1359 1147 velim
1389 1106 1572 1162 cogites.
1599 1108 1637 1138 19
1651 1105 1686 1145 si

234 1164 350 1204 enim
385 1161 676 1202 Faberianum
699 1162 944 1213 venderem,
966 1163 1185 1219 explicare
1216 1163 1282 1204 vel
1305 1163 1688 1219 repraesentatione

234 1235 323 1261 non
345 1219 589 1261 dubitarem
613 1219 666 1260 de
700 1219 889 1271 Silianis,
913 1221 946 1260 si
982 1221 1112 1262 modo
1134 1221 1432 1272 adduceretur,
1456 1231 1504 1262 ut
1528 1221 1688 1262 vende-

235 1289 325 1319 ret:
350 1278 384 1318 si
409 1277 578 1318 venales
602 1291 688 1318 non
713 1278 911 1328 haberet,
931 1279 1155 1319 transirem
1176 1279 1228 1320 ad
1250 1278 1458 1330 Drusum,
1478 1278 1544 1320 vel
1563 1278 1688 1329 tanti,

234 1336 387 1391 quanti
424 1334 637 1390 Egnatius
672 1333 792 1376 illum
817 1335 923 1376 velle
945 1336 1026 1377 tibi
1057 1336 1185 1378 dixit.
1221 1352 1380 1393 magno
1411 1337 1540 1378 etiam
1564 1336 1690 1392 adju-

183 1437 185 1439 ,
234 1403 385 1434 mento
419 1393 546 1433 nobis
571 1391 874 1450 Hermogenes
904 1403 1049 1449 potest
1070 1407 1162 1435 esse
1184 1394 1228 1436 in
1252 1395 1616 1451 repraesentando.
1643 1403 1690 1435 at

233 1461 283 1492 tu
306 1450 498 1492 concede
532 1450 656 1501 mihi,
692 1465 857 1506 quaeso,
894 1461 940 1492 ut
972 1466 1023 1493 eo
1050 1452 1196 1494 animo
1237 1453 1333 1503 sim,
1356 1468 1442 1509 quo
1465 1453 1499 1493 is
1533 1453 1691 1493 debeat

235 1523 342 1560 esse,
365 1509 439 1563 qui
463 1522 604 1549 emere
627 1510 800 1564 cupiat:
831 1518 875 1550 et
894 1518 1038 1550 tamen
1062 1510 1201 1551 servio
1223 1511 1285 1552 ita
1303 1510 1532 1566 cupiditati
1552 1519 1596 1551 et
1611 1510 1690 1551 do-

235 1567 314 1608 lori
341 1581 452 1617 meo,
476 1574 523 1607 ut
545 1581 569 1606 a
592 1573 634 1606 te
657 1566 748 1622 regi
773 1566 916 1608 velim.
979 1567 1193 1624 Egnatius
1224 1568 1332 1609 mihi
1361 1568 1549 1624 scripsit.
1571 1567 1617 1608 ‘is
1652 1567 1688 1607 si

236 1625 342 1680 quid
365 1634 509 1666 tecum
531 1623 701 1664 locutus
724 1623 820 1675 erit,
854 1625 1225 1678 (commodissime
1258 1626 1372 1667 enim
1400 1640 1473 1681 per
1493 1639 1593 1666 eum
1615 1624 1688 1680 agi

103 1695 137 1728 p.
154 1684 418 1739 197·potest,)
440 1682 493 1722 ad
515 1696 583 1722 me
609 1682 773 1723 scribe:
807 1691 852 1722 et
882 1683 923 1723 id
953 1683 1169 1740 agendum
1195 1693 1316 1739 puto.
1339 1698 1437 1724 nam
1459 1698 1558 1725 cum
1579 1682 1686 1723 Silio

192 1739 328 1781 a‘non
351 1740 476 1781 video
500 1739 656 1780 confici
683 1754 820 1795 posse.
855 1739 980 1782 Piliae
1003 1750 1047 1781 et
1069 1741 1232 1783 Atticae
1255 1741 1451 1782 salutem.
1499 1740 1612 1782 Haec
1634 1739 1690 1781 ad

239 1808 281 1840 te
305 1812 400 1839 mea
423 1811 569 1838 manu.
594 1797 706 1849 vide,
729 1812 892 1853 quaeso,
914 1798 1018 1854 quid
1042 1799 1259 1856 agendum
1281 1799 1351 1841 sit.

167 1887 223 1924 32
667 1887 905 1930 CICERO
936 1888 1168 1931 ATTICO
1201 1890 1246 1931 S.

237 1945 545 1999 PUBLILIA
567 1957 621 1999 ad
651 1972 720 1998 me
743 1957 930 2013 scripsit,
951 1966 1133 1998 matrem
1156 1972 1274 1999 suam
1299 1961 1340 1988 20
1354 1961 1473 2010 (cum
1498 1956 1688 1998 Publilio

234 2015 354 2071 loqui
378 2018 514 2066 retur)
545 2016 598 2056 ad
622 2030 690 2056 me
713 2030 813 2056 cum
836 2015 909 2056 illo
935 2025 1174 2066 venturam,
1193 2026 1237 2056 et
1260 2030 1304 2056 se
1327 2031 1426 2067 una,
1450 2016 1484 2056 si
1507 2030 1589 2072 ego
1615 2030 1688 2070 pa-

234 2083 347 2115 terer
366 2090 374 2114 :
408 2082 504 2114 orat
525 2072 673 2114 multis
693 2082 737 2114 et
759 2072 1028 2129 supplicibus
1053 2074 1211 2125 verbis,
1236 2085 1283 2115 ut
1304 2073 1447 2125 liceat,
1469 2082 1512 2114 et
1535 2083 1583 2114 ut
1604 2072 1687 2113 sibi

234 2132 486 2173 rescribam.
520 2145 586 2172 res
616 2145 746 2186 quam
768 2132 951 2173 molesta
973 2132 1043 2183 sit,
1066 2132 1200 2172 vides.
1231 2131 1445 2188 rescripsi,
1465 2145 1534 2172 me
1556 2131 1688 2172 etiam

236 2189 411 2245 gravius
435 2203 526 2230 esse
548 2188 769 2240 affectum,
789 2204 919 2245 quam
943 2199 1050 2241 tum,
1079 2205 1178 2230 cum
1202 2189 1261 2230 illi
1284 2189 1507 2239 dixissem,
1531 2203 1599 2229 me
1621 2203 1690 2229 so·-

234 2248 326 2288 lum
347 2261 439 2287 esse
465 2247 597 2299 velle;
629 2261 761 2302 quare
784 2247 896 2288 nolle
921 2262 987 2288 me
1008 2247 1093 2289 hoc
1116 2258 1311 2302 tempore
1332 2262 1426 2288 eam
1450 2248 1503 2288 ad
1526 2261 1594 2287 me
1617 2259 1690 2286 ve-

233 2305 342 2346 nire.
365 2305 590 2360 putabam,
615 2305 647 2345 si
672 2305 780 2345 nihil
804 2306 1133 2362 rescripsissem,
1161 2305 1277 2346 illam
1302 2319 1402 2346 cum
1426 2315 1562 2345 matre
1584 2317 1687 2344 ven-

233 2371 403 2404 turam:
435 2377 550 2403 nunc
574 2377 660 2403 non
684 2371 806 2419 puto.
831 2364 1068 2420 apparebat
1090 2363 1221 2414 enim,
1246 2362 1336 2403 illas
1356 2362 1520 2403 litteras
1542 2363 1578 2391 21
1597 2375 1684 2401 non

232 2433 324 2461 esse
347 2420 498 2476 ipsius.
522 2419 626 2462 illud
649 2430 810 2473 autem,
833 2422 950 2477 quod
973 2421 1065 2463 fore
1090 2421 1230 2473 video,
1254 2421 1396 2477 ipsum
1417 2420 1514 2461 volo
1535 2418 1686 2469 vitare,

277 2564 314 2592 18
329 2561 358 2591 si
372 2561 598 2592 addiderimus
612 2563 719 2599 aliud,
736 2573 757 2593 a
771 2572 832 2603 quo
846 2561 939 2603 refu·-
981 2563 1107 2594 solvere
1123 2573 1227 2604 posse.

227 2604 320 2643 gine]
347 2605 380 2634 Si
404 2610 525 2644 praeter
553 2604 668 2635 hortos
696 2606 738 2636 ab
767 2617 806 2636 eo
829 2616 938 2637 emere
1025 2609 1066 2638 ⁶20
1101 2616 1176 2636 cum-
1206 2605 1353 2636 Publilio
1378 2604 1464 2644 loqui
1490 2603 1598 2643 retur]
1636 2602 1690 2634 Ita

231 2646 371 2676 velimus
388 2647 477 2677 aliud
493 2647 667 2686 praedium,
686 2650 773 2687 quod
790 2649 858 2689 ipse
873 2659 940 2678 non
984 2650 1111 2684 scribit,
1128 2656 1288 2687 tanquam
1305 2657 1372 2677 uon
1396 2657 1523 2677 mecum
1540 2647 1596 2676 sed
1610 2656 1689 2676 cum

232 2694 323 2720 amet
339 2693 374 2719 et
397 2688 537 2719 vendere
556 2690 687 2729 cupiat:
712 2701 788 2721 cum
812 2693 852 2721 ab
874 2692 941 2731 ipso
984 2697 1077 2731 patre
1094 2691 1297 2730 loqueretur.
1327 2691 1380 2719 Sic
1395 2701 1411 2719 e
1429 2689 1490 2719 ΜΞ.
1508 2699 1574 2719 uno
1587 2688 1691 2720 edidit

232 2731 387 2771 idfuerit
402 2732 614 2767 destinatum,
630 2742 675 2763 se.
692 2733 887 2764 venditioni.
982 2734 1113 2769 Rosius,
1129 2733 1184 2763 alii
1202 2733 1315 2763 aliter:
1343 2742 1408 2762 non
1426 2740 1538 2762 tzuncn
1557 2733 1687 2762 manus.

281 2777 317 2808 19
347 2776 375 2805 si
402 2775 628 2806 Faberianum
656 2776 843 2815 venderem]
878 2776 939 2807 int.
1026 2779 1062 2808 ‘21
1089 2785 1153 2806 uon
1175 2785 1240 2805 esse
1268 2775 1381 2815 ipsius]
1408 2775 1471 2805 Sed
1494 2775 1621 2810 matris,
1647 2773 1691 2804 ud

234 2825 370 2853 nornen,
407 2817 594 2857 pecuniam,
622 2828 722 2857 quam
755 2818 811 2848 ille
843 2818 940 2850 debet
984 2828 1036 2849 me
1061 2819 1171 2849 venire
1195 2818 1369 2857 cupientis.
1394 2819 1496 2857 ipsius
1520 2824 1606 2846 recte
1626 2826 1690 2856 pro

233 2858 335 2890 mihi:
360 2859 387 2889 si
403 2870 481 2900 ergo
498 2860 530 2890 id
546 2860 702 2897 facerem,
720 2867 871 2901 putarem
890 2861 939 2891 Si·
984 2862 1075 2893 illius
1090 2872 1107 2894 e
1124 2861 1205 2895 MSS.
1221 2860 1346 2892 duobus
1363 2860 1465 2893 edidit
1480 2860 1612 2896 Rosius,

229 2899 278 2935 ,3ἰο
294 2910 347 2933 me
359 2912 420 2944 pro
432 2902 538 2935 hortis
550 2909 750 2945 praesentem
764 2903 941 2947 pecuniam
