1940 3231
745 138 953 183 LIBER
996 141 1063 181 VI.
1546 150 1624 187 589

178 247 536 303 animadvertam,
565 263 664 305 quae
694 247 816 289 fiant.
845 248 1008 288 44num
1038 244 1147 300 quid
1178 244 1233 287 de
1265 260 1354 301 quo
1389 247 1624 294 inaudisti?

177 307 259 348 etsi
280 307 390 348 nihil
410 306 624 363 ejusmodi
644 313 724 347 est.
753 312 887 347 πολλοῦ
903 323 942 355 γε
958 309 1018 346 καὶ
1037 305 1093 346 δεῖ.
1112 316 1192 344 nec
1214 302 1330 344 enim
1355 318 1425 345 me
1447 306 1623 349 fefellis-

178 372 258 415 set,
280 379 360 406 nec
382 364 514 406 fallet.
544 363 618 405 sed
648 363 731 404 ista
761 361 1002 403 admonitio
1030 368 1104 401 tua
1125 369 1216 402 tam
1238 371 1453 413 accurata,
1477 367 1623 407 nescio

177 421 283 477 quid
318 422 427 463 mihi
459 420 704 477 significare
735 419 828 461 visa
849 427 929 461 est.
985 421 1028 450 45
1043 416 1113 459 De
1143 417 1212 460 M.
1236 417 1439 471 Octavio,
1468 421 1623 464 iterum

170 478 266 533 jam
300 479 382 521 tibi
415 478 619 529 rescribo,
652 487 695 519 te
723 477 784 519 illi
817 477 954 533 probe
985 475 1280 532 respondisse.
1304 476 1447 533 paullo
1473 477 1623 522 vellem

178 535 396 578 fidentius.
455 535 570 576 Nam
603 534 773 577 Coelius
807 534 1013 577 libertum
1044 534 1100 576 ad
1132 547 1202 575 me
1230 534 1364 586 misit,
1386 542 1431 576 et
1459 534 1625 578 litteras

179 602 378 636 accurate
399 592 604 648 scriptas:
643 593 686 624 46
701 593 776 634 sed
797 593 850 635 de
881 591 1103 649 pantheris
1127 590 1262 644 foede,
1285 607 1335 634 ac
1356 592 1626 637 civitatibus.

178 650 392 706 rescripsi,
417 650 599 692 alterum
630 665 700 692 me
729 650 911 692 moleste
932 649 1058 701 ferre,
1079 648 1114 689 si
1135 663 1220 706 ego
1241 649 1287 691 in
1309 650 1496 692 tenebris
1518 651 1625 693 late-

179 722 283 758 rem,
297 722 376 749 nec
390 707 610 749 audiretur
621 707 792 760 Romae,
811 707 976 750 nullum
997 706 1040 748 in
1063 720 1160 748 mea
1174 708 1401 763 provincia
1420 723 1626 763 numum;

176 765 260 807 nisi
281 765 325 805 in
357 780 416 807 aes
447 765 650 817 alienum,
672 766 868 822 erogari3
899 764 1129 820 docuique,
1150 779 1232 807 nec
1263 766 1369 810 mihi
1393 767 1626 808 conciliare

175 822 403 878 pecuniam
428 822 572 875 licere,
601 826 642 857 47
657 838 738 865 nec
766 823 826 864 illi
863 837 1041 879 capere:
1074 823 1309 879 monuique
1345 838 1458 875 eum,
1494 839 1625 880 quem

177 879 303 935 plane
324 880 475 937 diligo,
498 891 560 933 ut,
582 896 683 923 cum
705 881 812 923 alios
843 889 1101 932 accusasset,
1124 880 1292 922 cautius
1317 881 1496 923 viveret.
1520 882 1624 924 illud

177 945 322 978 autem
353 937 550 990 alterum,
572 938 760 981 alienum
791 952 882 980 esse
911 937 1237 979 existimatione
1259 953 1368 990 mea,
1392 939 1624 994 Cibyratas

175 994 360 1051 imperio
383 1010 480 1037 meo
503 996 676 1054 publice
701 997 861 1038 venari.
909 995 1047 1051 Lepta
1069 1005 1143 1036 tua
1164 996 1348 1051 epistola
1365 998 1524 1052 gaudio
1547 1012 1625 1038 ex-

175 1051 300 1094 ultat.
331 1054 493 1095 etenim
524 1054 686 1110 scripta
707 1053 816 1096 belle
845 1062 926 1105 est,
947 1066 1102 1108 meque
1123 1053 1239 1108 apud
1270 1067 1368 1095 eum
1399 1069 1557 1110 magna
1578 1055 1624 1098 iu

175 1111 319 1166 gratia
340 1112 501 1167 posuit.
553 1111 708 1153 Filiola
726 1119 800 1152 tua
821 1120 994 1167 gratum
1014 1110 1120 1151 mihi
1144 1111 1263 1162 fecit,
1285 1111 1402 1166 quod
1426 1112 1505 1153 tibi
1528 1112 1625 1154 dili-

179 1177 332 1223 genter
347 1169 585 1220 mandavit,
599 1177 647 1210 ut
664 1168 772 1210 mihi
793 1169 972 1210 salutem
994 1167 1278 1210 adscriberes:
1302 1178 1473 1224 gratum
1493 1170 1625 1212 etiam

178 1225 317 1268 Pilia:
349 1227 422 1268 sed
445 1226 517 1268 illa
538 1226 790 1278 officiosius,
811 1226 928 1282 quod
949 1225 1074 1276 mihi,
1096 1227 1136 1256 48
1150 1240 1280 1281 quem
1302 1240 1538 1282 numquam
1562 1227 1626 1268 vi-

176 1283 257 1325 dit.
279 1284 414 1341 igitur
434 1294 482 1326 tu
504 1299 678 1341 quoque
699 1287 741 1319 49
755 1283 936 1326 salutem
958 1283 1130 1338 utrique
1151 1282 1402 1325 adscribito.
1440 1284 1626 1326 Littera-

176 1355 270 1382 rum
293 1342 490 1383 datarum
514 1344 554 1373 50
567 1342 678 1398 prid.
703 1337 803 1384 Kal.
833 1341 860 1385 J
865 1355 1012 1384 anuar.
1045 1355 1218 1382 suavem
1252 1341 1406 1383 habuit
1428 1342 1628 1384 recorda-

178 1399 342 1441 tionem
365 1399 590 1441 clarissimi
606 1399 918 1456 jurisjurandi:
950 1398 1067 1455 quod
1089 1412 1172 1454 ego
1197 1414 1284 1440 non
1307 1414 1423 1441 eram
1446 1400 1624 1442 oblitus.

176 1458 212 1486 5¹
230 1471 412 1513 magnus
434 1457 549 1499 enim
571 1466 857 1514 praetextatus
879 1457 952 1499 illo
983 1457 1053 1498 die
1075 1455 1153 1498 fui.
1214 1456 1365 1498 Habes
1387 1457 1441 1498 ad
1464 1458 1625 1509 omnia,

175 1528 277 1566 non,
298 1525 346 1555 ut
376 1515 620 1571 postulasti,
640 1519 770 1572 χεῦε-εει
787 1520 951 1568 χαλκείων
964 1535 974 1565 3
1008 1514 1083 1556 sed
1104 1514 1226 1570 paria
1248 1515 1424 1571 paribus
1445 1529 1622 1571 respon·
1633 1525 1666 1555 Ρ·
1682 1517 1737 1550 89.

176 1571 332 1614 dimus.
395 1571 509 1614 Ecce
542 1581 687 1615 autem
711 1571 795 1613 alia
826 1572 982 1629 pusilla
1001 1571 1198 1629 epistola3
1226 1587 1355 1627 quam
1384 1587 1471 1613 non
1495 1572 1665 1615 telin-³·

174 1644 304 1685 quam
325 1634 589 1682 ἁναντιφώνητω.
647 1632 689 1662 52
706 1629 825 1672 Bene
846 1629 1091 1672 mehercule
1112 1630 1258 1687 potuit
1282 1630 1493 1672 Lucceius
1516 1630 1626 1673 Tus-

215 1780 259 1809 44
279 1787 363 1809 num
378 1777 460 1818 quid
479 1778 519 1809 de
542 1787 603 1818 quo
626 1776 803 1817 inaudistz']
833 1787 879 1808 sc.

920 1777 999 1817 quia
1024 1777 1061 1808 in
1084 1776 1175 1808 libris
1203 1778 1357 1809 omnibus
1385 1782 1447 1810 est.
1472 1788 1534 1818 ego
1559 1788 1628 1810 non

176 1830 336 1858 meorum,
349 1821 404 1861 qui
419 1820 544 1861 aliquid
558 1821 685 1859 fecerit,
700 1819 788 1861 quod
798 1820 880 1851 mihi

920 1819 1070 1850 dubitavi
1109 1820 1230 1858 delere,
1255 1822 1333 1861 quia
1369 1821 1543 1852 manifeste
1571 1823 1628 1853 ab·

176 1863 258 1894 vitio
273 1864 355 1894 verti
372 1864 487 1904 possit.

219 1909 262 1938 45
275 1905 331 1937 De
345 1906 396 1937 M.
417 1907 566 1947 Octavio]
585 1906 692 1937 AEdile
708 1906 881 1947 designato

178 1959 208 1979 v.
225 1949 266 1980 ad
279 1949 356 1980 Div.
370 1948 466 1985 VIII,
478 1951 509 1981 2.
521 1953 552 1982 3.
567 1949 786 1991 iterumjam.
803 1959 882 1981 nam

172 1992 243 2032 jam
257 1992 432 2032 scripserat
446 1992 488 2030 V,
503 1995 555 2023 21.

219 2034 262 2064 46
283 2035 339 2064 sed
353 2034 392 2064 de
406 2034 589 2066 Paneheris
598 2033 692 2074 foecle
713 2044 754 2066 ac
767 2035 882 2065 civita-

180 2077 280 2117 tibus]
300 2076 450 2108 Pertinet
465 2077 505 2108 ad
519 2088 571 2118 ep.
588 2077 628 2108 ad
643 2078 721 2109 Div.
736 2076 832 2115 vul,
848 2081 880 2111 9.

166 2118 273 2159 slede,
304 2120 382 2158 quia
410 2120 543 2160 petebat
566 2131 616 2157 ea,
647 2130 720 2160 quae
742 2119 880 2150 honeste

177 2162 249 2192 fieri
266 2171 333 2192 non
345 2168 498 2202 possent:
523 2164 720 2200 civitatibus,
743 2172 884 2201 quarum

180 2215 276 2244 agros
292 2205 456 2235 immunes
472 2204 542 2236 fieri
565 2206 699 2246 petebat
716 2204 833 2236 Fetidii
849 2205 883 2235 in

179 2248 333 2286 gratiam.
357 2247 496 2277 moleste
521 2247 647 2279 ferebat
671 2249 799 2283 Cicero,
815 2247 881 2278 tale

179 2290 257 2329 quid
280 2301 299 2321 a
319 2300 353 2321 se
376 2290 457 2330 peti,
487 2290 521 2320 in
553 2301 618 2331 quo
643 2291 784 2330 suspicio
814 2299 882 2320 esse

178 2338 301 2373 posset,
318 2343 351 2364 se
376 2333 548 2373 pecuniam
572 2344 592 2365 a
615 2334 804 2364 civitatibus
830 2343 883 2363 ae-

179 2376 315 2416 cepisse,
332 2379 371 2406 ut
385 2385 480 2415 agros
497 2375 662 2407 immunes
676 2377 812 2407 faceret.

223 2421 264 2452 47
286 2428 345 2449 nec·
359 2419 410 2448 illi
437 2419 566 2459 capere]
590 2418 716 2450 Fetidio
738 2418 790 2449 vel
811 2418 882 2449 Coe-

181 2461 238 2496 lio,
253 2463 308 2501 qui
322 2462 385 2492 hoc
407 2462 528 2501 petisse
543 2463 706 2500 videatur,
724 2466 762 2492 ut
786 2471 883 2501 pecu-

181 2505 273 2535 niam
290 2514 309 2535 a
331 2503 520 2534 civitatibus
542 2509 686 2544 caperet,
709 2504 825 2544 quibus
852 2503 885 2534 id

180 2547 402 2587 impetrasset.
446 2546 477 2576 Si
494 2547 536 2578 ad
559 2547 702 2578 Coelium
724 2547 882 2587 pertinet,

180 2589 268 2628 quod
282 2589 410 2627 malim,
427 2598 504 2619 nam
520 2594 554 2619 et
568 2589 738 2630 sequentia
751 2589 790 2620 ad
806 2599 883 2619 eum

182 2632 366 2671 pertinent,
407 2631 584 2671 legendum
623 2633 725 2664 etiam
755 2631 884 2662 videtur

180 2683 252 2713 zpsz.

223 2718 265 2747 43
287 2725 382 2755 quem
395 2715 476 2758 jam
496 2718 626 2757 pridem
648 2727 819 2758 nunquam
834 2717 883 2747 zvi-

182 2758 245 2797 dz‘t]
273 2757 364 2789 Vidit
395 2759 480 2790 edidi
503 2770 578 2790 cum
602 2761 744 2797 Graevio,
769 2765 808 2790 ut
828 2769 884 2789 vo-

184 2801 248 2831 luit
266 2801 461 2841 Malaspina.
484 2803 541 2833 sed
554 2804 600 2833 sic
610 2806 682 2841 jam
695 2804 767 2834 edd.
786 2803 882 2834 Rom.

184 2843 276 2874 JenS.
299 2847 333 2874 et
355 2844 428 2874 aliae
444 2849 579 2877 veteres.
592 2845 673 2886 jam
683 2847 814 2886 pridem
830 2847 882 2876 de-

185 2885 244 2916 leri
272 2886 403 2917 volebat
428 2887 513 2917 idem
540 2887 739 2928 Malaspina,
766 2889 883 2929 proba-

186 2927 306 2968 batque
342 2928 501 2965 Graevius,
528 2930 585 2961 sed
606 2931 743 2964 nolebat
771 2931 884 2967 deleri,

922 1861 1057 1893 surdum
1072 1868 1135 1894 est.

966 1907 1009 1940 49
1039 1907 1182 1936 salutem
1209 1906 1343 1946 utrique
1367 1907 1556 1947 adscribito]
1581 1916 1626 1938 sc.

926 1957 1004 1978 cum
1020 1947 1162 1978 Romam
1178 1949 1310 1980 scribes.

969 1993 1010 2021 50
1025 1991 1136 2030 pridie
1148 1991 1229 2022 Kal.
1246 1991 1347 2031 dam]
1370 1992 1430 2023 Est
1446 2002 1504 2032 pro
1520 1991 1628 2022 nomi-

924 2034 1051 2070 nativo,
1076 2033 1143 2064 dies
1167 2044 1213 2065 sc.
1239 2034 1294 2073 qui
1319 2035 1384 2065 fuit
1419 2035 1521 2075 pridie
1546 2034 1627 2066 Kal.

922 2076 998 2107 Jan.
1007 2086 1073 2116 quo
1083 2076 1134 2106 die
1148 2076 1288 2117 epistola
1297 2082 1356 2107 tua
1365 2077 1443 2108 data
1451 2085 1512 2108 est.
1529 2088 1567 2108 ea
1578 2077 1630 2108 die

924 2119 1040 2151 Cicero
1068 2119 1181 2149 abiens
1202 2120 1391 2157 consulatu,
1409 2130 1482 2151 cum
1504 2119 1627 2150 oratio-

926 2170 1003 2192 nem
1017 2163 1058 2194 ad
1074 2162 1234 2202 populum
1256 2162 1388 2200 habere,
1403 2162 1630 2193 intercedente

925 2204 1060 2236 tribuno
1075 2205 1192 2245 plebiS,
1216 2205 1255 2235 de
1280 2205 1454 2235 consulatu
1478 2215 1537 2234 suo
1561 2215 1629 2235 non

925 2246 1202 2288 liceret,juravit,
1215 2257 1248 2277 se
1265 2257 1366 2288 remp.
1384 2257 1540 2278 servasse.

970 2292 1006 2321 51
1033 2299 1176 2329 magnus
1185 2294 1405 2330 praetextatus
1417 2291 1473 2321 ilco
1486 2291 1537 2320 die
1545 2288 1626 2330 fui]

926 2331 1084 2364 Offendor
1107 2334 1140 2363 in
1158 2337 1389 2373 praetextatus.
1435 2333 1570 2369 Vereor,
1587 2342 1629 2363 ne

926 2375 962 2405 in
978 2386 1017 2406 eo
1032 2376 1122 2406 aliud
1137 2375 1215 2415 quid
1237 2375 1353 2413 lateat,
1370 2379 1429 2406 aut
1451 2376 1495 2406 sit
1519 2375 1629 2406 insiti·

927 2419 1027 2449 tium.

971 2463 1011 2492 5¹2
1034 2460 1126 2492 Bene
1142 2471 1186 2490 m.
1200 2459 1322 2499 potuit]
1343 2460 1406 2491 int.
1424 2459 1563 2491 vendere
1577 2471 1630 2493 sa-

928 2502 1014 2534 lubri
1031 2504 1150 2544 pretio,
1169 2508 1203 2533 et
1225 2503 1396 2534 commode
1422 2503 1463 2534 ad
1487 2512 1530 2533 aes
1551 2504 1630 2534 alie-

927 2555 1009 2576 num
1035 2545 1291 2577 dissolvendum.
1316 2546 1442 2586 reliqua
1465 2545 1628 2587 interpre-

927 2593 1062 2619 tantur:
1099 2589 1162 2619 nisi
1189 2588 1275 2619 forte
1317 2588 1438 2619 maluit
1472 2589 1628 2627 retinere,

927 2632 1002 2670 quia
1016 2631 1059 2661 ibi
1082 2631 1225 2662 libenter
1239 2634 1290 2661 est
1311 2641 1388 2662 cum
1411 2630 1539 2662 servulo
1554 2641 1628 2668 suo,

926 2675 1075 2711 tibicine,
1085 2679 1124 2704 ut
1136 2674 1322 2704 Manutius,
1334 2674 1389 2704 alii
1402 2674 1509 2704 aliter.
1532 2675 1627 2704 Tun-

927 2716 1044 2747 stallus
1063 2727 1092 2757 p.
1113 2720 1182 2749 123.
1204 2716 1362 2756 intelligit
1385 2721 1464 2752 stat,
1489 2715 1508 2745 i.
1524 2726 1554 2746 e.
1570 2715 1628 2746 ad-

928 2759 993 2789 huc
1018 2760 1161 2790 sustinet
1187 2769 1229 2789 aes
1252 2759 1412 2795 alienum,
1435 2758 1565 2797 adiutus
1580 2758 1628 2788 al-

926 2808 998 2833 tero
1016 2802 1177 2833 Lucceio:
1204 2803 1289 2841 quod
1314 2802 1431 2842 placet.
1457 2810 1532 2830 narn
1550 2810 1629 2830 con-

927 2855 938 2875 '-
948 2845 1018 2875 enit
1032 2844 1194 2885 sequenti,
1208 2845 1264 2885 qui
1273 2845 1315 2874 sit
1329 2843 1400 2884 ejus
1413 2847 1528 2878 status,
1542 2842 1630 2882 quod

926 2887 967 2920 ad
992 2897 1060 2918 rem
1087 2888 1312 2927 pecuniariam
1342 2886 1499 2926 pertinet,
1529 2891 1564 2918 et
1589 2885 1630 2917 de

927 2930 1098 2971 utriusque
1115 2939 1178 2962 aere
1194 2929 1302 2961 alieno
1318 2928 1395 2960 alibi
1410 2934 1472 2961 est.
