1940 3231
236 891 306 923 .59.

207 901 228 932 P
296 933 481 989 ·aliquid
504 932 737 988 significes
771 932 892 973 valde
913 932 1028 972 enim
1051 942 1116 972 est
1139 932 1179 972 in
1206 946 1273 972 me
1297 931 1496 972 liberulis.

311 150 385 185 536
724 146 906 186 EPlST.
935 146 1014 185 AD
1041 146 1320 191 ATTICUM‚

312 265 411 292 vero
436 250 574 293 ferrei.
637 251 766 298 Quod
797 266 864 293 me
886 252 1105 303 admones,
1127 253 1166 283 63
1184 262 1228 292 ut
1250 251 1435 292 scribam
1459 249 1529 292 illa
1556 249 1746 292 Horten-

313 308 456 349 siana:
491 309 533 349 in
556 307 638 349 alia
669 309 814 358 incidi,
838 324 921 349 non
951 309 1175 350 immemor
1198 309 1317 349 istius
1350 307 1538 349 mandati
1564 307 1640 349 tui.
1672 307 1745 347 sed

311 365 556 406 mehercule
586 365 832 421 incipiendo
864 365 1029 420 refugi3
1059 366 1100 396 6⁴
1115 380 1181 415 ne,
1211 366 1282 421 qui
1319 364 1459 404 videar
1480 365 1607 406 stulte
1638 361 1750 403 illins

314 423 440 463 amici
465 423 762 477 intemperiem
787 436 872 462 non
905 423 1063 472 tulisse,
1087 436 1228 462 rursus
1262 421 1388 462 stulte
1412 421 1612 475 injuriam
1639 419 1751 460 illius

315 477 469 520 faciani
493 479 713 528 illustrem,
731 479 762 518 si
790 479 891 533 quid
912 479 1146 534 scripserog
1170 488 1212 519 et
1234 479 1375 529 simul,
1398 493 1449 518 ne
1470 482 1620 526 βαθύτης
1644 490 1754 525 mea,

315 551 411 591 quae
436 537 476 576 in
499 536 666 590 agendo
688 535 902 589 apparuit,
926 535 966 565 65
983 535 1023 575 in
1043 535 1270 576 scribendo
1291 536 1345 575 sit
1364 535 1588 583 oculatior,
1611 543 1653 574 et
1675 532 1752 572 ali-

315 593 419 648 quid
443 592 682 633 satisfactio
716 591 904 632 levitatis
927 591 1085 632 habere
1120 592 1328 633 videatur.
1390 592 1471 632 Sed
1510 590 1756 630 viderimus,

318 659 361 690 tu
390 650 516 690 modo
543 663 672 703 quam
696 649 932 703 saepissime
953 649 1005 689 ad
1031 662 1096 689 me
1125 648 1301 703 aliquid.
1366 647 1619 703 Epistolam,
1645 646 1756 687 Luc-

318 709 411 747 ceio
436 720 549 746 nunc
573 720 701 760 quam
726 706 837 755 misi,
859 720 958 760 qua,
983 719 1096 746 meas
1122 720 1184 745 res
1210 715 1254 745 ut
1275 704 1449 754 scribat,
1477 719 1596 760 rogo,
1621 703 1688 744 fac
1709 711 1756 743 ut

318 765 372 804 ab
395 777 446 804 eo
478 777 645 804 sumas:
679 762 805 814 valde¹
825 762 933 802 bella
963 774 1052 803 est:
1089 776 1289 816 cumque,
1313 771 1359 802 ut
1391 770 1660 816 approperet,
1683 760 1757 800 ad-

318 820 527 861 horteris:
559 828 617 869 et,
639 819 755 874 quod
776 818 881 858 mihi
906 833 949 858 se
972 819 1033 858 ita
1055 818 1267 859 facturum
1293 819 1524 872 rescripsit,
1543 832 1643 873 agas
1661 831 1758 872 gra-

321 877 415 918 tias.
480 876 670 917 Domum
705 885 912 925 nostram,
934 876 1075 929 quoad
1101 877 1275 930 poteris,
1300 876 1472 915 invisus.
1503 875 1544 905 66
1562 875 1758 915 Vestorio

758 1021 993 1064 CICERO
1025 1021 1256 1063 ATTICO
1289 1021 1335 1062 S.

324 1080 526 1132 NIHIL
567 1093 777 1146 εὗκωιςότεςον
822 1090 1005 1146 epistola
1046 1098 1134 1138 tua,
1176 1104 1273 1144 quae
1322 1103 1390 1129 me
1434 1086 1665 1128 sollicitum
1707 1086 1762 1128 de

322 1149 490 1196 Quinto
514 1158 676 1197 nostro,
698 1161 830 1202 puero
855 1148 1038 1202 optimo,
1063 1147 1182 1187 valde
1201 1146 1373 1187 levavit.
1439 1145 1625 1185 Venerat
1647 1143 1762 1185 horis

321 1207 487 1247 duabus
506 1215 604 1245 ante
624 1203 910 1260 Chaerippus;
932 1204 971 1237 67
988 1218 1102 1244 mera
1123 1213 1312 1244 monstra
1335 1202 1565 1243 nuntiarat.
1612 1200 1678 1242 De
1702 1200 1763 1241 A·

323 1263 514 1319 pollonio
538 1261 654 1316 quod
678 1261 844 1311 scribis,
860 1261 932 1316 qui
955 1259 1013 1300 illi
1034 1261 1093 1301 dii
1115 1260 1226 1311 irati,
1250 1260 1414 1300 bomini
1440 1256 1614 1308 Graeeo,
1636 1258 1676 1289 68
1691 1257 1765 1312 qui

323 1320 582 1361 conturbare
603 1318 778 1372 quidem
798 1328 921 1374 putat
940 1317 1021 1357 sibi
1044 1318 1195 1368 licere3
1227 1318 1342 1372 quod
1362 1316 1580 1371 equitibus
1603 1315 1764 1356 Roma-

324 1378 407 1418 nis.
431 1391 529 1417 nam
550 1375 777 1416 Terentius
801 1390 877 1416 suo
894 1374 1008 1430 jure.
1035 1374 1076 1408 69
1092 1373 1160 1414 De
1186 1374 1380 1425 Metello,
1404 1377 1454 1425 ἐχ
1473 1376 1538 1416 ὁσίη
1557 1375 1766 1424 &apameam

326 1435 399 1475 sed
431 1442 573 1474 tamen
597 1431 742 1472 multis
772 1434 894 1473 annis
927 1431 1034 1473 civis
1058 1445 1183 1472 nemo
1217 1441 1308 1472 erat
1341 1440 1552 1478 mortuus,
1573 1428 1646 1482 qui
1669 1427 1766 1482 qui-

327 1492 440 1532 dem.
483 1493 523 1524 70
541 1489 618 1530 tibi
652 1489 771 1529 numi
805 1504 900 1530 meo
938 1488 1128 1544 periculo
1166 1488 1266 1528 sint.
1300 1488 1403 1542 quid
1441 1486 1556 1526 enim
1599 1484 1768 1534 vereris,

328 1552 363 1581 71
386 1561 687 1604 quemcunque
710 1546 910 1587 heredem
947 1545 1064 1590 fecit.
1096 1545 1176 1585 nisi
1200 1545 1404 1586 Publium
1427 1542 1546 1584 fecit.
1566 1545 1607 1576 72
1621 1555 1768 1582 verum

328 1662 412 1692 bene
427 1661 595 1692 consentit
617 1669 692 1690 eum
715 1659 955 1700 superioribus:
988 1659 1029 1690 ad

328 1714 402 1742 quae
419 1704 611 1734 Ciceronem
628 1703 804 1742 respexisse
822 1705 914 1742 patet
929 1712 946 1732 e
960 1712 1030 1732 ver-

329 1747 391 1782 bis,
408 1750 445 1775 uc
467 1745 591 1785 scripsi.
610 1743 786 1783 necferrei
800 1743 973 1775 commode
989 1745 1031 1784 «τῷ

332 1790 430 1819 miser
448 1789 639 1826 opponitur.

372 1830 415 1860 63
441 1834 476 1859 ut
490 1830 631 1859 scribam
646 1829 706 1858 z'lla
722 1826 960 1866 Hortensiana]
987 1827 1037 1858 Ad

332 1872 452 1903 librum
485 1871 653 1901 Hortensii
682 1870 815 1900 nomine
842 1869 1036 1909 inscriptum

333 1914 372 1944 de
397 1913 603 1954 philosophia
628 1912 786 1942 referunt.
832 1911 895 1941 Sed
919 1912 946 1941 is
971 1920 1038 1941 non

334 1955 506 1986 commode
531 1955 577 1984 sic
601 1955 740 1991 dicatur,
757 1959 795 1984 ut
818 1954 947 1993 opinor.

377 1998 417 2028 64
441 2007 492 2033 ize,
518 1997 602 2036 quod
616 1997 726 2026 videor
747 1997 899 2026 stulte-
911 1995 1033 2032 tulisse,

334 2049 451 2070 rursus
472 2041 570 2069 stulte
594 2039 666 2078 &c.]
692 2039 777 2077 quod
797 2038 906 2067 videor
920 2047 1032 2067 verum

335 2091 404 2113 esse
421 2091 486 2111 non
510 2086 632 2120 potest.
678 2080 812 2110 Cori-exi
829 2080 883 2120 qui
899 2080 1014 2110 videar
1025 2092 1035 2109 .-

337 2125 384 2154 ita
401 2124 548 2154 latinitas
563 2122 722 2163 postulat.
738 2123 854 2152 videar
870 2121 969 2151 habet
983 2121 1033 2152 ed.

335 2167 427 2196 dens.
445 2166 622 2204 eademque
639 2175 678 2194 ue
693 2165 833 2204 quidem.
856 2165 912 2202 qui
927 2165 1038 2203 conje-

337 2219 410 2238 cere
424 2209 523 2238 etiarn
540 2207 691 2238 Nizolius
706 2211 739 2236 et
757 2206 946 2236 Lambinus.
965 2211 1040 2245 post

325 2250 463 2290 ⁸tiwiam
478 2250 654 2280 delendum
666 2254 763 2289 putat
778 2249 938 2285 Graevius,
952 2248 1040 2287 quod

339 2300 371 2323 et
388 2293 452 2322 Ms.
470 2291 614 2323 Helmst.
631 2292 724 2322 abest
740 2291 858 2330 placet.

381 2336 422 2366 65
448 2335 484 2364 in
512 2334 676 2364 scribendo
704 2334 748 2363 sit
774 2331 948 2371 oculatior]
986 2332 1039 2362 Sie

340 2386 399 2417 pro
413 2377 566 2406 occultior
581 2387 598 2407 e
612 2376 678 2407 Ms.
697 2375 799 2406 edidit
813 2375 930 2405 Bosius
945 2386 952 2403 z
983 2374 1037 2404 be-

342 2428 394 2448 ne.
411 2430 440 2448 v.
457 2419 548 2450 Clav.

385 2460 425 2491 66
449 2459 592 2490 Vestorio
621 2460 750 2499 aliquid
774 2458 952 2499 significes]
993 2468 1037 2489 sc.

341 2503 393 2532 sae
416 2502 583 2541 intelligat
607 2503 717 2541 aliquo
737 2501 846 2536 modo,
861 2511 936 2530 eum
961 2501 1041 2531 mibi

341 2550 376 2574 et
399 2544 458 2574 tibi
483 2549 614 2583 gratum
636 2545 756 2582 facere,
772 2553 848 2574 cnm
872 2543 915 2572 sit
938 2543 971 2572 in
989 2553 1040 2573 nie

342 2592 412 2617 tam
429 2586 582 2616 liberalis.

384 2628 423 2661 67
448 2637 541 2658 mera
569 2632 716 2657 monstra
740 2627 934 2666 nunciarat]
970 2626 1042 2658 Ma-

343 2680 445 2711 gnum
463 2669 646 2710 periculum
661 2669 779 2708 Quinti
795 2669 998 2708 aegrotantis.

385 2713 425 2743 68
447 2713 504 2752 qui
517 2712 711 2742 conturbare
728 2711 802 2749 &c.]
842 2711 1042 2741 Conturbare

343 2755 488 2795 pertinet
503 2754 543 2784 ad
560 2763 627 2784 rem
642 2753 877 2793 pecuniariam,
889 2752 944 2782 sed
956 2753 1042 2783 varie

343 2797 405 2827 dici
430 2800 540 2836 potest
561 2796 600 2826 de
625 2795 765 2835 peccatis
789 2796 823 2825 in
845 2805 903 2825 ea:
940 2804 1043 2833 genus

344 2839 470 2878 peccati
486 2842 519 2869 et
542 2838 664 2868 fraudis
687 2837 827 2876 intelligi
844 2847 861 2866 e
884 2842 1043 2866 contextu

343 2880 453 2912 debet.
499 2880 673 2912 Manutius
694 2879 734 2911 de
762 2879 875 2911 ordine
903 2878 1042 2909 solutio-

1074 1659 1124 1689 nis
1148 1659 1341 1699 perturbato
1364 1656 1495 1697 ancipit,
1512 1665 1588 1695 cuin
1613 1655 1771 1695 posterio-

1074 1701 1162 1732 ribus
1177 1700 1379 1731 debitoribus
1402 1700 1491 1740 prius
1506 1697 1657 1733 solvitur,
1672 1706 1771 1736 quam

1074 1743 1257 1783 prioribus:
1294 1742 1380 1782 quod
1402 1752 1441 1771 ex
1466 1740 1524 1771 Or.
1550 1749 1608 1780 pro
1638 1738 1773 1769 Plancio

1074 1787 1226 1815 firmatur
1254 1795 1284 1815 c.
1313 1787 1364 1816 28.
1387 1784 1419 1814 id
1443 1782 1566 1813 seilicet
1590 1781 1773 1821 publicanis

1079 1827 1189 1864 licere,
1206 1836 1273 1856 non
1295 1826 1378 1857 aliis.
1424 1826 1456 1856 Si
1479 1824 1699 1864 acceperimus
1717 1833 1775 1863 pro

1080 1869 1270 1908 decoquere,
1287 1874 1379 1898 totus
1395 1868 1485 1898 locus
1499 1867 1561 1897 erit
1581 1866 1723 1895 ironicus
1740 1866 1774 1896 in

1079 1911 1274 1941 Terentium
1292 1911 1436 1949 equitem
1459 1910 1499 1940 R.
1517 1908 1572 1948 qui
1588 1907 1776 1938 decoxerat.

1080 1953 1177 1992 idque
1191 1953 1270 1983 mihi
1286 1963 1386 1992 prope
1400 1952 1504 1991 magis
1518 1951 1638 1991 placet.

1120 1996 1161 2029 69
1183 1995 1238 2026 De
1251 1994 1397 2033 Metello]
1427 1994 1488 2023 Est
1511 1994 1550 2029 is,
1566 2002 1662 2031 quem
1680 2000 1779 2032 supra

1078 2047 1129 2077 ep.
1144 2041 1176 2068 3.
1199 2046 1273 2067 cum
1290 2036 1406 2068 Clodio
1428 2039 1462 2065 et
1480 2035 1585 2075 Appio
1600 2034 1778 2073 conjunxe-

1080 2084 1140 2109 rat.
1171 2089 1249 2109 narn
1275 2079 1461 2118 improbum
1484 2077 1652 2108 hominem
1679 2076 1778 2106 fuisse

1079 2127 1113 2151 et
1131 2120 1282 2152 Ciceroni
1297 2120 1482 2157 inimicum,
1498 2119 1554 2150 iila
1569 2118 1779 2154 ἀποσιώπησις,

1081 2165 1136 2202 qui
1171 2164 1313 2202 quidem,
1351 2167 1386 2193 et
1428 2163 1599 2201 sequentia
1643 2161 1776 2192 docent.

1081 2205 1212 2245 Nempe
1228 2210 1262 2235 et
1275 2205 1300 2234 is
1317 2205 1541 2235 conturbarat.

1125 2250 1166 2281 70
1190 2248 1248 2278 tibi
1264 2247 1358 2277 numi
1371 2257 1439 2277 meo
1452 2247 1596 2286 periculo
1609 2245 1689 2284 sint]
1720 2243 1781 2275 Di-

1083 2293 1174 2319 ctum
1190 2295 1225 2319 et
1240 2289 1302 2319 hoc
1321 2289 1456 2319 ironice.
1471 2288 1670 2319 solutionem
1687 2298 1706 2318 a
1726 2296 1780 2317 me

1082 2336 1171 2371 pete,
1197 2332 1222 2361 si
1247 2341 1287 2361 ex
1316 2330 1498 2361 hereditate
1525 2340 1592 2360 non
1622 2329 1779 2370 accipies:

1083 2374 1153 2405 scil.
1172 2374 1287 2404 Cicero
1304 2374 1428 2403 solvere
1451 2382 1516 2403 non
1535 2373 1708 2413 potuisset,
1725 2372 1780 2410 qui

1082 2421 1155 2446 tum
1173 2415 1318 2454 pecuniae
1339 2415 1451 2455 inopia
1471 2414 1654 2450 laborabat,
1669 2418 1708 2444 ut
1721 2423 1781 2443 sae-

1084 2468 1123 2497 pe
1139 2458 1205 2497 ipse
1221 2457 1312 2488 dicit.
1335 2463 1369 2487 et
1385 2457 1556 2495 sequentia
1569 2456 1682 2486 omnia
1703 2461 1783 2486 sunt

1083 2499 1176 2531 talia.
1193 2499 1299 2529 ironia
1312 2499 1512 2538 intelligitur
1527 2509 1544 2529 e
1559 2497 1722 2529 clausula:
1747 2498 1783 2528 in

1084 2543 1160 2571 aliis
1172 2542 1235 2571 eris
1250 2542 1386 2571 cautior.

1127 2587 1162 2617 71
1190 2593 1410 2622 quemcunque
1432 2582 1579 2612 heredem
1589 2581 1691 2622 fecit]
1720 2582 1783 2613 Hic

1085 2625 1258 2665 legendum
1263 2624 1398 2664 fece-rit.

1127 2671 1167 2701 72
1188 2666 1394 2706 verumfecit
1408 2676 1472 2697 non
1484 2666 1638 2705 improbe]
1659 2666 1690 2696 Si
1707 2665 1785 2697 Clo-

1085 2709 1174 2740 dium
1199 2710 1289 2745 feeit,
1305 2710 1381 2748 qnia
1402 2710 1471 2748 ejus
1489 2718 1633 2738 sororem
1657 2709 1690 2738 in
1714 2718 1784 2739 ma-

1085 2751 1243 2781 trimonio
1258 2751 1368 2781 habet.
1393 2751 1586 2791 infititjpse
1601 2750 1707 2781 intell.
1723 2751 1784 2781 im-

1087 2794 1221 2833 probis,
1238 2804 1276 2823 ex
1292 2794 1447 2832 improbe,
1465 2792 1550 2833 quod
1565 2801 1623 2833 per
1636 2792 1786 2833 εὐφημίαν,

1087 2841 1126 2866 ut
1141 2843 1232 2873 ante,
1249 2836 1372 2870 omisit.
