1940 3231
694 84 899 137 LIBER
925 82 1039 134 xm.
1505 86 1583 142 153?

138 203 320 259 'possum
336 203 428 261 jam
453 201 622 253 addere,
643 206 727 255 (est
749 200 862 241 enirn
887 213 952 241 res
976 197 1262 255 pervulgata,)
1284 199 1325 230 66
1336 215 1473 256 neque
1494 201 1582 244 Tu*-

143 261 349 303 beronem
373 261 470 302 volo
492 260 734 301 defendere.
758 257 939 298 mirifice
970 267 1034 297 est
1065 256 1178 296 enim
1210 260 1387 306 φιλαίτιος.
1410 260 1447 292 67
1462 259 1581 300 thea-

143 327 258 359 trum
281 319 453 374 quidem
477 331 577 358 sane
602 315 755 356 bellum
788 313 992 354 habuisti.
1014 327 1112 369 ego,
1133 312 1221 354 etsi·
1237 313 1319 353 hoc
1342 313 1437 354 loco
1460 316 1580 357 facil-

143 373 246 416 lime
269 385 498 425 sustentor,
522 383 661 423 tamen
690 381 732 412 te
754 371 898 412 videre
927 372 1072 426 cupiO.
1105 371 1264 425 itaque,
1289 381 1333 411 ut
1358 374 1579 424 constitui,

141 432 286 474 adero.
348 433 539 474 Fratrem
571 429 700 471 credo
735 444 760 468 a
793 438 835 469 te
867 442 959 469 esse
992 439 1270 469 conventum.
1305 428 1412 469 scire
1446 429 1711 484 igiturp.2lo;

143 490 312 539 studeo,
344 489 446 545 quid
479 486 632 542 egeris.
691 485 812 526 68De
848 486 963 526 fama
1004 486 1112 526 nihil
1152 499 1252 526 sane
1292 484 1466 527 laboro:
1499 488 1619 527 etsi&-

142 547 394 602 scripseram
418 545 469 585 ad
495 555 537 584 te
560 553 664 585 tune
691 543 844 594 stulte3
876 541 983 583 nihil
1011 542 1164 583 melius.
1196 543 1431 583 curandum
1463 544 1580 585 enim

141 616 228 644 non
251 612 329 644 est.
351 611 481 656 atque
512 600 610 652 hoc,
632 601 676 641 in
707 600 816 641 omni
845 600 931 641 vita
961 614 1033 640 sua
1064 614 1258 655 quemque
1287 615 1311 640 α
1344 607 1454 641 recta
1484 616 1578 642 con-

139 660 309 701 scientia
331 666 552 701 traversum
574 672 747 714 unguem
772 672 853 698 non
876 664 1032 711 oportet
1053 657 1264 707 discedere,
1289 657 1427 698 viden’
1449 674 1580 713 quain

139 719 352 768 φιλοσόφωςὲ
386 731 440 758 an
474 725 519 756 tu
552 730 627 756 nos
661 715 817 756 frustra
846 714 1068 756 existimas
1101 714 1194 755 haec
1219 715 1258 754 in
1285 716 1482 756 manibus
1507 716 1581 757 lia-

142 771 269 813 bere?
299 773 458 825 δεδῆχθαιι
481 783 523 814 te
555 773 726 823 nollem,
749 772 862 828 quod
892 771 998 812 nihil
1022 781 1126 813 erat.
1151 771 1276 812 redeo
1298 773 1411 813 enim
1437 788 1580 814 rursus

139 829 306 870 eodem.
337 830 630 886 quidquamne
661 845 729 871 me
761 840 885 886 putas
916 830 1114 870 69curare
1147 829 1187 869 in
1222 838 1330 880 toto,
1355 830 1434 870 nisi
1468 841 1515 872 ut
1540 833 1580 872 ei

137 896 194 927 ne
224 886 392 928 desim?
424 888 465 929 id
497 902 581 943 ago
615 887 792 938 scilicet,
824 896 869 927 ut
892 886 1062 942 judicia
1084 887 1229 927 videar
1261 896 1418 928 tenere.
1447 893 1493 940 μὴ
1512 893 1591 944 ⁷0¹⁶?

136 947 260 988 ἐῦτοῑς.
285 944 438 986 vellem
472 955 559 986 tam
590 945 827 986 domestica
858 942 966 984 ferre
999 958 1182 999 possem,
1205 958 1334 998 quam
1368 945 1448 986 ista
1476 959 1581 985 con-

143 1009 349 1042 temnere.
374 1013 499 1058 putas
521 1011 665 1043 autem
689 1017 756 1042 me
780 1001 962 1041 voluisse
990 1000 1168 1055 aliquid,
1191 1001 1303 1056 quod
1342 1003 1582 1056 perfectum

139 1070 229 1098 non
254 1059 336 1101 sit?
369 1063 504 1101 70non
537 1059 637 1100 licet
668 1059 832 1100 scilicet
863 1058 1120 1109 senteutiam
1152 1073 1297 1099 suam:
1331 1059 1403 1099 sed
1437 1070 1582 1101 tamen

140 1129 240 1169 quae
277 1125 369 1156 tum
401 1127 498 1158 acta
528 1126 641 1167 sunt,
675 1131 759 1157 non
798 1130 971 1171 possum
1003 1130 1087 1155 non
1121 1117 1327 1171 probare:
1360 1126 1403 1156 et
1436 1127 1579 1157 tamen

140 1185 229 1213 non
251 1187 400 1215 curare
422 1174 600 1232 pulchre
630 1188 820 1230 possum,
843 1173 970 1214 sicuti
994 1172 1121 1215 facio.
1145 1173 1218 1214 sed
1240 1173 1422 1214 nimium
1446 1174 1582 1215 inulta

139 1230 194 1271 de
216 1232 358 1287 nugis.

579 1303 814 1348 CICERO
845 1302 1074 1345 ATTICO
1107 1304 1152 1345 S.
1592 1295 1643 1339 '¹:21

139 1362 241 1415 AD
266 1372 458 1415 Hirtium
484 1373 681 1415 dederam
710 1372 935 1429 epistolam
960 1387 1060 1413 sane
1082 1370 1303 1428 grandem,
1326 1381 1454 1428 'quam
1477 1375 1580 1416 scri-v

142 1443 312 1486 pseram
354 1432 553 1488 proxime
594 1432 637 1472 in
681 1429 941 1472 Tusculano.
1003 1429 1138 1480 Huic,
1170 1444 1298 1484 quain
1337 1443 1428 1472 tum
1473 1433 1581 1474 mihi

140 1487 313 1538 misisti,
352 1490 582 1530 rescribam
621 1488 739 1529 alias.
777 1502 890 1527 nunc
929 1485 1022 1527 aliis
1057 1487 1184 1527 malo.
1247 1488 1365 1533 Quid
1405 1504 1581 1544 possum

142 1543 196 1584 de
219 1544 454 1600 Torquato,
478 1546 557 1587 nisi
589 1545 748 1600 aliquid
773 1560 798 1585 a
820 1543 1075 1586 Dolabella?
1106 1544 1220 1599 quod
1245 1545 1369 1586 simul
1391 1561 1456 1597 ac,
1477 1563 1582 1589 con-

143 1602 266 1642 tinuo
310 1604 468 1644 scietis.
507 1603 814 1660 exspectabam
859 1601 1001 1651 hodie,
1036 1611 1110 1642 aut
1145 1616 1360 1642 summum
1403 1619 1496 1645 cras
1526 1607 1582 1646 ab

139 1667 192 1699 eo
225 1658 491 1702 tabellarios:
524 1662 596 1716 qui
629 1659 756 1701 simul
786 1673 836 1700 ac
863 1659 1072 1710 venerint,
1097 1660 1321 1700 mittentur
1352 1661 1401 1701 ad
1425 1671 1503 1702 te.'
1541 1664 1584 1704 A

142 1716 312 1762 Quinto
343 1727 564 1774 exspecto.
597 1717 873 1774 proficiscens
904 1717 1019 1758 enim
1051 1730 1074 1757 e
1104 1715 1348 1758 Tusculano
1374 1731 1448 1759 nx
1482 1718 1580 1761 Kal.

139 1783 190 1813 ut
212 1774 309 1825 scis,
332 1776 427 1817 misi
451 1776 503 1817 acl
526 1789 625 1816 eum
648 1774 906 1816 tabellarios.
968 1773 1113 1825 Nun'c,
1136 1774 1188 1815 ad
1213 1786 1300 1814 rem
1325 1785 1372 1815 ut
1395 1776 1579 1828 redeam,

138 1829 323 1872 inhibere
353 1831 455 1874 illud
489 1842 626 1884 tuum,
649 1832 763 1888 quod
788 1831 910 1872 valde
936 1831 1041 1872 mihi
1059 1832 1277 1879 arriserat,
1303 1832 1579 1875 vehementer

139 1888 353 1944 displicet.
385 1897 448 1931 est
479 1891 594 1931 enim
618 1891 795 1930 verbum
828 1897 967 1945 totum
992 1889 1227 1929 nauticum.
1251 1899 1511 1945 quamquam
1536 1892 1579 1933 id

139 1947 315 2000 quidem
338 1948 550 1990 sciebam:
585 1948 655 1988 sed
679 1947 919 1988 arbitrabar
942 1946 1139 1986 sustineri
1164 1960 1318 1998 remos,
1339 1963 1436 1988 cuin
1466 1949 1578 1989 iuhi⁴

137 2003 239 2044 bere
261 2015 402 2045 essent
427 2005 607 2061 remiges
623 2004 751 2060 jussi.
776 2004 816 2044 id
843 2013 927 2044 non
949 2017 1040 2043 esse
1061 2004 1290 2059 ejusmodi,
1312 2005 1444 2046 didici
1468 2006 1589 2057 heri,'

137 2067 236 2101 cum
261 2061 312 2102 ad
337 2062 479 2103 villam
512 2072 701 2104 nostram
733 2062 853 2102 navis
879 2061 1177 2117 appelleretur.
1200 2076 1284 2102 non
1309 2063 1422 2103 enim
1447 2065 1575 2105 susti-

137 2128 260 2169 nent,
293 2119 366 2160 sed
398 2119 482 2160 alio
517 2120 645 2160 modo
678 2119 908 2175 remigant.
945 2119 987 2158 id
1019 2119 1074 2159 ab
1103 2122 1209 2174 ἐποχῇ
1239 2121 1572 2161 remotissimum
1586 2124 1616 2153 bs

139 2186 218 2218 e'st.
252 2191 384 2231 quare
417 2177 563 2229 facies,
596 2187 645 2217 ut
677 2176 738 2217 ita
768 2178 824 2216 sit
853 2176 896 2216 in
925 2174 1050 2228 libro,
1080 2177 1446 2231 quemadmodum
1477 2178 1589 2220 suin³

137 2317 179 2349 ab
203 2317 242 2348 iis
269 2315 309 2347 ad
336 2316 556 2356 accusandum
582 2317 752 2357 Ligarium
781 2316 838 2348 ad·
881 2317 937 2355 rei.
953 2317 1031 2347 dicit
1046 2327 1079 2347 se
1100 2322 1167 2352 no'n
1190 2325 1314 2353 curare,
1330 2318 1407 2357 quid
1429 2311 1579 2351 'homines

137 2351 256 2392 tinctus
270 2357 381 2390 fuerit.
881 2359 995 2390 Romke
1019 2359 1057 2389 de
1079 2368 1112 2389 se
1135 2359 1259 2396 dicant,
1275 2370 1320 2391 sc.
1337 2368 1374 2390 ut
1397 2360 1494 2402 supra
1517 2372 1579 2399 est,

177 2403 220 2433 66
235 2408 336 2442 neque
352 2402 553 2433 Tuberonem
569 2403 637 2431 volo
651 2400 835 2441 defendere]
881 2402 966 2441 quod
983 2402 1109 2431 abesset
1123 2401 1239 2437 Roma,
1256 2413 1274 2432 a
1289 2403 1378 2433 curia
1393 2409 1426 2434 et
1442 2404 1524 2436 foro.

136 2444 221 2475 Mihi
245 2455 373 2484 semper
388 2445 492 2474 visum
510 2448 572 2480 est,
588 2444 764 2483 legendum
786 2442 834 2482 qs-
921 2445 962 2478 69
986 2454 1105 2474 curare
1119 2444 1154 2474 in
1177 2449 1252 2481 toto,
1269 2446 1331 2475 nisi
1354 2450 1392 2474 ut
1413 2447 1442 2476 ei
1464 2457 1504 2478 ne
1525 2449 1579 2479 de⁴

123 2486 277 2526 sendere.
294 2497 371 2517 nam
389 2487 420 2516 id
445 2486 592 2526 postulat
614 2487 763 2525 subjecta
786 2496 834 2516 ra·
878 2486 954 2526 sim]
981 2487 1014 2515 in
1039 2490 1101 2516 toto
1128 2487 1291 2526 intelligo,
1315 2488 1349 2517 in
1379 2489 1579 2527 universum,

137 2530 206 2560 tio:
232 2539 273 2560 ne
292 2529 355 2559 ille·
372 2528 492 2559 habeat
514 2538 646 2558 causam
670 2528 835 2566 querendi,
880 2527 1028 2558 omnino.
1073 2529 1135 2559 Sed
1162 2529 1190 2558 ei
1217 2530 1257 2559 ad
1282 2539 1378 2568 quem
1408 2530 1577 2570 pertinet?

137 2582 214 2602 cum
244 2571 300 2601 ille
328 2572 512 2611 praesertim
543 2572 587 2601 sit
616 2570 768 2611 proetivis
797 2570 838 2600 ad
882 2579 1000 2609 nempe
1022 2570 1062 2601 ad
1084 2571 1240 2611 aliquem,
1258 2571 1296 2602 de
1319 2581 1384 2611 quo
1406 2569 1590 2613 scripserai·

139 2614 355 2654 (querendum.
880 2612 1036 2642 Atticus?
1056 2614 1203 2653 Conjeci,
1219 2615 1281 2644 nisi
1295 2618 1333 2644 ut
1348 2616 1402 2644 eui
1416 2622 1454 2645 ne
1466 2617 1578 2649 desim.

181 2656 221 2690 67
245 2657 413 2686 theatrum
426 2665 497 2694 q.s.
515 2657 631 2685 bellum
649 2654 696 2694 Ῐι.]
724 2653 839 2684 Facul-
923 2657 963 2688 '1¹0
985 2664 1049 2685 non
1079 2657 1152 2686 licet
1176 2666 1219 2686 sc.
1244 2658 1437 2687 sententiam
1463 2658 1576 2699 suam]

135 2703 241 2729 tatem
259 2701 292 2728 et
308 2698 592 2737 opportunitatem
607 2697 838 2727 demonstran-
881 2697 943 2727 int.
959 2702 1099 2727 mutare.
1122 2698 1242 2728 dicitur
1264 2700 1398 2734 ironice,
1415 2700 1516 2730 immo
1541 2701 1588 2731 li->

136 2741 182 2776 di,
200 2739 298 2779 quid?
319 2739 439 2769 nescio.
456 2739 630 2780 respondet
647 2739 744 2769 alicui
762 2742 835 2778 par-
879 2744 942 2769 cet.
959 2738 1101 2779 pertinet
1117 2740 1157 2770 ad
1172 2741 1319 2780 superius
1334 2742 1411 2771 vitae
1426 2751 1528 2780 genus
1544 2744 1577 2774 in

136 2785 163 2814 ti
193 2781 343 2822 epistolae
364 2781 480 2819 Attici,
503 2793 579 2822 qua,
603 2781 682 2821 quid
703 2782 835 2820 egisset,
878 2782 950 2811 soro
977 2788 1010 2812 et
1034 2782 1192 2822 judiciis:
1216 2783 1302 2821 quod
1326 2792 1360 2813 se
1389 2782 1468 2814 dicit
1497 2784 1593 2815 olins

136 2830 300 2858 ωτι-επεὶ.
439 2853 445 2860 Χ
497 2851 499 2853 ,
879 2824 1043 2863 probasse,
1073 2826 1262 2863 nunc'jure
1290 2834 1350 2855 suo
1378 2833 1470 2866 posse
1497 2836 1578 2857 eoi}-

179 2868 220 2899 68
243 2857 406 2906 Desama
423 2864 498 2905 &c.]
517 2864 577 2896 Est
592 2864 725 2895 initium
742 2874 837 2895 novae
879 2872 1027 2896 temnere
1041 2876 1078 2897 ac
1095 2866 1290 2907 relinquere.

792 2913 919 2949 :21³2
