1940 3231
331 139 406 175 683
745 137 930 176 EPIST.
957 138 1036 175 AD
1063 136 1348 180 ATTICUM‘,

331 241 456 293 renti,
479 241 665 298 Siponti.
692 242 886 284 claudere
916 242 1022 283 mihi
1048 242 1214 283 videtur
1245 241 1482 283 maritimos
1514 243 1684 285 exitus:
1716 251 1761 285 et

331 309 471 340 tamen
497 300 587 355 ipse
610 300 827 341 Graeciam
856 309 1047 356 spectare
1078 301 1234 355 potiUS‚
1257 314 1386 355 quam
1419 298 1668 354 Hispanias.
1690 300 1762 342 sed

330 355 424 397 haec
456 357 625 413 longius
656 358 827 398 absunt.
890 356 967 397 Me
999 371 1112 398 nunc
1143 367 1185 397 et
1206 370 1460 413 congiessus
1483 355 1612 411 hujus
1638 357 1762 397 14511-

329 413 489 456 mulat:
523 416 557 455 is
582 429 680 454 vero
713 414 858 455 adest:
890 423 934 453 et
966 414 1122 467 primas
1153 414 1246 469 ejus
1278 414 1469 454 actiones
1495 413 1664 454 horreo.
1688 427 1763 454 vo·

327 468 386 510 let
427 472 556 522 enim,
595 471 738 521 eiedo,
778 471 821 511 S.
863 470 915 511 C.
954 471 1120 511 facere:
1156 471 1269 512 volet.
1314 473 1349 501 15
1364 485 1574 517 auffulum
1615 469 1761 511 decre-

328 537 444 569 tum:
482 529 755 583 16rapiemur,
788 537 862 568 aut
894 528 1090 567 absentes
1122 527 1394 569 vexabimur:
1431 527 1492 568 vel
1526 537 1573 568 ut
1603 541 1760 567 consu-

325 583 384 625 les
416 594 540 640 roget
572 594 744 639 praetor,
781 583 846 624 vel
877 583 1131 624 dictatorem
1170 585 1311 626 dicat:
1342 599 1521 640 quorum
1559 593 1758 625 neutrum

318 641 393 696 jus
415 651 493 682 est.
521 641 593 682 sed
625 655 659 681 51
691 640 808 681 Sulla
840 640 984 697 potuit
1013 641 1197 691 efficere,
1219 642 1273 682 ab
1306 642 1517 697 inteltege
1550 650 1595 682 ut
1625 641 1763 682 dicta-

326 707 393 738 tor
425 698 652 749 diceretur,
686 712 762 739 cui
794 698 865 739 hic
900 712 986 739 non
1024 698 1186 753 possit?
1220 698 1329 739 nihil
1360 700 1561 755 expedio,
1594 697 1676 739 nisi
1713 707 1761 740 ut

325 763 399 795 aut
432 755 486 796 ab
519 755 618 806 hoc,
652 766 870 810 tamquam
911 755 969 801 Q.
1001 754 1193 805 Mucius,
1221 763 1296 795 aut
1331 756 1384 796 ab
1419 756 1505 805 illo,
1539 766 1760 811 tamquam

327 812 375 852 L.
400 812 563 868 Scipio.
624 812 736 853 Cum
771 823 814 853 tu
849 812 942 853 haec
974 811 1103 867 leges,
1125 826 1207 868 ego
1240 812 1357 852 illum
1390 811 1569 854 fortasse
1600 827 1758 854 conve-

323 883 441 910 nero.
503 875 631 918 Τετλοι,
650 889 804 925 κυντεςον
830 872 930 909 17116
961 868 1064 909 illud
1090 870 1263 923 quidem
1297 879 1488 910 nostrum
1520 870 1757 926 proprium.

323 936 415 967 erat
445 927 557 968 enim
592 940 688 983 spes
707 926 950 991 propinqui
983 925 1168 977 reditus;
1199 935 1290 966 erat
1321 925 1543 967 hominum
1570 927 1756 982 querela.

322 998 439 1024 nunc
469 984 588 1025 exire
618 983 840 1040 cupimus3
871 998 956 1047 qua
987 997 1060 1039 spe
1091 982 1266 1034 reditus,
1290 982 1397 1023 mihi
1429 983 1601 1038 quidem
1633 999 1756 1025 num-

324 1055 453 1096 quam
488 1042 531 1082 in
564 1052 752 1082 mentem
792 1042 923 1081 venit.
962 1055 1047 1081 non
1089 1039 1217 1081 modo
1251 1050 1394 1080 autem
1434 1040 1548 1081 nulla
1584 1042 1765 1096 querela

323 1107 388 1139 est
409 1098 735 1155 municipalium
768 1098 1006 1149 hominum,
1028 1113 1078 1138 ac
1109 1097 1380 1148 misticorum,
1403 1097 1474 1138 sed
1497 1107 1647 1138 contra
1666 1113 1756 1139 me-

326 1163 467 1206 tuunt,
491 1165 537 1197 ut
567 1156 796 1206 crudelem,
820 1156 1101 1196 11610111.1166
1133 1165 1275 1196 tamen
1306 1154 1413 1195 mihi
1435 1154 1668 1210 quidquam
1691 1166 1754 1196 est

282 1213 535 1265 umisa-ius,
567 1228 695 1268 quam
734 1213 1011 1263 remansisse;
1045 1227 1123 1253 nec
1161 1211 1366 1268 optatiuS,
1402 1226 1527 1267 quam
1571 1211 1754 1263 evolare,

322 1284 409 1311 non
433 1278 519 1311 tam
542 1271 594 1311 ad
620 1269 732 1320 belli,
754 1284 882 1334 quam
906 1270 958 1310 ad
991 1269 1107 1325 fugae
1139 1270 1404 1311 societatem.
1427 1269 1498 1310 sed
1532 1278 1576 1310 tu
1609 1270 1754 1320 omnia

320 1327 502 1369 consilia
521 1327 780 1368 differ'ebas
772 1342 814 1368 111
838 1327 878 1368 id
906 1336 1090 1382 tempus,
1112 1342 1211 1368 cum
1243 1326 1461 1377 sciremus,
1483 1342 1580 1382 quae
1611 1326 1751 1368 Brun-

319 1385 416 1426 disii
450 1394 548 1426 acta
579 1394 733 1425 essent.
771 1384 927 1425 56101115
962 1398 1140 1440 nempe:
1174 1383 1384 1424 haeiemus
1423 1384 1558 1425 nihilo
1596 1384 1751 1426 minus

321 1442 393 1483 vix
416 1442 529 1484 enim
554 1456 677 1498 spero
701 1441 806 1482 mihi
829 1441 944 1483 hunc
969 1456 1132 1482 venium
1157 1441 1382 1483 daturum:
1415 1442 1494 1482 etsi
1526 1441 1661 1482 multa
1688 1441 1751 1482 af-

320 1498 410 1540 lero
435 1500 556 1555 justa
585 1499 638 1540 ad
670 1499 1001 1555 impetimandum
1033 1499 1105 1540 sed
1138 1499 1215 1539 tibi
1242 1513 1411 1539 omnem
1437 1498 1563 1550 illius,
1586 1513 1750 1541 meum-

319 1572 403 1612 que
429 1571 683 1608 sermonem,
705 1557 904 1597 omnibus
929 1557 1067 1597 verbis
1098 1570 1363 1611 expressum,
1387 1557 1530 1598 statim
1562 1556 1747 1597 mittam.

319 1614 383 1656 Tu
409 1629 522 1654 nunc
544 1615 659 1655 omni
685 1628 828 1654 amore
850 1614 1025 1664 enitere,
1049 1624 1095 1654 ut
1118 1629 1196 1654 1105
1217 1627 1320 1654 cura
1345 1623 1417 1654 tua
1446 1623 1490 1654 et
1521 1613 1748 1669 prudentia

312 1671 454 1727 juves,
489 1671 550 1711 ita
580 1671 723 1712 subito
755 1671 954 1720 accurrit,
986 1680 1033 1712 ut
1064 1685 1116 1710 ne
1154 1669 1205 1711 T.
1241 1669 1438 1711 Rebilum
1474 1670 1662 1726 quidem,
1699 1680 1746 1711 ut

319 1729 643 1780 constitueram,
662 1728 821 1784 possim
840 1728 995 1769 videre.
1015 1728 1160 1769 omnia
1179 1727 1302 1768 nobis
1326 1728 1546 1784 imparatis
1563 1727 1744 1784 agenda.

319 1786 389 1827 sed
416 1795 557 1827 tamen

783 1856 879 1893 ἄλλοι
895 1856 951 1905 μὲν
969 1858 1078 1901 adria,
1101 1862 1148 1893 ut
1169 1854 1230 1895 alt
1253 1853 1336 1906 ille,

573 1909 670 1946 ἄλλοι
689 1907 720 1945 δὲ
737 1911 794 1945 καὶ
815 1908 936 1957 dalfian
957 1910 1165 1949 ὑποθήσεται.

316 1977 538 2034 Quidquid
561 1991 705 2033 egero,
727 1978 933 2019 continuo
957 1978 1078 2019 scies.
1128 1978 1339 2020 Mandata
1361 1978 1544 2019 Caesaris
1566 1978 1618 2019 ad
1641 1992 1745 2022 con·

315 2037 423 2077 511165
453 2046 497 2076 61
526 2036 579 2077 ad
612 2035 886 2091 Pompeium,
916 2050 1011 2090 quae
1045 2051 1185 2092 rogas,
1218 2036 1332 2077 nulla
1362 2036 1522 2077 habeo:
1558 2038 1594 2066 ¹8
1609 2049 1746 2091 neque

358 2169 394 2197 14
414 2167 580 2207 stimulat]
598 2177 628 2197 v.
644 2165 734 2198 Clav.
780 2166 860 2196 Mox
876 2166 1008 2206 primas
1049 2166 1264 2207 Pompeium3
1289 2176 1365 2197 nam
1381 2176 1456 2197 eum
1475 2170 1639 2197 metuunt.

311 2211 451 2240 actiones
471 2209 544 2240 edd.
564 2214 644 2240 vett.
668 2209 778 2249 inepte
801 2209 966 2239 Victorius
988 2219 1006 2238 e

311 2252 401 2282 libris
416 2251 609 2292 quibusdam
627 2252 742 2291 prima
755 2252 891 2281 actionis
905 2250 1005 2281 dedit.

365 2297 401 2325 15
436 2304 608 2333 augurum
642 2293 821 2334 decretum]
861 2293 1002 2333 Nempe,

311 2342 487 2377 praetorem
515 2336 700 2366 consularia
729 2336 872 2376 auspicia
899 2336 1004 2365 faeere

311 2388 413 2418 posse,
443 2384 481 2410 ut
510 2379 645 2409 comitia
673 2378 857 2408 consularia
886 2377 1004 2408 habere

310 2421 422 2460 possit.

357 2463 393 2493 16
415 2462 599 2503 rapiemur]
625 2463 734 2502 Cogar
754 2462 893 2493 Romam
913 2463 1002 2491 veni-

311 2513 357 2539 re,
372 2506 448 2543 quia
461 2515 567 2546 augur
581 2516 654 2536 sum
676 2512 710 2536 et
733 2511 866 2535 senator·
887 2513 1004 2534 consu-

309 2546 396 2577 laris.

358 2592 389 2622 17
415 2599 454 2618 ne
465 2589 551 2619 illud
562 2589 690 2629 quidem
705 2599 739 2619 n.
751 2598 785 2628 p.
802 2587 878 2627 &c.]
897 2588 1004 2618 Locus

310 2636 360 2661 est
375 2631 602 2661 subobscurus.
639 2632 758 2661 Sensus
773 2637 823 2661 est
838 2642 845 2659 z
869 2630 1002 2660 exilium

314 2674 454 2712 (meum)
474 2679 623 2703 nostrum
640 2674 786 2713 superius
802 2673 910 2702 minus
931 2683 1004 2712 gra-

311 2725 348 2745 ve
363 2715 424 2745 hoc
439 2716 605 2746 communi
621 2715 696 2745 fuit.
712 2724 788 2744 nam
809 2715 843 2744 in
860 2714 918 2744 illo
932 2724 1003 2754 spes

311 2757 434 2788 reditus
456 2757 627 2798 propinqui
644 2762 727 2791 erat,
744 2755 893 2786 homines
915 2756 1004 2787 dole-

309 2800 390 2830 bant
406 2800 488 2830 vices
503 2808 613 2830 meas:
638 2799 671 2829 in
689 2798 749 2828 1100
769 2799 829 2838 ipsi
851 2799 1000 2838 cupimus

308 2842 404 2876 :xii-e,
421 2842 512 2873 nulla
521 2848 571 2872 est
584 2851 655 2889 spes
670 2841 803 2876 reditus,
817 2849 913 2870 nemo
924 2851 1000 2879 que-

309 2884 393 2914 ritur
407 2894 445 2914 eo
462 2885 606 2917 nomine.
630 2885 732 2914 immo
755 2883 874 2913 nolunt
898 2882 1000 2914 redire

1096 2212 1130 2239 18
1153 2219 1224 2248 qnae
1240 2208 1399 2248 sEgypta
1421 2210 1547 2246 attulit,
1568 2209 1629 2239 illa
1650 2218 1667 2238 e
1687 2209 1744 2240 via.

1049 2251 1123 2281 misi
1144 2252 1190 2281 ad
1202 2256 1233 2282 te
1253 2251 1343 2291 ante]
1361 2250 1519 2291 AEgypta
1533 2255 1582 2281 est
1597 2261 1614 2281 e
1630 2252 1741 2289 conje-

1045 2298 1140 2323 ctura
1151 2294 1311 2330 Turnebi‚
1326 2294 1407 2324 Adv.
1425 2294 1452 2328 1,
1468 2296 1519 2324 21.
1535 2299 1628 2323 vetus
1641 2292 1740 2323 lectio

1045 2342 1095 2365 est
1125 2336 1297 2377 descripta.
1343 2335 1405 2366 Sed
1433 2336 1480 2366 ita
1505 2345 1626 2365 11001611
1649 2334 1739 2366 deest

1047 2377 1234 2409 adferentis.
1277 2377 1471 2409 Tunstallus
1493 2387 1526 2418 p.
1548 2380 1616 2408 150.
1641 2383 1738 2408 acute

1047 2419 1155 2450 locum
1175 2420 1350 2451 constituit
1372 2420 1434 2450 sic:
1458 2429 1558 2459 neque
1578 2419 1740 2458 descripta

1047 2463 1161 2492 attulit
1182 2464 1243 2493 illa
1260 2463 1302 2493 L.
1340 2462 1374 2493 E
1388 2463 1442 2492 via
1457 2463 1530 2492 misi
1543 2462 1589 2491 ad
1602 2466 1634 2491 te
1648 2466 1738 2493 ante.

1048 2504 1158 2535 Inteii.
1174 2506 1310 2543 Lucius,
1327 2514 1370 2535 sc.
1391 2504 1512 2541 Caesar,
1528 2505 1584 2543 qui
1605 2509 1740 2534 venerat

1045 2557 1120 2576 60111
1137 2547 1299 2577 mandatis
1314 2552 1349 2577 et
1362 2547 1448 2577 visus
1463 2553 1533 2576 erat
1547 2556 1567 2576 a
1582 2547 1739 2577 Cicerone

1046 2588 1236 2625 Minturnis,
1265 2589 1351 2619 unde
1381 2589 1495 2619 Cicero
1527 2596 1738 2627 cognoverat.

1045 2630 1175 2661 Nomen
1191 2631 1272 2662 servi
1288 2635 1346 2661 aut
1362 2630 1582 2661 ministerium
1604 2630 1639 2660 in
1660 2630 1739 2661 tali-

1046 2673 1105 2703 bus
1121 2674 1284 2704 mandatis
1300 2673 1408 2703 locum
1425 2682 1490 2702 non
1507 2672 1616 2703 habet.
1661 2673 1736 2714 Quo

1039 2715 1116 2752 jure
1130 2715 1275 2746 Turnebi
1291 2716 1483 2753 coniectura
1498 2715 1594 2754 recipi
1613 2716 1735 2756 potuit,

1045 2756 1158 2787 eodem
1172 2763 1207 2788 et
1229 2757 1298 2788 haec
1321 2758 1429 2787 minus
1444 2756 1589 2787 xiolenta
1603 2758 1700 2798 recipi
1716 2768 1738 2788 a

1044 2798 1136 2829 nobis
1159 2801 1278 2840 potuit,
1301 2800 1378 2830 dum
1405 2799 1520 2831 melius
1544 2799 1620 2839 quid
1647 2810 1700 2842 tel
1702 2810 1734 2829 σι-

1043 2841 1158 2871 riatur.
