<?xml version="1.0" encoding="UTF-8"?>
<!DOCTYPE html PUBLIC "-//W3C//DTD XHTML 1.0 Transitional//EN"
    "http://www.w3.org/TR/xhtml1/DTD/xhtml1-transitional.dtd">
<html xmlns="http://www.w3.org/1999/xhtml" xml:lang="en" lang="en">
 <head>
  <title>
</title>
<meta http-equiv="Content-Type" content="text/html;charset=utf-8" />
  <meta name='ocr-system' content='tesseract 3.04.00' />
  <meta name='ocr-capabilities' content='ocr_page ocr_carea ocr_par ocr_line ocrx_word'/>
</head>
<body>
  <div class='ocr_page' id='page_1' title='image "./p2operaomnia03ciceuoft_0345.png"; bbox 0 0 1940 3231; ppageno 0'>
   <div class='ocr_carea' id='block_1_1' title="bbox 682 146 1570 217">
    <p class='ocr_par' dir='ltr' id='par_1_1' title="bbox 682 146 1570 217">
     <span class='ocr_line' id='line_1_1' title="bbox 682 146 1570 217; baseline -0.003 -1"><span class='ocrx_word' id='word_1_1' title='bbox 682 146 890 217; x_wconf 66' lang='lat' dir='ltr'>mmm</span> <span class='ocrx_word' id='word_1_2' title='bbox 931 174 1024 214; x_wconf 82' lang='lat' dir='ltr'>xn.</span> <span class='ocrx_word' id='word_1_3' title='bbox 1492 176 1570 217; x_wconf 80' lang='lat'>769</span> 
     </span>
    </p>
   </div>
   <div class='ocr_carea' id='block_1_2' title="bbox 123 277 1581 743">
    <p class='ocr_par' dir='ltr' id='par_1_2' title="bbox 123 277 1581 743">
     <span class='ocr_line' id='line_1_2' title="bbox 125 277 1574 334; baseline -0.003 -8"><span class='ocrx_word' id='word_1_4' title='bbox 125 283 223 327; x_wconf 80' lang='lat' dir='ltr'>ullae</span> <span class='ocrx_word' id='word_1_5' title='bbox 246 285 498 329; x_wconf 78' lang='lat' dir='ltr'>necessariae</span> <span class='ocrx_word' id='word_1_6' title='bbox 519 284 691 334; x_wconf 84' lang='lat' dir='ltr'>litterae,</span> <span class='ocrx_word' id='word_1_7' title='bbox 712 291 760 323; x_wconf 88' lang='lat' dir='ltr'>ut</span> <span class='ocrx_word' id='word_1_8' title='bbox 781 289 902 322; x_wconf 86' lang='lat' dir='ltr'>erant</span> <span class='ocrx_word' id='word_1_9' title='bbox 925 280 1044 330; x_wconf 90' lang='lat' dir='ltr'>olim,</span> <span class='ocrx_word' id='word_1_10' title='bbox 1066 291 1164 320; x_wconf 82' lang='lat' dir='ltr'>curn</span> <span class='ocrx_word' id='word_1_11' title='bbox 1187 277 1459 320; x_wconf 77' lang='lat' dir='ltr'>brevioribus</span> <span class='ocrx_word' id='word_1_12' title='bbox 1482 279 1574 321; x_wconf 85' lang='lat' dir='ltr'>die·</span> 
     </span>
     <span class='ocr_line' id='line_1_3' title="bbox 125 336 1574 399; baseline -0.004 -15"><span class='ocrx_word' id='word_1_13' title='bbox 125 343 222 394; x_wconf 85' lang='lat' dir='ltr'>bus,</span> <span class='ocrx_word' id='word_1_14' title='bbox 259 355 401 386; x_wconf 87' lang='lat' dir='ltr'>tamen</span> <span class='ocrx_word' id='word_1_15' title='bbox 439 343 634 399; x_wconf 84' lang='lat' dir='ltr'>quotidie</span> <span class='ocrx_word' id='word_1_16' title='bbox 674 339 993 396; x_wconf 77' lang='lat' dir='ltr'>respondebant</span> <span class='ocrx_word' id='word_1_17' title='bbox 1035 337 1221 393; x_wconf 80' lang='lat' dir='ltr'>tempori</span> <span class='ocrx_word' id='word_1_18' title='bbox 1262 336 1499 388; x_wconf 79' lang='lat' dir='ltr'>tabellarii3</span> <span class='ocrx_word' id='word_1_19' title='bbox 1530 346 1574 378; x_wconf 86' lang='lat' dir='ltr'>et</span> 
     </span>
     <span class='ocr_line' id='line_1_4' title="bbox 124 392 1574 458; baseline -0.006 -14"><span class='ocrx_word' id='word_1_20' title='bbox 124 412 217 442; x_wconf 87' lang='lat' dir='ltr'>erat</span> <span class='ocrx_word' id='word_1_21' title='bbox 248 402 425 458; x_wconf 85' lang='lat' dir='ltr'>aliquid,</span> <span class='ocrx_word' id='word_1_22' title='bbox 448 401 592 449; x_wconf 74' lang='lat' dir='ltr'>Silius,</span> <span class='ocrx_word' id='word_1_23' title='bbox 621 397 799 448; x_wconf 83' lang='lat' dir='ltr'>Drusus,</span> <span class='ocrx_word' id='word_1_24' title='bbox 823 396 906 438; x_wconf 84' lang='lat' dir='ltr'>alia</span> <span class='ocrx_word' id='word_1_25' title='bbox 927 395 1142 452; x_wconf 80' lang='lat' dir='ltr'>quaedam.</span> <span class='ocrx_word' id='word_1_26' title='bbox 1174 408 1305 444; x_wconf 87' lang='lat' dir='ltr'>nunc,</span> <span class='ocrx_word' id='word_1_27' title='bbox 1337 394 1416 434; x_wconf 87' lang='lat' dir='ltr'>nisi</span> <span class='ocrx_word' id='word_1_28' title='bbox 1451 392 1574 435; x_wconf 81' lang='lat' dir='ltr'>Otho</span> 
     </span>
     <span class='ocr_line' id='line_1_5' title="bbox 123 451 1573 515; baseline -0.005 -16"><span class='ocrx_word' id='word_1_29' title='bbox 123 459 484 515; x_wconf 87' lang='lat' dir='ltr'>extitisset,quod</span> <span class='ocrx_word' id='word_1_30' title='bbox 510 456 808 506; x_wconf 81' lang='lat' dir='ltr'>scriberemus,</span> <span class='ocrx_word' id='word_1_31' title='bbox 829 469 915 495; x_wconf 89' lang='lat' dir='ltr'>non</span> <span class='ocrx_word' id='word_1_32' title='bbox 940 464 1045 495; x_wconf 86' lang='lat' dir='ltr'>erat.</span> <span class='ocrx_word' id='word_1_33' title='bbox 1070 452 1256 508; x_wconf 86' lang='lat' dir='ltr'>idipsum</span> <span class='ocrx_word' id='word_1_34' title='bbox 1282 451 1461 495; x_wconf 83' lang='lat' dir='ltr'>dilatum</span> <span class='ocrx_word' id='word_1_35' title='bbox 1486 462 1573 493; x_wconf 89' lang='lat' dir='ltr'>est:</span> 
     </span>
     <span class='ocr_line' id='line_1_6' title="bbox 128 510 1579 568; baseline -0.005 -12"><span class='ocrx_word' id='word_1_36' title='bbox 128 525 275 558; x_wconf 85' lang='lat' dir='ltr'>tamen</span> <span class='ocrx_word' id='word_1_37' title='bbox 307 517 480 566; x_wconf 84' lang='lat' dir='ltr'>allevor,</span> <span class='ocrx_word' id='word_1_38' title='bbox 512 529 609 555; x_wconf 89' lang='lat' dir='ltr'>cum</span> <span class='ocrx_word' id='word_1_39' title='bbox 644 513 797 568; x_wconf 87' lang='lat' dir='ltr'>loquor</span> <span class='ocrx_word' id='word_1_40' title='bbox 830 523 972 554; x_wconf 85' lang='lat' dir='ltr'>tecum</span> <span class='ocrx_word' id='word_1_41' title='bbox 1005 512 1174 561; x_wconf 81' lang='lat' dir='ltr'>absens,</span> <span class='ocrx_word' id='word_1_42' title='bbox 1202 519 1244 550; x_wconf 86' lang='lat' dir='ltr'>et</span> <span class='ocrx_word' id='word_1_43' title='bbox 1278 511 1413 551; x_wconf 88' lang='lat' dir='ltr'>multo</span> <span class='ocrx_word' id='word_1_44' title='bbox 1445 510 1579 550; x_wconf 83' lang='lat' dir='ltr'>etiam</span> 
     </span>
     <span class='ocr_line' id='line_1_7' title="bbox 129 567 1579 631; baseline -0.003 -17"><span class='ocrx_word' id='word_1_45' title='bbox 129 576 285 631; x_wconf 81' lang='lat' dir='ltr'>magis,</span> <span class='ocrx_word' id='word_1_46' title='bbox 316 589 413 616; x_wconf 89' lang='lat' dir='ltr'>cum</span> <span class='ocrx_word' id='word_1_47' title='bbox 449 582 543 613; x_wconf 82' lang='lat' dir='ltr'>tuas</span> <span class='ocrx_word' id='word_1_48' title='bbox 578 572 742 612; x_wconf 79' lang='lat' dir='ltr'>litteras</span> <span class='ocrx_word' id='word_1_49' title='bbox 780 571 891 626; x_wconf 84' lang='lat' dir='ltr'>lego.</span> <span class='ocrx_word' id='word_1_50' title='bbox 934 569 1006 610; x_wconf 86' lang='lat' dir='ltr'>sed</span> <span class='ocrx_word' id='word_1_51' title='bbox 1040 568 1246 624; x_wconf 83' lang='lat' dir='ltr'>quoniam</span> <span class='ocrx_word' id='word_1_52' title='bbox 1284 577 1327 608; x_wconf 88' lang='lat' dir='ltr'>et</span> <span class='ocrx_word' id='word_1_53' title='bbox 1363 568 1464 608; x_wconf 84' lang='lat' dir='ltr'>abes</span> <span class='ocrx_word' id='word_1_54' title='bbox 1497 567 1579 620; x_wconf 88' lang='lat' dir='ltr'>(sic</span> 
     </span>
     <span class='ocr_line' id='line_1_8' title="bbox 129 623 1581 681; baseline -0.005 -8"><span class='ocrx_word' id='word_1_55' title='bbox 129 633 246 673; x_wconf 87' lang='lat' dir='ltr'>enim</span> <span class='ocrx_word' id='word_1_56' title='bbox 289 631 492 680; x_wconf 79' lang='lat' dir='ltr'>arbitror)</span> <span class='ocrx_word' id='word_1_57' title='bbox 529 639 572 670; x_wconf 87' lang='lat' dir='ltr'>et</span> <span class='ocrx_word' id='word_1_58' title='bbox 610 623 826 670; x_wconf 72' lang='lat' dir='ltr'>scribendi</span> <span class='ocrx_word' id='word_1_59' title='bbox 868 628 1100 669; x_wconf 75' lang='lat' dir='ltr'>necessitas</span> <span class='ocrx_word' id='word_1_60' title='bbox 1134 625 1250 667; x_wconf 86' lang='lat' dir='ltr'>nulla</span> <span class='ocrx_word' id='word_1_61' title='bbox 1285 635 1364 678; x_wconf 86' lang='lat' dir='ltr'>est,</span> <span class='ocrx_word' id='word_1_62' title='bbox 1398 627 1581 681; x_wconf 87' lang='lat' dir='ltr'>conqui-</span> 
     </span>
     <span class='ocr_line' id='line_1_9' title="bbox 126 686 1549 743; baseline -0.005 -14"><span class='ocrx_word' id='word_1_63' title='bbox 126 699 274 731; x_wconf 87' lang='lat' dir='ltr'>escent</span> <span class='ocrx_word' id='word_1_64' title='bbox 297 689 467 740; x_wconf 84' lang='lat' dir='ltr'>litterae,</span> <span class='ocrx_word' id='word_1_65' title='bbox 491 687 571 728; x_wconf 87' lang='lat' dir='ltr'>nisi</span> <span class='ocrx_word' id='word_1_66' title='bbox 594 687 699 743; x_wconf 88' lang='lat' dir='ltr'>quid</span> <span class='ocrx_word' id='word_1_67' title='bbox 723 686 823 727; x_wconf 89' lang='lat' dir='ltr'>novi</span> <span class='ocrx_word' id='word_1_68' title='bbox 848 686 1060 727; x_wconf 84' lang='lat' dir='ltr'>extiterit.</span> <span class='ocrx_word' id='word_1_69' title='bbox 1546 700 1549 702; x_wconf 96' lang='lat'>·</span> 
     </span>
    </p>
   </div>
   <div class='ocr_carea' id='block_1_3' title="bbox 560 761 1647 818">
    <p class='ocr_par' dir='ltr' id='par_1_3' title="bbox 560 761 1647 818">
     <span class='ocr_line' id='line_1_10' title="bbox 560 761 1647 818; baseline -0.004 0"><span class='ocrx_word' id='word_1_70' title='bbox 560 775 797 818; x_wconf 78' lang='lat' dir='ltr'>CICERO</span> <span class='ocrx_word' id='word_1_71' title='bbox 828 774 1059 816; x_wconf 82' lang='lat' dir='ltr'><strong>ATTICO</strong></span> <span class='ocrx_word' id='word_1_72' title='bbox 1093 774 1137 816; x_wconf 83' lang='lat' dir='ltr'>s,</span> <span class='ocrx_word' id='word_1_73' title='bbox 1589 761 1647 798; x_wconf 81' lang='lat'>40</span> 
     </span>
    </p>
   </div>
   <div class='ocr_carea' id='block_1_4' title="bbox 127 834 1716 2693">
    <p class='ocr_par' dir='ltr' id='par_1_4' title="bbox 127 834 1716 2693">
     <span class='ocr_line' id='line_1_11' title="bbox 128 834 1581 901; baseline -0.004 -14"><span class='ocrx_word' id='word_1_74' title='bbox 128 834 372 896; x_wconf 79' lang='lat' dir='ltr'><strong>QUALIS</strong></span> <span class='ocrx_word' id='word_1_75' title='bbox 417 845 562 888; x_wconf 86' lang='lat' dir='ltr'>futura</span> <span class='ocrx_word' id='word_1_76' title='bbox 604 848 660 887; x_wconf 84' lang='lat' dir='ltr'>sit</span> <span class='ocrx_word' id='word_1_77' title='bbox 701 845 941 888; x_wconf 74' lang='lat' dir='ltr'>³8Caesaris</span> <span class='ocrx_word' id='word_1_78' title='bbox 986 844 1248 901; x_wconf 85' lang='lat' dir='ltr'>vituperatio</span> <span class='ocrx_word' id='word_1_79' title='bbox 1291 851 1444 884; x_wconf 86' lang='lat' dir='ltr'>contra</span> <span class='ocrx_word' id='word_1_80' title='bbox 1489 840 1581 882; x_wconf 72' lang='lat' dir='ltr'>lau-</span> 
     </span>
     <span class='ocr_line' id='line_1_12' title="bbox 127 899 1583 960; baseline -0.003 -15"><span class='ocrx_word' id='word_1_81' title='bbox 127 904 350 946; x_wconf 85' lang='lat' dir='ltr'>dationem</span> <span class='ocrx_word' id='word_1_82' title='bbox 384 919 541 955; x_wconf 85' lang='lat' dir='ltr'>meam,</span> <span class='ocrx_word' id='word_1_83' title='bbox 579 904 779 960; x_wconf 82' lang='lat' dir='ltr'>perspexi</span> <span class='ocrx_word' id='word_1_84' title='bbox 815 918 869 944; x_wconf 84' lang='lat' dir='ltr'>ex</span> <span class='ocrx_word' id='word_1_85' title='bbox 907 918 958 944; x_wconf 91' lang='lat' dir='ltr'>eo</span> <span class='ocrx_word' id='word_1_86' title='bbox 993 903 1119 953; x_wconf 90' lang='lat' dir='ltr'>libro,</span> <span class='ocrx_word' id='word_1_87' title='bbox 1154 917 1282 958; x_wconf 89' lang='lat' dir='ltr'>quem</span> <span class='ocrx_word' id='word_1_88' title='bbox 1319 900 1492 942; x_wconf 86' lang='lat' dir='ltr'>Hirtius</span> <span class='ocrx_word' id='word_1_89' title='bbox 1528 899 1583 941; x_wconf 86' lang='lat' dir='ltr'>ad</span> 
     </span>
     <span class='ocr_line' id='line_1_13' title="bbox 129 957 1583 1018; baseline -0.003 -15"><span class='ocrx_word' id='word_1_90' title='bbox 129 976 199 1003; x_wconf 90' lang='lat' dir='ltr'>me</span> <span class='ocrx_word' id='word_1_91' title='bbox 232 962 364 1013; x_wconf 86' lang='lat' dir='ltr'>misit,</span> <span class='ocrx_word' id='word_1_92' title='bbox 388 962 429 1002; x_wconf 92' lang='lat' dir='ltr'>in</span> <span class='ocrx_word' id='word_1_93' title='bbox 453 977 539 1017; x_wconf 88' lang='lat' dir='ltr'>quo</span> <span class='ocrx_word' id='word_1_94' title='bbox 571 962 740 1018; x_wconf 81' lang='lat' dir='ltr'>colligit</span> <span class='ocrx_word' id='word_1_95' title='bbox 774 962 879 1002; x_wconf 83' lang='lat' dir='ltr'>vitia</span> <span class='ocrx_word' id='word_1_96' title='bbox 911 960 1109 1011; x_wconf 83' lang='lat' dir='ltr'>Catonis,</span> <span class='ocrx_word' id='word_1_97' title='bbox 1142 961 1214 1001; x_wconf 88' lang='lat' dir='ltr'>sed</span> <span class='ocrx_word' id='word_1_98' title='bbox 1247 975 1347 1000; x_wconf 89' lang='lat' dir='ltr'>cum</span> <span class='ocrx_word' id='word_1_99' title='bbox 1378 957 1583 999; x_wconf 83' lang='lat' dir='ltr'>maximis</span> 
     </span>
     <span class='ocr_line' id='line_1_14' title="bbox 127 1016 1584 1075; baseline -0.003 -15"><span class='ocrx_word' id='word_1_100' title='bbox 127 1019 329 1061; x_wconf 83' lang='lat' dir='ltr'>laudibus</span> <span class='ocrx_word' id='word_1_101' title='bbox 371 1021 490 1062; x_wconf 89' lang='lat' dir='ltr'>meis.</span> <span class='ocrx_word' id='word_1_102' title='bbox 528 1020 675 1075; x_wconf 84' lang='lat' dir='ltr'>itaque</span> <span class='ocrx_word' id='word_1_103' title='bbox 719 1020 814 1060; x_wconf 90' lang='lat' dir='ltr'>misi</span> <span class='ocrx_word' id='word_1_104' title='bbox 857 1019 1013 1059; x_wconf 88' lang='lat' dir='ltr'>librum</span> <span class='ocrx_word' id='word_1_105' title='bbox 1057 1018 1109 1059; x_wconf 87' lang='lat' dir='ltr'>ad</span> <span class='ocrx_word' id='word_1_106' title='bbox 1154 1017 1372 1068; x_wconf 83' lang='lat' dir='ltr'>Muscam,</span> <span class='ocrx_word' id='word_1_107' title='bbox 1408 1029 1455 1058; x_wconf 82' lang='lat' dir='ltr'>ut</span> <span class='ocrx_word' id='word_1_108' title='bbox 1499 1016 1584 1057; x_wconf 88' lang='lat' dir='ltr'>tuis</span> 
     </span>
     <span class='ocr_line' id='line_1_15' title="bbox 129 1074 1584 1132; baseline -0.003 -13"><span class='ocrx_word' id='word_1_109' title='bbox 129 1077 316 1119; x_wconf 83' lang='lat' dir='ltr'>librariis</span> <span class='ocrx_word' id='word_1_110' title='bbox 339 1078 474 1119; x_wconf 84' lang='lat' dir='ltr'>daret.</span> <span class='ocrx_word' id='word_1_111' title='bbox 499 1077 596 1118; x_wconf 91' lang='lat' dir='ltr'>volo</span> <span class='ocrx_word' id='word_1_112' title='bbox 618 1078 733 1119; x_wconf 87' lang='lat' dir='ltr'>enim</span> <span class='ocrx_word' id='word_1_113' title='bbox 757 1091 855 1117; x_wconf 91' lang='lat' dir='ltr'>eum</span> <span class='ocrx_word' id='word_1_114' title='bbox 880 1076 1119 1132; x_wconf 81' lang='lat' dir='ltr'>divulgari:</span> <span class='ocrx_word' id='word_1_115' title='bbox 1154 1076 1270 1131; x_wconf 91' lang='lat' dir='ltr'>quod</span> <span class='ocrx_word' id='word_1_116' title='bbox 1295 1090 1381 1130; x_wconf 89' lang='lat' dir='ltr'>quo</span> <span class='ocrx_word' id='word_1_117' title='bbox 1414 1074 1584 1115; x_wconf 83' lang='lat' dir='ltr'>facilius</span> 
     </span>
     <span class='ocr_line' id='line_1_16' title="bbox 131 1131 1584 1192; baseline -0.003 -16"><span class='ocrx_word' id='word_1_118' title='bbox 131 1135 223 1187; x_wconf 85' lang='lat' dir='ltr'>fiat,</span> <span class='ocrx_word' id='word_1_119' title='bbox 248 1136 480 1192; x_wconf 79' lang='lat' dir='ltr'>imperabis</span> <span class='ocrx_word' id='word_1_120' title='bbox 512 1136 612 1175; x_wconf 90' lang='lat' dir='ltr'>tuis.</span> <span class='ocrx_word' id='word_1_121' title='bbox 673 1137 1011 1187; x_wconf 65' lang='grc' dir='ltr'>39Συμέουλευτικὸν</span> <span class='ocrx_word' id='word_1_122' title='bbox 1043 1148 1159 1188; x_wconf 74' lang='lat' dir='ltr'>saepe</span> <span class='ocrx_word' id='word_1_123' title='bbox 1191 1148 1355 1174; x_wconf 86' lang='lat' dir='ltr'>conor:</span> <span class='ocrx_word' id='word_1_124' title='bbox 1389 1131 1495 1173; x_wconf 82' lang='lat' dir='ltr'>nihil</span> <span class='ocrx_word' id='word_1_125' title='bbox 1520 1146 1584 1172; x_wconf 92' lang='lat' dir='ltr'>re-</span> 
     </span>
     <span class='ocr_line' id='line_1_17' title="bbox 131 1192 1716 1250; baseline -0.004 -15"><span class='ocrx_word' id='word_1_126' title='bbox 131 1195 278 1250; x_wconf 88' lang='lat' dir='ltr'>perio:</span> <span class='ocrx_word' id='word_1_127' title='bbox 310 1204 354 1234; x_wconf 85' lang='lat' dir='ltr'>et</span> <span class='ocrx_word' id='word_1_128' title='bbox 390 1194 562 1248; x_wconf 87' lang='lat' dir='ltr'>quidem</span> <span class='ocrx_word' id='word_1_129' title='bbox 604 1207 772 1233; x_wconf 87' lang='lat' dir='ltr'>mecum</span> <span class='ocrx_word' id='word_1_130' title='bbox 811 1192 951 1231; x_wconf 82' lang='lat' dir='ltr'>habco</span> <span class='ocrx_word' id='word_1_131' title='bbox 981 1200 1024 1231; x_wconf 88' lang='lat' dir='ltr'>et</span> <span class='ocrx_word' id='word_1_132' title='bbox 1045 1194 1273 1245; x_wconf 64' lang='grc' dir='ltr'><strong><em>Ἀξιςοτὲλους</em></strong></span> <span class='ocrx_word' id='word_1_133' title='bbox 1304 1200 1348 1231; x_wconf 87' lang='lat' dir='ltr'>et</span> <span class='ocrx_word' id='word_1_134' title='bbox 1379 1194 1584 1243; x_wconf 71' lang='grc' dir='ltr'>Θεοπόμπου</span> <span class='ocrx_word' id='word_1_135' title='bbox 1597 1203 1627 1233; x_wconf 85' lang='lat' dir='ltr'>p.</span> <span class='ocrx_word' id='word_1_136' title='bbox 1643 1195 1716 1225; x_wconf 72' lang='lat'>200.</span> 
     </span>
     <span class='ocr_line' id='line_1_18' title="bbox 133 1246 1627 1306; baseline -0.003 -15"><span class='ocrx_word' id='word_1_137' title='bbox 133 1251 466 1306; x_wconf 53' lang='lat' dir='ltr'>xgbf&#39;Azigmbgov:</span> <span class='ocrx_word' id='word_1_138' title='bbox 503 1250 575 1291; x_wconf 89' lang='lat' dir='ltr'>sed</span> <span class='ocrx_word' id='word_1_139' title='bbox 609 1250 712 1305; x_wconf 90' lang='lat' dir='ltr'>quid</span> <span class='ocrx_word' id='word_1_140' title='bbox 748 1249 917 1290; x_wconf 84' lang='lat' dir='ltr'>simile?</span> <span class='ocrx_word' id='word_1_141' title='bbox 950 1248 1025 1300; x_wconf 90' lang='lat' dir='ltr'>illi,</span> <span class='ocrx_word' id='word_1_142' title='bbox 1060 1258 1101 1287; x_wconf 84' lang='lat' dir='ltr'>et</span> <span class='ocrx_word' id='word_1_143' title='bbox 1125 1261 1222 1302; x_wconf 84' lang='lat' dir='ltr'>quae</span> <span class='ocrx_word' id='word_1_144' title='bbox 1262 1249 1365 1304; x_wconf 83' lang='lat' dir='ltr'>ipsis</span> <span class='ocrx_word' id='word_1_145' title='bbox 1404 1246 1627 1288; x_wconf 67' lang='lat' dir='ltr'>honestaa·</span> 
     </span>
     <span class='ocr_line' id='line_1_19' title="bbox 131 1304 1588 1364; baseline -0.002 -17"><span class='ocrx_word' id='word_1_146' title='bbox 131 1318 290 1358; x_wconf 84' lang='lat' dir='ltr'>essent,</span> <span class='ocrx_word' id='word_1_147' title='bbox 331 1308 593 1358; x_wconf 82' lang='lat' dir='ltr'>scribebant,</span> <span class='ocrx_word' id='word_1_148' title='bbox 627 1318 670 1348; x_wconf 90' lang='lat' dir='ltr'>et</span> <span class='ocrx_word' id='word_1_149' title='bbox 712 1316 835 1364; x_wconf 80' lang='lat' dir='ltr'>grata</span> <span class='ocrx_word' id='word_1_150' title='bbox 874 1305 1141 1347; x_wconf 81' lang='lat' dir='ltr'>Alexandro.</span> <span class='ocrx_word' id='word_1_151' title='bbox 1182 1306 1338 1360; x_wconf 82' lang='lat' dir='ltr'>ecquid</span> <span class='ocrx_word' id='word_1_152' title='bbox 1384 1315 1428 1346; x_wconf 89' lang='lat' dir='ltr'>tu</span> <span class='ocrx_word' id='word_1_153' title='bbox 1473 1304 1588 1360; x_wconf 89' lang='lat' dir='ltr'>ejus-</span> 
     </span>
     <span class='ocr_line' id='line_1_20' title="bbox 134 1362 1590 1420; baseline -0.002 -14"><span class='ocrx_word' id='word_1_154' title='bbox 134 1365 251 1406; x_wconf 88' lang='lat' dir='ltr'>modi</span> <span class='ocrx_word' id='word_1_155' title='bbox 277 1365 464 1420; x_wconf 86' lang='lat' dir='ltr'>reperis?</span> <span class='ocrx_word' id='word_1_156' title='bbox 498 1366 603 1406; x_wconf 78' lang='lat' dir='ltr'>mihi</span> <span class='ocrx_word' id='word_1_157' title='bbox 626 1366 802 1420; x_wconf 84' lang='lat' dir='ltr'>quidem</span> <span class='ocrx_word' id='word_1_158' title='bbox 828 1364 937 1405; x_wconf 82' lang='lat' dir='ltr'>nihil</span> <span class='ocrx_word' id='word_1_159' title='bbox 968 1365 1010 1405; x_wconf 86' lang='lat' dir='ltr'>in</span> <span class='ocrx_word' id='word_1_160' title='bbox 1045 1376 1235 1404; x_wconf 83' lang='lat' dir='ltr'>mentem</span> <span class='ocrx_word' id='word_1_161' title='bbox 1260 1364 1393 1404; x_wconf 75' lang='lat' dir='ltr'>venit.</span> <span class='ocrx_word' id='word_1_162' title='bbox 1457 1362 1590 1410; x_wconf 82' lang='lat' dir='ltr'>Quod</span> 
     </span>
     <span class='ocr_line' id='line_1_21' title="bbox 134 1421 1591 1480; baseline -0.001 -17"><span class='ocrx_word' id='word_1_163' title='bbox 134 1422 288 1464; x_wconf 87' lang='lat' dir='ltr'>scribis</span> <span class='ocrx_word' id='word_1_164' title='bbox 314 1433 353 1463; x_wconf 89' lang='lat' dir='ltr'>te</span> <span class='ocrx_word' id='word_1_165' title='bbox 380 1424 530 1475; x_wconf 84' lang='lat' dir='ltr'>vereri,</span> <span class='ocrx_word' id='word_1_166' title='bbox 554 1439 607 1464; x_wconf 83' lang='lat' dir='ltr'>ne</span> <span class='ocrx_word' id='word_1_167' title='bbox 629 1433 672 1464; x_wconf 87' lang='lat' dir='ltr'>et</span> <span class='ocrx_word' id='word_1_168' title='bbox 704 1423 842 1480; x_wconf 82' lang='lat' dir='ltr'>gratia</span> <span class='ocrx_word' id='word_1_169' title='bbox 866 1434 909 1463; x_wconf 91' lang='lat' dir='ltr'>et</span> <span class='ocrx_word' id='word_1_170' title='bbox 932 1423 1166 1464; x_wconf 73' lang='lat' dir='ltr'>auctoritas</span> <span class='ocrx_word' id='word_1_171' title='bbox 1200 1432 1347 1463; x_wconf 85' lang='lat' dir='ltr'>nostra</span> <span class='ocrx_word' id='word_1_172' title='bbox 1378 1421 1462 1462; x_wconf 89' lang='lat' dir='ltr'>hoc</span> <span class='ocrx_word' id='word_1_173' title='bbox 1495 1434 1591 1461; x_wconf 89' lang='lat' dir='ltr'>meo</span> 
     </span>
     <span class='ocr_line' id='line_1_22' title="bbox 131 1479 1592 1538; baseline -0.001 -16"><span class='ocrx_word' id='word_1_174' title='bbox 131 1494 316 1522; x_wconf 83' lang='lat' dir='ltr'>maerore</span> <span class='ocrx_word' id='word_1_175' title='bbox 354 1481 596 1523; x_wconf 84' lang='lat' dir='ltr'>minuatur:</span> <span class='ocrx_word' id='word_1_176' title='bbox 630 1496 727 1538; x_wconf 78' lang='lat' dir='ltr'>ego,</span> <span class='ocrx_word' id='word_1_177' title='bbox 762 1480 865 1536; x_wconf 85' lang='lat' dir='ltr'>quid</span> <span class='ocrx_word' id='word_1_178' title='bbox 911 1480 1107 1521; x_wconf 85' lang='lat' dir='ltr'>homines</span> <span class='ocrx_word' id='word_1_179' title='bbox 1148 1488 1222 1519; x_wconf 87' lang='lat' dir='ltr'>aut</span> <span class='ocrx_word' id='word_1_180' title='bbox 1257 1479 1592 1535; x_wconf 84' lang='lat' dir='ltr'>reprehendant,</span> 
     </span>
     <span class='ocr_line' id='line_1_23' title="bbox 134 1538 1593 1594; baseline -0.001 -16"><span class='ocrx_word' id='word_1_181' title='bbox 134 1548 209 1578; x_wconf 84' lang='lat' dir='ltr'>aut</span> <span class='ocrx_word' id='word_1_182' title='bbox 235 1538 468 1594; x_wconf 84' lang='lat' dir='ltr'>postulent,</span> <span class='ocrx_word' id='word_1_183' title='bbox 493 1539 653 1580; x_wconf 88' lang='lat' dir='ltr'>nescio.</span> <span class='ocrx_word' id='word_1_184' title='bbox 688 1553 739 1579; x_wconf 91' lang='lat' dir='ltr'>ne</span> <span class='ocrx_word' id='word_1_185' title='bbox 769 1538 967 1579; x_wconf 80' lang='lat' dir='ltr'>doleam?</span> <span class='ocrx_word' id='word_1_186' title='bbox 1000 1538 1072 1593; x_wconf 88' lang='lat' dir='ltr'>qui</span> <span class='ocrx_word' id='word_1_187' title='bbox 1109 1540 1278 1593; x_wconf 85' lang='lat' dir='ltr'>potest?</span> <span class='ocrx_word' id='word_1_188' title='bbox 1312 1553 1364 1578; x_wconf 91' lang='lat' dir='ltr'>ne</span> <span class='ocrx_word' id='word_1_189' title='bbox 1388 1538 1593 1593; x_wconf 82' lang='lat' dir='ltr'>jaceam?</span> 
     </span>
     <span class='ocr_line' id='line_1_24' title="bbox 134 1595 1593 1651; baseline -0.001 -15"><span class='ocrx_word' id='word_1_190' title='bbox 134 1596 231 1651; x_wconf 88' lang='lat' dir='ltr'>quis</span> <span class='ocrx_word' id='word_1_191' title='bbox 266 1611 470 1651; x_wconf 88' lang='lat' dir='ltr'>umquam</span> <span class='ocrx_word' id='word_1_192' title='bbox 502 1597 674 1639; x_wconf 87' lang='lat' dir='ltr'>minus?</span> <span class='ocrx_word' id='word_1_193' title='bbox 705 1596 859 1637; x_wconf 74' lang='lat' dir='ltr'>40dum</span> <span class='ocrx_word' id='word_1_194' title='bbox 892 1605 967 1636; x_wconf 85' lang='lat' dir='ltr'>tua</span> <span class='ocrx_word' id='word_1_195' title='bbox 999 1609 1067 1636; x_wconf 77' lang='lat' dir='ltr'>ine</span> <span class='ocrx_word' id='word_1_196' title='bbox 1098 1596 1252 1636; x_wconf 86' lang='lat' dir='ltr'>domus</span> <span class='ocrx_word' id='word_1_197' title='bbox 1285 1595 1472 1647; x_wconf 83' lang='lat' dir='ltr'>levabat,</span> <span class='ocrx_word' id='word_1_198' title='bbox 1495 1595 1593 1651; x_wconf 88' lang='lat' dir='ltr'>quis</span> 
     </span>
     <span class='ocr_line' id='line_1_25' title="bbox 135 1652 1596 1710; baseline 0 -16"><span class='ocrx_word' id='word_1_199' title='bbox 135 1668 161 1707; x_wconf 84' lang='lat' dir='ltr'>a</span> <span class='ocrx_word' id='word_1_200' title='bbox 185 1667 251 1694; x_wconf 90' lang='lat' dir='ltr'>me</span> <span class='ocrx_word' id='word_1_201' title='bbox 273 1653 508 1695; x_wconf 84' lang='lat' dir='ltr'>exclusus?</span> <span class='ocrx_word' id='word_1_202' title='bbox 540 1654 636 1710; x_wconf 89' lang='lat' dir='ltr'>quis</span> <span class='ocrx_word' id='word_1_203' title='bbox 663 1653 795 1706; x_wconf 87' lang='lat' dir='ltr'>venit,</span> <span class='ocrx_word' id='word_1_204' title='bbox 818 1654 891 1708; x_wconf 90' lang='lat' dir='ltr'>qui</span> <span class='ocrx_word' id='word_1_205' title='bbox 916 1652 1235 1695; x_wconf 82' lang='lat' dir='ltr'>offenderetur?</span> <span class='ocrx_word' id='word_1_206' title='bbox 1268 1652 1473 1693; x_wconf 86' lang='lat' dir='ltr'>Asturam</span> <span class='ocrx_word' id='word_1_207' title='bbox 1498 1668 1596 1694; x_wconf 87' lang='lat' dir='ltr'>sum</span> 
     </span>
     <span class='ocr_line' id='line_1_26' title="bbox 137 1710 1596 1769; baseline 0.001 -18"><span class='ocrx_word' id='word_1_208' title='bbox 137 1721 227 1752; x_wconf 87' lang='lat' dir='ltr'>ate</span> <span class='ocrx_word' id='word_1_209' title='bbox 261 1710 495 1768; x_wconf 87' lang='lat' dir='ltr'>profectus.</span> <span class='ocrx_word' id='word_1_210' title='bbox 529 1711 672 1769; x_wconf 82' lang='lat' dir='ltr'>legere</span> <span class='ocrx_word' id='word_1_211' title='bbox 705 1713 776 1753; x_wconf 90' lang='lat' dir='ltr'>isti</span> <span class='ocrx_word' id='word_1_212' title='bbox 809 1711 913 1763; x_wconf 83' lang='lat' dir='ltr'>laeti,</span> <span class='ocrx_word' id='word_1_213' title='bbox 937 1712 1009 1767; x_wconf 90' lang='lat' dir='ltr'>qui</span> <span class='ocrx_word' id='word_1_214' title='bbox 1043 1725 1111 1752; x_wconf 90' lang='lat' dir='ltr'>me</span> <span class='ocrx_word' id='word_1_215' title='bbox 1144 1711 1481 1767; x_wconf 85' lang='lat' dir='ltr'>reprehendunt,</span> <span class='ocrx_word' id='word_1_216' title='bbox 1505 1720 1596 1752; x_wconf 84' lang='lat' dir='ltr'>tam</span> 
     </span>
     <span class='ocr_line' id='line_1_27' title="bbox 136 1768 1597 1826; baseline 0 -16"><span class='ocrx_word' id='word_1_217' title='bbox 136 1768 275 1810; x_wconf 83' lang='lat' dir='ltr'>multa</span> <span class='ocrx_word' id='word_1_218' title='bbox 299 1784 383 1810; x_wconf 92' lang='lat' dir='ltr'>non</span> <span class='ocrx_word' id='word_1_219' title='bbox 416 1781 613 1826; x_wconf 88' lang='lat' dir='ltr'>possunt,</span> <span class='ocrx_word' id='word_1_220' title='bbox 637 1785 765 1826; x_wconf 80' lang='lat' dir='ltr'>quam</span> <span class='ocrx_word' id='word_1_221' title='bbox 799 1784 882 1825; x_wconf 80' lang='lat' dir='ltr'>ego</span> <span class='ocrx_word' id='word_1_222' title='bbox 915 1769 1082 1825; x_wconf 85' lang='lat' dir='ltr'>scripsi.</span> <span class='ocrx_word' id='word_1_223' title='bbox 1107 1784 1236 1824; x_wconf 82' lang='lat' dir='ltr'>quam</span> <span class='ocrx_word' id='word_1_224' title='bbox 1263 1770 1386 1821; x_wconf 91' lang='lat' dir='ltr'>bene,</span> <span class='ocrx_word' id='word_1_225' title='bbox 1409 1768 1518 1810; x_wconf 84' lang='lat' dir='ltr'>nihil</span> <span class='ocrx_word' id='word_1_226' title='bbox 1541 1769 1597 1810; x_wconf 85' lang='lat' dir='ltr'>ad</span> 
     </span>
     <span class='ocr_line' id='line_1_28' title="bbox 135 1827 1595 1883; baseline 0 -15"><span class='ocrx_word' id='word_1_227' title='bbox 135 1841 241 1868; x_wconf 85' lang='lat' dir='ltr'>rem.</span> <span class='ocrx_word' id='word_1_228' title='bbox 275 1827 347 1868; x_wconf 88' lang='lat' dir='ltr'>sed</span> <span class='ocrx_word' id='word_1_229' title='bbox 380 1841 517 1883; x_wconf 83' lang='lat' dir='ltr'>genus</span> <span class='ocrx_word' id='word_1_230' title='bbox 550 1828 765 1870; x_wconf 83' lang='lat' dir='ltr'>scribendi</span> <span class='ocrx_word' id='word_1_231' title='bbox 800 1828 843 1868; x_wconf 85' lang='lat' dir='ltr'>id</span> <span class='ocrx_word' id='word_1_232' title='bbox 877 1827 973 1878; x_wconf 85' lang='lat' dir='ltr'>fuit,</span> <span class='ocrx_word' id='word_1_233' title='bbox 998 1827 1114 1882; x_wconf 85' lang='lat' dir='ltr'>quod</span> <span class='ocrx_word' id='word_1_234' title='bbox 1150 1841 1276 1868; x_wconf 85' lang='lat' dir='ltr'>nemo</span> <span class='ocrx_word' id='word_1_235' title='bbox 1301 1827 1476 1882; x_wconf 86' lang='lat' dir='ltr'>abjecto</span> <span class='ocrx_word' id='word_1_236' title='bbox 1501 1827 1595 1868; x_wconf 86' lang='lat' dir='ltr'>ani-</span> 
     </span>
     <span class='ocr_line' id='line_1_29' title="bbox 135 1883 1597 1943; baseline 0 -17"><span class='ocrx_word' id='word_1_237' title='bbox 135 1899 207 1926; x_wconf 88' lang='lat' dir='ltr'>mo</span> <span class='ocrx_word' id='word_1_238' title='bbox 233 1883 373 1926; x_wconf 80' lang='lat' dir='ltr'>facere</span> <span class='ocrx_word' id='word_1_239' title='bbox 396 1895 554 1941; x_wconf 83' lang='lat' dir='ltr'>posset.</span> <span class='ocrx_word' id='word_1_240' title='bbox 581 1886 761 1943; x_wconf 83' lang='lat' dir='ltr'>triginta</span> <span class='ocrx_word' id='word_1_241' title='bbox 782 1885 872 1926; x_wconf 88' lang='lat' dir='ltr'>dies</span> <span class='ocrx_word' id='word_1_242' title='bbox 909 1885 951 1926; x_wconf 91' lang='lat' dir='ltr'>in</span> <span class='ocrx_word' id='word_1_243' title='bbox 987 1883 1122 1925; x_wconf 86' lang='lat' dir='ltr'>hortis</span> <span class='ocrx_word' id='word_1_244' title='bbox 1155 1884 1232 1925; x_wconf 88' lang='lat' dir='ltr'>fui.</span> <span class='ocrx_word' id='word_1_245' title='bbox 1257 1886 1353 1940; x_wconf 90' lang='lat' dir='ltr'>quis</span> <span class='ocrx_word' id='word_1_246' title='bbox 1386 1896 1460 1926; x_wconf 83' lang='lat' dir='ltr'>aut</span> <span class='ocrx_word' id='word_1_247' title='bbox 1491 1899 1597 1926; x_wconf 88' lang='lat' dir='ltr'>con-</span> 
     </span>
     <span class='ocr_line' id='line_1_30' title="bbox 137 1942 1596 1999; baseline 0.001 -16"><span class='ocrx_word' id='word_1_248' title='bbox 137 1957 332 1999; x_wconf 84' lang='lat' dir='ltr'>gressum</span> <span class='ocrx_word' id='word_1_249' title='bbox 364 1957 524 1995; x_wconf 88' lang='lat' dir='ltr'>meum,</span> <span class='ocrx_word' id='word_1_250' title='bbox 547 1955 620 1985; x_wconf 85' lang='lat' dir='ltr'>aut</span> <span class='ocrx_word' id='word_1_251' title='bbox 653 1943 905 1985; x_wconf 76' lang='lat' dir='ltr'>facilitatem</span> <span class='ocrx_word' id='word_1_252' title='bbox 932 1943 1141 1983; x_wconf 86' lang='lat' dir='ltr'>sermonis</span> <span class='ocrx_word' id='word_1_253' title='bbox 1165 1942 1451 1999; x_wconf 81' lang='lat' dir='ltr'>desideravit?</span> <span class='ocrx_word' id='word_1_254' title='bbox 1480 1958 1596 1984; x_wconf 90' lang='lat' dir='ltr'>nunc</span> 
     </span>
     <span class='ocr_line' id='line_1_31' title="bbox 139 2001 1598 2057; baseline 0.001 -17"><span class='ocrx_word' id='word_1_255' title='bbox 139 2002 298 2056; x_wconf 88' lang='lat' dir='ltr'>ipsum,</span> <span class='ocrx_word' id='word_1_256' title='bbox 329 2015 380 2041; x_wconf 83' lang='lat' dir='ltr'>ea</span> <span class='ocrx_word' id='word_1_257' title='bbox 410 2001 523 2057; x_wconf 86' lang='lat' dir='ltr'>lego,</span> <span class='ocrx_word' id='word_1_258' title='bbox 557 2017 606 2043; x_wconf 82' lang='lat' dir='ltr'>ea</span> <span class='ocrx_word' id='word_1_259' title='bbox 638 2003 797 2052; x_wconf 88' lang='lat' dir='ltr'>scribo,</span> <span class='ocrx_word' id='word_1_260' title='bbox 831 2011 878 2041; x_wconf 85' lang='lat' dir='ltr'>ut</span> <span class='ocrx_word' id='word_1_261' title='bbox 910 2001 954 2053; x_wconf 88' lang='lat' dir='ltr'>ii,</span> <span class='ocrx_word' id='word_1_262' title='bbox 980 2001 1053 2056; x_wconf 88' lang='lat' dir='ltr'>qui</span> <span class='ocrx_word' id='word_1_263' title='bbox 1087 2015 1257 2042; x_wconf 86' lang='lat' dir='ltr'>mecum</span> <span class='ocrx_word' id='word_1_264' title='bbox 1291 2011 1406 2053; x_wconf 89' lang='lat' dir='ltr'>sunt,</span> <span class='ocrx_word' id='word_1_265' title='bbox 1438 2001 1598 2042; x_wconf 75' lang='lat' dir='ltr'>diffici-</span> 
     </span>
     <span class='ocr_line' id='line_1_32' title="bbox 139 2057 1597 2116; baseline 0.001 -18"><span class='ocrx_word' id='word_1_266' title='bbox 139 2057 222 2099; x_wconf 89' lang='lat' dir='ltr'>lius</span> <span class='ocrx_word' id='word_1_267' title='bbox 245 2058 384 2099; x_wconf 81' lang='lat' dir='ltr'>otium</span> <span class='ocrx_word' id='word_1_268' title='bbox 417 2058 571 2110; x_wconf 87' lang='lat' dir='ltr'>ferant,</span> <span class='ocrx_word' id='word_1_269' title='bbox 595 2074 723 2115; x_wconf 86' lang='lat' dir='ltr'>quam</span> <span class='ocrx_word' id='word_1_270' title='bbox 758 2074 841 2116; x_wconf 81' lang='lat' dir='ltr'>ego</span> <span class='ocrx_word' id='word_1_271' title='bbox 873 2059 1081 2100; x_wconf 84' lang='lat' dir='ltr'>laborem.</span> <span class='ocrx_word' id='word_1_272' title='bbox 1106 2059 1139 2099; x_wconf 90' lang='lat' dir='ltr'>si</span> <span class='ocrx_word' id='word_1_273' title='bbox 1163 2060 1259 2114; x_wconf 86' lang='lat' dir='ltr'>quis</span> <span class='ocrx_word' id='word_1_274' title='bbox 1293 2060 1487 2115; x_wconf 86' lang='lat' dir='ltr'>requirit,</span> <span class='ocrx_word' id='word_1_275' title='bbox 1520 2074 1597 2100; x_wconf 84' lang='lat' dir='ltr'>cur</span> 
     </span>
     <span class='ocr_line' id='line_1_33' title="bbox 141 2115 1596 2173; baseline 0.001 -16"><span class='ocrx_word' id='word_1_276' title='bbox 141 2115 299 2157; x_wconf 82' lang='lat' dir='ltr'>Romae</span> <span class='ocrx_word' id='word_1_277' title='bbox 335 2130 420 2157; x_wconf 89' lang='lat' dir='ltr'>non</span> <span class='ocrx_word' id='word_1_278' title='bbox 459 2117 564 2160; x_wconf 87' lang='lat' dir='ltr'>sim:</span> <span class='ocrx_word' id='word_1_279' title='bbox 597 2118 700 2173; x_wconf 84' lang='lat' dir='ltr'>quia</span> <span class='ocrx_word' id='word_1_280' title='bbox 733 2118 945 2158; x_wconf 91' lang='lat' dir='ltr'>discessus</span> <span class='ocrx_word' id='word_1_281' title='bbox 980 2125 1061 2157; x_wconf 88' lang='lat' dir='ltr'>est.</span> <span class='ocrx_word' id='word_1_282' title='bbox 1095 2131 1172 2158; x_wconf 88' lang='lat' dir='ltr'>cur</span> <span class='ocrx_word' id='word_1_283' title='bbox 1211 2132 1297 2158; x_wconf 88' lang='lat' dir='ltr'>non</span> <span class='ocrx_word' id='word_1_284' title='bbox 1334 2119 1412 2158; x_wconf 86' lang='lat' dir='ltr'>sim</span> <span class='ocrx_word' id='word_1_285' title='bbox 1449 2119 1491 2158; x_wconf 89' lang='lat' dir='ltr'>in</span> <span class='ocrx_word' id='word_1_286' title='bbox 1527 2117 1596 2159; x_wconf 91' lang='lat' dir='ltr'>his</span> 
     </span>
     <span class='ocr_line' id='line_1_34' title="bbox 139 2173 1635 2231; baseline 0.001 -16"><span class='ocrx_word' id='word_1_287' title='bbox 139 2175 247 2215; x_wconf 90' lang='lat' dir='ltr'>meis</span> <span class='ocrx_word' id='word_1_288' title='bbox 273 2173 506 2231; x_wconf 79' lang='lat' dir='ltr'>praediolis,</span> <span class='ocrx_word' id='word_1_289' title='bbox 523 2190 621 2230; x_wconf 85' lang='lat' dir='ltr'>quae</span> <span class='ocrx_word' id='word_1_290' title='bbox 644 2185 744 2216; x_wconf 88' lang='lat' dir='ltr'>sunt</span> <span class='ocrx_word' id='word_1_291' title='bbox 768 2175 897 2231; x_wconf 87' lang='lat' dir='ltr'>hujus</span> <span class='ocrx_word' id='word_1_292' title='bbox 922 2175 1154 2231; x_wconf 87' lang='lat' dir='ltr'>temporis:</span> <span class='ocrx_word' id='word_1_293' title='bbox 1179 2176 1281 2230; x_wconf 87' lang='lat' dir='ltr'>quia</span> <span class='ocrx_word' id='word_1_294' title='bbox 1305 2175 1595 2231; x_wconf 88' lang='lat' dir='ltr'>frequentiam</span> <span class='ocrx_word' id='word_1_295' title='bbox 1634 2204 1635 2207; x_wconf 55' lang='lat'><em>=</em></span> 
     </span>
     <span class='ocr_line' id='line_1_35' title="bbox 139 2231 1597 2290; baseline 0.001 -17"><span class='ocrx_word' id='word_1_296' title='bbox 139 2231 260 2273; x_wconf 88' lang='lat' dir='ltr'>illam</span> <span class='ocrx_word' id='word_1_297' title='bbox 282 2246 366 2272; x_wconf 90' lang='lat' dir='ltr'>non</span> <span class='ocrx_word' id='word_1_298' title='bbox 393 2231 519 2274; x_wconf 85' lang='lat' dir='ltr'>facile</span> <span class='ocrx_word' id='word_1_299' title='bbox 548 2232 720 2274; x_wconf 89' lang='lat' dir='ltr'>ferrem.</span> <span class='ocrx_word' id='word_1_300' title='bbox 743 2233 804 2273; x_wconf 91' lang='lat' dir='ltr'>ibi</span> <span class='ocrx_word' id='word_1_301' title='bbox 837 2248 929 2273; x_wconf 88' lang='lat' dir='ltr'>sum</span> <span class='ocrx_word' id='word_1_302' title='bbox 964 2233 1112 2289; x_wconf 84' lang='lat' dir='ltr'>igitur,</span> <span class='ocrx_word' id='word_1_303' title='bbox 1136 2233 1210 2274; x_wconf 89' lang='lat' dir='ltr'>ubi</span> <span class='ocrx_word' id='word_1_304' title='bbox 1236 2234 1285 2284; x_wconf 89' lang='lat' dir='ltr'>is,</span> <span class='ocrx_word' id='word_1_305' title='bbox 1311 2234 1384 2288; x_wconf 93' lang='lat' dir='ltr'>qui</span> <span class='ocrx_word' id='word_1_306' title='bbox 1407 2235 1597 2290; x_wconf 85' lang='lat' dir='ltr'>optimas</span> 
     </span>
     <span class='ocr_line' id='line_1_36' title="bbox 139 2288 1596 2347; baseline 0.001 -16"><span class='ocrx_word' id='word_1_307' title='bbox 139 2289 271 2331; x_wconf 82' lang='lat' dir='ltr'>Baias</span> <span class='ocrx_word' id='word_1_308' title='bbox 303 2289 508 2343; x_wconf 80' lang='lat' dir='ltr'>habebat,</span> <span class='ocrx_word' id='word_1_309' title='bbox 540 2291 773 2346; x_wconf 83' lang='lat' dir='ltr'>quotannis</span> <span class='ocrx_word' id='word_1_310' title='bbox 805 2289 890 2332; x_wconf 87' lang='lat' dir='ltr'>hoc</span> <span class='ocrx_word' id='word_1_311' title='bbox 922 2300 1092 2347; x_wconf 88' lang='lat' dir='ltr'>tempus</span> <span class='ocrx_word' id='word_1_312' title='bbox 1125 2288 1381 2333; x_wconf 88' lang='lat' dir='ltr'>consumere</span> <span class='ocrx_word' id='word_1_313' title='bbox 1413 2292 1596 2333; x_wconf 86' lang='lat' dir='ltr'>solebat.</span> 
     </span>
     <span class='ocr_line' id='line_1_37' title="bbox 139 2345 1598 2406; baseline 0.002 -19"><span class='ocrx_word' id='word_1_314' title='bbox 139 2362 241 2388; x_wconf 89' lang='lat' dir='ltr'>cum</span> <span class='ocrx_word' id='word_1_315' title='bbox 275 2345 465 2389; x_wconf 80' lang='lat' dir='ltr'>Romam</span> <span class='ocrx_word' id='word_1_316' title='bbox 488 2363 660 2401; x_wconf 89' lang='lat' dir='ltr'>venero,</span> <span class='ocrx_word' id='word_1_317' title='bbox 688 2363 766 2390; x_wconf 89' lang='lat' dir='ltr'>nec</span> <span class='ocrx_word' id='word_1_318' title='bbox 791 2349 928 2399; x_wconf 90' lang='lat' dir='ltr'>vultu,</span> <span class='ocrx_word' id='word_1_319' title='bbox 950 2364 1030 2389; x_wconf 86' lang='lat' dir='ltr'>nec</span> <span class='ocrx_word' id='word_1_320' title='bbox 1061 2349 1260 2390; x_wconf 83' lang='lat' dir='ltr'>oratione</span> <span class='ocrx_word' id='word_1_321' title='bbox 1292 2350 1598 2406; x_wconf 86' lang='lat' dir='ltr'>reprehendar.</span> 
     </span>
     <span class='ocr_line' id='line_1_38' title="bbox 142 2405 1601 2463; baseline 0.003 -18"><span class='ocrx_word' id='word_1_322' title='bbox 142 2405 406 2446; x_wconf 80' lang='lat' dir='ltr'>hilaritatem</span> <span class='ocrx_word' id='word_1_323' title='bbox 441 2405 572 2458; x_wconf 88' lang='lat' dir='ltr'>illam,</span> <span class='ocrx_word' id='word_1_324' title='bbox 595 2422 680 2463; x_wconf 86' lang='lat' dir='ltr'>qua</span> <span class='ocrx_word' id='word_1_325' title='bbox 712 2406 824 2448; x_wconf 86' lang='lat' dir='ltr'>hanc</span> <span class='ocrx_word' id='word_1_326' title='bbox 847 2406 1071 2448; x_wconf 86' lang='lat' dir='ltr'>tristitiam</span> <span class='ocrx_word' id='word_1_327' title='bbox 1094 2416 1338 2463; x_wconf 88' lang='lat' dir='ltr'>temporum</span> <span class='ocrx_word' id='word_1_328' title='bbox 1364 2409 1601 2449; x_wconf 84' lang='lat' dir='ltr'>condieba-</span> 
     </span>
     <span class='ocr_line' id='line_1_39' title="bbox 143 2463 1600 2519; baseline 0.003 -16"><span class='ocrx_word' id='word_1_329' title='bbox 143 2477 255 2513; x_wconf 90' lang='lat' dir='ltr'>mus,</span> <span class='ocrx_word' id='word_1_330' title='bbox 278 2463 321 2504; x_wconf 88' lang='lat' dir='ltr'>in</span> <span class='ocrx_word' id='word_1_331' title='bbox 347 2473 602 2519; x_wconf 88' lang='lat' dir='ltr'>perpetuum</span> <span class='ocrx_word' id='word_1_332' title='bbox 634 2464 774 2506; x_wconf 85' lang='lat' dir='ltr'>amisi.</span> <span class='ocrx_word' id='word_1_333' title='bbox 807 2465 1054 2506; x_wconf 82' lang='lat' dir='ltr'>constantia</span> <span class='ocrx_word' id='word_1_334' title='bbox 1076 2474 1119 2505; x_wconf 90' lang='lat' dir='ltr'>et</span> <span class='ocrx_word' id='word_1_335' title='bbox 1141 2465 1324 2506; x_wconf 77' lang='lat' dir='ltr'>firmitas</span> <span class='ocrx_word' id='word_1_336' title='bbox 1348 2480 1427 2507; x_wconf 92' lang='lat' dir='ltr'>nec</span> <span class='ocrx_word' id='word_1_337' title='bbox 1449 2466 1600 2518; x_wconf 86' lang='lat' dir='ltr'>animi,</span> 
     </span>
     <span class='ocr_line' id='line_1_40' title="bbox 145 2521 1602 2579; baseline 0.001 -17"><span class='ocrx_word' id='word_1_338' title='bbox 145 2535 226 2562; x_wconf 86' lang='lat' dir='ltr'>nec</span> <span class='ocrx_word' id='word_1_339' title='bbox 248 2522 458 2562; x_wconf 80' lang='lat' dir='ltr'>orationis</span> <span class='ocrx_word' id='word_1_340' title='bbox 482 2523 736 2578; x_wconf 86' lang='lat' dir='ltr'>requiretur.</span> <span class='ocrx_word' id='word_1_341' title='bbox 792 2521 860 2563; x_wconf 90' lang='lat' dir='ltr'>De</span> <span class='ocrx_word' id='word_1_342' title='bbox 883 2522 1019 2563; x_wconf 88' lang='lat' dir='ltr'>hortis</span> <span class='ocrx_word' id='word_1_343' title='bbox 1043 2521 1299 2579; x_wconf 81' lang='lat' dir='ltr'>Scapulanis</span> <span class='ocrx_word' id='word_1_344' title='bbox 1323 2523 1406 2565; x_wconf 85' lang='lat' dir='ltr'>hoc</span> <span class='ocrx_word' id='word_1_345' title='bbox 1429 2525 1602 2566; x_wconf 89' lang='lat' dir='ltr'>videtur</span> 
     </span>
     <span class='ocr_line' id='line_1_41' title="bbox 145 2579 1600 2637; baseline 0.002 -17"><span class='ocrx_word' id='word_1_346' title='bbox 145 2579 259 2620; x_wconf 89' lang='lat' dir='ltr'>effici</span> <span class='ocrx_word' id='word_1_347' title='bbox 286 2593 425 2634; x_wconf 87' lang='lat' dir='ltr'>posse,</span> <span class='ocrx_word' id='word_1_348' title='bbox 450 2579 562 2621; x_wconf 88' lang='lat' dir='ltr'>aliud</span> <span class='ocrx_word' id='word_1_349' title='bbox 590 2590 663 2621; x_wconf 88' lang='lat' dir='ltr'>tua</span> <span class='ocrx_word' id='word_1_350' title='bbox 685 2580 840 2636; x_wconf 81' lang='lat' dir='ltr'>gratia,</span> <span class='ocrx_word' id='word_1_351' title='bbox 863 2579 979 2621; x_wconf 87' lang='lat' dir='ltr'>aliud</span> <span class='ocrx_word' id='word_1_352' title='bbox 1008 2590 1170 2632; x_wconf 83' lang='lat' dir='ltr'>nostra,</span> <span class='ocrx_word' id='word_1_353' title='bbox 1195 2590 1241 2621; x_wconf 91' lang='lat' dir='ltr'>ut</span> <span class='ocrx_word' id='word_1_354' title='bbox 1274 2583 1465 2637; x_wconf 84' lang='lat' dir='ltr'>praeconi</span> <span class='ocrx_word' id='word_1_355' title='bbox 1499 2583 1600 2623; x_wconf 88' lang='lat' dir='ltr'>sub-</span> 
     </span>
     <span class='ocr_line' id='line_1_42' title="bbox 137 2636 1600 2693; baseline 0.001 -16"><span class='ocrx_word' id='word_1_356' title='bbox 137 2636 366 2693; x_wconf 82' lang='lat' dir='ltr'>jiciantur.</span> <span class='ocrx_word' id='word_1_357' title='bbox 389 2637 432 2678; x_wconf 89' lang='lat' dir='ltr'>id</span> <span class='ocrx_word' id='word_1_358' title='bbox 464 2637 546 2679; x_wconf 88' lang='lat' dir='ltr'>nisi</span> <span class='ocrx_word' id='word_1_359' title='bbox 580 2637 644 2689; x_wconf 83' lang='lat' dir='ltr'>fit,</span> <span class='ocrx_word' id='word_1_360' title='bbox 666 2637 962 2679; x_wconf 79' lang='lat' dir='ltr'>excludemur.</span> <span class='ocrx_word' id='word_1_361' title='bbox 987 2638 1052 2679; x_wconf 89' lang='lat' dir='ltr'>sin</span> <span class='ocrx_word' id='word_1_362' title='bbox 1084 2639 1138 2680; x_wconf 89' lang='lat' dir='ltr'>ad</span> <span class='ocrx_word' id='word_1_363' title='bbox 1171 2639 1364 2681; x_wconf 80' lang='lat' dir='ltr'>tabulam</span> <span class='ocrx_word' id='word_1_364' title='bbox 1389 2640 1600 2691; x_wconf 90' lang='lat' dir='ltr'>venimus,</span> 
     </span>
    </p>
   </div>
   <div class='ocr_carea' id='block_1_5' title="bbox 147 2749 1605 3005">
    <p class='ocr_par' dir='ltr' id='par_1_5' title="bbox 147 2749 1605 3005">
     <span class='ocr_line' id='line_1_43' title="bbox 189 2749 1600 2795; baseline 0.001 -13"><span class='ocrx_word' id='word_1_365' title='bbox 189 2752 229 2782; x_wconf 86' lang='grc'>38</span> <span class='ocrx_word' id='word_1_366' title='bbox 259 2749 396 2781; x_wconf 67' lang='lat' dir='ltr'>Coesaris</span> <span class='ocrx_word' id='word_1_367' title='bbox 422 2752 636 2793; x_wconf 77' lang='lat' dir='ltr'>vituperatio]</span> <span class='ocrx_word' id='word_1_368' title='bbox 665 2750 763 2784; x_wconf 78' lang='lat' dir='ltr'>Anti·</span> <span class='ocrx_word' id='word_1_369' title='bbox 771 2752 850 2783; x_wconf 81' lang='lat' dir='ltr'>Cato</span> <span class='ocrx_word' id='word_1_370' title='bbox 935 2755 978 2784; x_wconf 89' lang='grc'>40</span> <span class='ocrx_word' id='word_1_371' title='bbox 1010 2754 1091 2784; x_wconf 76' lang='lat' dir='ltr'>dum</span> <span class='ocrx_word' id='word_1_372' title='bbox 1125 2756 1186 2783; x_wconf 79' lang='lat' dir='ltr'>tua</span> <span class='ocrx_word' id='word_1_373' title='bbox 1220 2753 1335 2785; x_wconf 80' lang='lat' dir='ltr'>domus</span> <span class='ocrx_word' id='word_1_374' title='bbox 1370 2765 1422 2786; x_wconf 83' lang='lat' dir='ltr'>me</span> <span class='ocrx_word' id='word_1_375' title='bbox 1455 2753 1600 2795; x_wconf 73' lang='lat' dir='ltr'>levabat]</span> 
     </span>
     <span class='ocr_line' id='line_1_44' title="bbox 147 2792 1604 2837; baseline 0.001 -12"><span class='ocrx_word' id='word_1_376' title='bbox 147 2799 266 2825; x_wconf 85' lang='lat' dir='ltr'>contra</span> <span class='ocrx_word' id='word_1_377' title='bbox 282 2792 436 2824; x_wconf 83' lang='lat' dir='ltr'>Laudem</span> <span class='ocrx_word' id='word_1_378' title='bbox 449 2794 500 2826; x_wconf 87' lang='lat' dir='ltr'>M.</span> <span class='ocrx_word' id='word_1_379' title='bbox 517 2795 660 2827; x_wconf 67' lang='lat' dir='ltr'>Gitonis,</span> <span class='ocrx_word' id='word_1_380' title='bbox 894 2795 987 2827; x_wconf 86' lang='lat' dir='ltr'>Dum</span> <span class='ocrx_word' id='word_1_381' title='bbox 1003 2796 1090 2837; x_wconf 81' lang='lat' dir='ltr'>apud</span> <span class='ocrx_word' id='word_1_382' title='bbox 1105 2802 1140 2826; x_wconf 91' lang='lat' dir='ltr'>te</span> <span class='ocrx_word' id='word_1_383' title='bbox 1153 2796 1214 2834; x_wconf 80' lang='lat' dir='ltr'>fui,</span> <span class='ocrx_word' id='word_1_384' title='bbox 1231 2796 1354 2828; x_wconf 76' lang='lat' dir='ltr'>doloris</span> <span class='ocrx_word' id='word_1_385' title='bbox 1370 2797 1499 2828; x_wconf 83' lang='lat' dir='ltr'>levandi</span> <span class='ocrx_word' id='word_1_386' title='bbox 1523 2807 1604 2827; x_wconf 87' lang='lat' dir='ltr'>cau-</span> 
     </span>
     <span class='ocr_line' id='line_1_45' title="bbox 189 2836 1604 2880; baseline 0.001 -12"><span class='ocrx_word' id='word_1_387' title='bbox 189 2839 231 2871; x_wconf 88' lang='grc'>39</span> <span class='ocrx_word' id='word_1_388' title='bbox 260 2836 413 2876; x_wconf 56' lang='lat' dir='ltr'>solagon.</span> <span class='ocrx_word' id='word_1_389' title='bbox 441 2847 523 2877; x_wconf 80' lang='lat' dir='ltr'>soepe</span> <span class='ocrx_word' id='word_1_390' title='bbox 551 2839 661 2880; x_wconf 80' lang='lat' dir='ltr'>conor]</span> <span class='ocrx_word' id='word_1_391' title='bbox 702 2837 852 2878; x_wconf 85' lang='lat' dir='ltr'>Suscipio</span> <span class='ocrx_word' id='word_1_392' title='bbox 895 2848 941 2874; x_wconf 84' lang='lat' dir='ltr'>sa,</span> <span class='ocrx_word' id='word_1_393' title='bbox 967 2848 1082 2870; x_wconf 88' lang='lat' dir='ltr'>omnes</span> <span class='ocrx_word' id='word_1_394' title='bbox 1107 2838 1237 2876; x_wconf 85' lang='lat' dir='ltr'>admisi,</span> <span class='ocrx_word' id='word_1_395' title='bbox 1264 2840 1320 2878; x_wconf 88' lang='lat' dir='ltr'>qui</span> <span class='ocrx_word' id='word_1_396' title='bbox 1348 2851 1400 2871; x_wconf 89' lang='lat' dir='ltr'>me</span> <span class='ocrx_word' id='word_1_397' title='bbox 1426 2839 1604 2870; x_wconf 84' lang='lat' dir='ltr'>convenire</span> 
     </span>
     <span class='ocr_line' id='line_1_46' title="bbox 149 2879 1604 2923; baseline 0.003 -14"><span class='ocrx_word' id='word_1_398' title='bbox 149 2880 291 2910; x_wconf 77' lang='lat' dir='ltr'>scribere</span> <span class='ocrx_word' id='word_1_399' title='bbox 309 2879 495 2910; x_wconf 84' lang='lat' dir='ltr'>Consilium</span> <span class='ocrx_word' id='word_1_400' title='bbox 517 2880 556 2910; x_wconf 83' lang='lat' dir='ltr'>de</span> <span class='ocrx_word' id='word_1_401' title='bbox 581 2892 650 2923; x_wconf 84' lang='lat' dir='ltr'>rep.</span> <span class='ocrx_word' id='word_1_402' title='bbox 677 2880 718 2911; x_wconf 87' lang='lat' dir='ltr'>ad</span> <span class='ocrx_word' id='word_1_403' title='bbox 743 2881 852 2911; x_wconf 84' lang='lat' dir='ltr'>Caesa-</span> <span class='ocrx_word' id='word_1_404' title='bbox 896 2881 1034 2917; x_wconf 85' lang='lat' dir='ltr'>vellent,</span> <span class='ocrx_word' id='word_1_405' title='bbox 1050 2886 1086 2913; x_wconf 91' lang='lat' dir='ltr'>et</span> <span class='ocrx_word' id='word_1_406' title='bbox 1107 2891 1163 2912; x_wconf 88' lang='lat' dir='ltr'>eos</span> <span class='ocrx_word' id='word_1_407' title='bbox 1186 2882 1326 2912; x_wconf 83' lang='lat' dir='ltr'>comiter</span> <span class='ocrx_word' id='word_1_408' title='bbox 1348 2883 1497 2913; x_wconf 79' lang='lat' dir='ltr'>tractari.</span> <span class='ocrx_word' id='word_1_409' title='bbox 1516 2883 1604 2913; x_wconf 87' lang='lat' dir='ltr'>idem</span> 
     </span>
     <span class='ocr_line' id='line_1_47' title="bbox 149 2921 1605 3005; baseline 0.002 -52"><span class='ocrx_word' id='word_1_410' title='bbox 149 2932 234 2996; x_wconf 52' lang='lat' dir='ltr'>Beni,</span> <span class='ocrx_word' id='word_1_411' title='bbox 251 2927 289 2953; x_wconf 88' lang='lat' dir='ltr'>ut</span> <span class='ocrx_word' id='word_1_412' title='bbox 305 2921 352 2960; x_wconf 82' lang='lat' dir='ltr'>hi,</span> <span class='ocrx_word' id='word_1_413' title='bbox 367 2922 423 2962; x_wconf 87' lang='lat' dir='ltr'>qui</span> <span class='ocrx_word' id='word_1_414' title='bbox 438 2929 637 2963; x_wconf 86' lang='lat' dir='ltr'>sequuntur,</span> <span class='ocrx_word' id='word_1_415' title='bbox 654 2923 696 2955; x_wconf 87' lang='lat' dir='ltr'>ad</span> <span class='ocrx_word' id='word_1_416' title='bbox 710 2923 854 2955; x_wconf 79' lang='lat' dir='ltr'>Alexan·</span> <span class='ocrx_word' id='word_1_417' title='bbox 886 2934 976 3005; x_wconf 53' lang='lat' dir='ltr'>Jnox</span> <span class='ocrx_word' id='word_1_418' title='bbox 998 2925 1081 2956; x_wconf 84' lang='lat' dir='ltr'>dicit</span> <span class='ocrx_word' id='word_1_419' title='bbox 1103 2924 1176 2955; x_wconf 77' lang='lat' dir='ltr'>aliis</span> <span class='ocrx_word' id='word_1_420' title='bbox 1198 2925 1318 2963; x_wconf 86' lang='lat' dir='ltr'>verbis,</span> <span class='ocrx_word' id='word_1_421' title='bbox 1343 2930 1418 2966; x_wconf 79' lang='lat' dir='ltr'>post</span> <span class='ocrx_word' id='word_1_422' title='bbox 1444 2925 1481 2956; x_wconf 79' lang='lat' dir='ltr'>in</span> <span class='ocrx_word' id='word_1_423' title='bbox 1504 2926 1605 2957; x_wconf 73' lang='lat' dir='ltr'>hortis</span> 
     </span>
     <span class='ocr_line' id='line_1_48' title="bbox 174 2974 962 2997; baseline 0.001 -1"><span class='ocrx_word' id='word_1_424' title='bbox 174 2974 257 2996; x_wconf 87' lang='lat' dir='ltr'>rum.</span> <span class='ocrx_word' id='word_1_425' title='bbox 916 2976 962 2997; x_wconf 81' lang='lat' dir='ltr'>uz.</span> 
     </span>
    </p>
   </div>
   <div class='ocr_carea' id='block_1_6' title="bbox 211 3013 914 3050">
    <p class='ocr_par' dir='ltr' id='par_1_6' title="bbox 211 3013 914 3050">
     <span class='ocr_line' id='line_1_49' title="bbox 211 3013 914 3050; baseline 0.003 -2"><span class='ocrx_word' id='word_1_426' title='bbox 211 3021 323 3049; x_wconf 78' lang='lat' dir='ltr'>voL.</span> <span class='ocrx_word' id='word_1_427' title='bbox 347 3021 428 3049; x_wconf 88' lang='lat'>111.</span> <span class='ocrx_word' id='word_1_428' title='bbox 453 3021 495 3050; x_wconf 72' lang='grc' dir='ltr'>Ρ.</span> <span class='ocrx_word' id='word_1_429' title='bbox 521 3020 578 3048; x_wconf 88' lang='lat'>11.</span> <span class='ocrx_word' id='word_1_430' title='bbox 833 3013 859 3050; x_wconf 81' lang='lat'><strong>3</strong></span> <span class='ocrx_word' id='word_1_431' title='bbox 886 3021 914 3049; x_wconf 82' lang='lat' dir='ltr'>D</span> 
     </span>
    </p>
   </div>
  </div>
 </body>
</html>
