1940 3231
762 142 982 183 LIBER
1025 142 1078 180 11.
1566 147 1643 184 493

183 242 360 309 ‘gamin
391 267 441 294 ac
472 265 525 292 ne
555 248 668 291 forte
695 263 863 304 quaeras
892 250 1037 290 22nom¹0
1056 252 1174 288 λεπτὶν
1205 245 1259 287 de
1289 245 1470 302 singulis
1505 248 1646 303 rebus,

202 311 402 351 universa
425 324 488 350 res
511 323 561 350 eo
583 318 645 348 est
669 306 869 356 deducta,
890 320 988 362 ‘spes
1011 315 1058 345 ut
1082 303 1196 345 nulla
1217 305 1293 355 sit‚·
1308 303 1540 358 aliquando
1561 320 1649 347 non

203 368 334 408 modo
359 368 561 423 privatos,
588 378 733 405 verum
757 365 887 404 etiarn
912 362 1190 418 magistratus
1214 361 1371 403 liberos
1395 361 1502 402 fore.
1549 362 1648 404 Hac

204 435 346 466 tamen
373 426 415 465 in
439 422 733 479 oppressione,
756 435 911 472 sermo,
936 422 976 462 in
1003 419 1175 461 circulis
1197 420 1412 460 duntaxat
1433 428 1476 459 et
1498 420 1648 460 convi-

205 483 301 534 viis,
323 492 387 523 est
421 480 609 530 liberior,
631 493 759 534 quain
783 478 881 520 fuit.
907 480 1076 520 vincere
1110 477 1265 533 incipit
1289 478 1486 517 timorem
1511 476 1648 528 dolor,

205 540 277 581 sed
302 540 375 590 ita,
399 548 444 579 ut
466 538 614 579 omnia
635 537 720 577 sint
744 536 992 592 plenissima
1013 535 1339 591 desperationis,
1363 534 1497 575 habet
1517 535 1648 575 etiam

208 597 432 652 Campana
463 595 532 636 lex
574 596 897 635 execrationem
933 594 1031 633 23in
1067 592 1259 634 coitione
1291 591 1648 644 candidatorum;

203 656 246 686 24
257 653 289 694 si
315 654 580 694 mentionem
605 651 801 703 fecerint,
824 666 910 706 quo
933 651 1056 691 aliter
1078 664 1180 705 ager
1211 650 1496 706 possideatur,
1518 658 1650 704 atque

205 721 254 752 ut
273 725 328 751 ex
352 711 520 767 legibus
542 709 686 752 Juliis.
747 711 786 740 ‘25
804 709 904 749 Non
927 708 1129 749 dubitant
1157 707 1303 763 jurare
1329 707 1486 749 ceteri:
1523 706 1648 747 Late-

205 769 339 810 rensis
372 769 647 809 existimatur
676 767 717 799 526
730 766 844 807 laute
875 766 1041 816 fecisse,
1065 765 1179 821 quod
1204 766 1474 806 tribunatum
1510 764 1647 820 plebis
1660 783 1691 814 b.

205 835 352 882 petere
385 826 568 878 destitit,
608 839 661 866 ne
696 824 879 880 juraret.
941 824 1026 865 Sed
1069 824 1121 864 de
1158 822 1380 879 republica
1418 837 1504 863 non
1544 822 1651 863 libet.

206 883 329 939 plura
351 884 553 926 scribere.
585 883 793 938 displiceo
828 881 950 932 mihi,
983 895 1063 922 nec
1097 880 1188 921 sine
1218 895 1387 922 summo
1410 880 1553 921 scribo
1576 880 1654 921 do-

203 940 309 983 lore.
352 956 421 982 me
463 953 611 992 τυροῖς
652 950 697 980 ut
734 940 950 996 oppressis
988 938 1206 988 omnibus,
1243 953 1330 979 non
1366 938 1575 989 demisse3
1607 947 1656 978 ut

206 999 339 1040 tantis
363 999 489 1039 rebus
512 998 659 1055 gestis,
685 1012 833 1054 parum
858 997 1043 1038 fortiter.
1065 1011 1089 1037 a
1113 995 1285 1036 Caesare
1319 996 1439 1036 valde
1471 995 1656 1036 liberali-

207 1065 274 1098 ter
296 1057 456 1098 invitor
490 1058 531 1097 in
556 1056 818 1112 legationem
851 1055 981 1106 illam,
1004 1053 1085 1094 sibi
1111 1062 1158 1093 ut
1190 1053 1270 1093 sim
1300 1052 1492 1109 legatus:
1526 1063 1656 1109 atque

208 1114 342 1156 etiam
372 1114 508 1155 libera
539 1113 699 1170 legatio
724 1113 812 1154 voti
836 1127 967 1154 causa
988 1111 1128 1152 datur.
1164 1111 1234 1150 sed
1271 1111 1366 1151 haec
1387 1119 1430 1151 et
1466 1110 1656 1166 praesidii

209 1174 323 1228 apud
361 1172 567 1228 pudorem
600 1170 811 1211 Pulchelli
845 1184 931 1210 non
963 1169 1093 1209 habet
1128 1168 1246 1218 satis,
1274 1177 1318 1208 et
1351 1184 1375 1208 a
1404 1167 1548 1208 fratris
1582 1168 1656 1208 ad-

209 1240 344 1271 ventu
367 1244 433 1270 me
456 1229 653 1285 ablegat:
688 1227 757 1268 illa
779 1238 822 1268 et
844 1227 1052 1268 munitior
1074 1234 1152 1276 est,
1175 1235 1218 1266 et
1241 1240 1327 1267 non
1350 1226 1548 1282 impedit,
1571 1240 1657 1280 quo

210 1288 353 1328 minus
375 1287 527 1337 adsim,
549 1301 646 1327 cum
675 1285 817 1326 velim.
851 1286 962 1326 hanc
984 1299 1066 1340 ego
1093 1294 1243 1335 tene03
1275 1283 1347 1325 sed
1382 1298 1556 1324 usurum
1590 1298 1659 1324 me

211 1359 297 1387 non
325 1356 444 1401 puto.
475 1358 615 1399 neque
646 1353 790 1384 tamen
825 1344 906 1384 scit
936 1342 1180 1398 quisquam.
1214 1356 1301 1381 non
1331 1341 1451 1382 lubet
1479 1341 1656 1396 fugere:

210 1417 317 1444 aveo
341 1398 548 1458 pugnare.
579 1416 739 1457 magna
761 1411 860 1442 sunt
882 1400 1108 1441 hominum
1133 1399 1288 1440 studia.
1321 1399 1392 1439 sed
1415 1398 1524 1440 nihil
1545 1399 1661 1439 affir-

211 1475 310 1503 mo:
345 1469 389 1501 tu
414 1460 496 1501 hoc
520 1460 680 1500 silebis,
741 1461 780 1492 527
800 1459 866 1500 De
899 1458 1039 1499 Statio
1064 1458 1344 1507 manumisso,
1369 1466 1411 1497 et
1443 1456 1660 1497 nonnullis

210 1518 305 1560 aliis
328 1519 470 1567 rebus,
495 1532 632 1574 angor
653 1517 844 1572 quidem,
868 1517 938 1557 sed
957 1516 1051 1571 jam
1075 1529 1249 1571 prorsus
1271 1514 1468 1555 occallui.
1493 1525 1554 1564 tu,
1575 1513 1663 1555 vel-

209 1575 310 1626 lem,
343 1578 383 1606 28
399 1590 537 1631 egove
567 1589 786 1632 cuperem,
819 1575 1013 1615 adesses:
1048 1587 1126 1613 nec
1159 1572 1266 1612 mihi
1300 1572 1545 1622 consilium,
1582 1586 1661 1613 nec

209 1632 451 1675 consolatio
485 1633 667 1674 deesset.
702 1633 775 1674 sed
809 1633 871 1674 ita
902 1640 942 1673 te
977 1645 1093 1687 para,
1127 1640 1190 1682 ut,
1225 1630 1258 1671 si
1297 1630 1547 1680 inclamaro,
1586 1629 1660 1671 ad-

210 1690 342 1733 voles.

252 1843 294 1870 22
320 1838 406 1871 κατὰ
433 1838 543 1870 λεπτὸν
569 1838 608 1869 de
635 1839 776 1878 singulis
803 1838 913 1878 rebus]

211 1882 250 1913 de
277 1893 303 1914 s.
333 1884 429 1914 rebus
451 1883 593 1923 glossam
621 1883 724 1922 sapit:
750 1881 813 1912 nisi
840 1891 916 1911 vero

210 1927 430 1966 oppositionis
456 1924 679 1966 expriniendae
703 1934 802 1955 eausa
823 1923 914 1954 addi-

211 1972 286 1999 tum
315 1976 385 2000 est:
415 1970 556 2008 singula>
584 1977 649 2005 res,
675 1968 829 1997 universa
851 1976 913 1997 res,

210 2009 301 2041 Illud
321 2017 357 2043 et.
380 2011 536 2043 Manutio
559 2012 592 2041 in
618 2015 766 2041 mentem
789 2009 915 2040 venisse

211 2053 317 2084 video.

254 2099 294 2127 23
322 2097 357 2126 in
384 2097 518 2127 coitione
540 2094 810 2134 candidatorum]
848 2094 917 2125 Coi-

212 2139 314 2170 lz'ones
338 2139 592 2170 emundatorum
620 2138 721 2169 etiam
748 2137 826 2167 ahbi
850 2147 918 2167 me-

214 2187 400 2212 morantur.
421 2191 454 2212 v.
472 2182 565 2212 Clav.
588 2180 644 2211 sed
659 2190 706 2211 eae
724 2180 861 2220 privatae
883 2184 918 2210 et

211 2224 350 2255 illicitae.
397 2224 514 2263 ltaque
530 2224 678 2254 Graevius
700 2222 849 2263 praetulit
869 2221 916 2253 le-

211 2267 359 2297 ctionem
385 2266 448 2297 Ms.
473 2267 608 2297 Ballioi.
635 2266 794 2301 concione,
818 2275 916 2304 quam

211 2315 245 2340 et
263 2310 312 2340 ed.
328 2309 426 2340 Rom.
450 2309 551 2340 habet
571 2309 726 2340 contione.
749 2315 847 2347 atque
871 2308 919 2337 ita

212 2352 327 2383 edidit.
371 2351 434 2383 Sed
456 2353 638 2383 concionem
664 2351 920 2381 candidatorum

212 2395 259 2426 sic
275 2395 452 2425 memorari
468 2404 535 2425 non
552 2394 669 2433 reperi.
711 2393 845 2433 Conjeci
860 2392 919 2423 ali-

212 2437 344 2476 quando
380 2439 415 2468 in
444 2438 620 2468 ambitione
644 2437 742 2467 eund.
769 2446 844 2466 cum
884 2435 919 2466 in

212 2480 285 2511 foro
315 2479 366 2510 vel
403 2490 519 2521 campo
550 2480 674 2510 Martio
710 2479 918 2509 circumeunt

213 2522 373 2563 populum
405 2522 580 2563 prensandi
608 2532 719 2559 causa,
746 2525 781 2552 et
806 2521 918 2552 candi-

214 2565 293 2596 dato
315 2565 415 2596 alicui
440 2565 512 2595 haec
535 2565 682 2595 conditio
707 2564 916 2604 proponitur.

213 2608 320 2639 Possis
346 2607 447 2638 etiam
473 2609 653 2638 conditione
675 2608 771 2637 caud.
796 2607 918 2646 legere,

214 2651 330 2681 eodem
367 2660 483 2681 sensu:
522 2661 560 2681 ac
590 2649 672 2680 mihi
701 2650 764 2680 hoc
792 2649 919 2690 optime

215 2693 341 2733 placet:
385 2693 499 2723 concio
526 2698 562 2724 et
588 2693 728 2724 conditio
763 2702 848 2734 saepe
884 2692 920 2723 in

215 2734 296 2766 Mss.
313 2735 577 2767 confunduntur.

257 2779 299 2808 24
312 2781 340 2809 si
357 2783 456 2809 ment.
466 2778 630 2818 fecerint,
645 2788 706 2818 quo
722 2778 823 2808 aliter
837 2786 920 2815 ager

211 2820 311 2860 poss.]
349 2821 436 2850 Sunt
460 2821 559 2851 verba
576 2821 662 2860 juris
681 2820 832 2861 jurandi,
860 2824 921 2850 aut

216 2862 309 2901 legis,
324 2872 398 2902 quse
417 2862 500 2894 illud
508 2864 741 2904 juramentum
756 2864 915 2904 jusserat.

960 1838 1081 1868 Sensus
1096 1841 1159 1874 est,
1183 1836 1210 1867 si
1233 1837 1342 1877 legem
1356 1836 1498 1867 tulerint
1520 1835 1560 1867 de
1583 1846 1662 1867 con-

960 1881 1086 1911 ditione
1123 1889 1277 1920 agrorum
1308 1879 1481 1918 mutanda,
1513 1885 1551 1910 ut
1579 1880 1663 1910 sacri

958 1923 1037 1953 sint.

1001 1969 1041 1996 25
1058 1965 1137 1996 Νονι
1151 1966 1306 1996 dubitant
1311 1976 1344 2005 J
1359 1965 1458 1995 ceteri
1468 1977 1478 1994 ι
1501 1965 1664 1996 Lateren-

959 2009 1002 2040 sis
1017 2008 1092 2047 δια]
1118 2009 1170 2039 Sic
1185 2007 1489 2049 interpungendum
1506 2012 1567 2038 est.
1585 2018 1662 2038 nam

959 2052 1058 2081 ceteri
1073 2051 1215 2082 refertur
1236 2051 1276 2081 ad
1298 2051 1523 2081 Laterensem.
1568 2051 1665 2081 Cete-

960 2104 1034 2124 rum
1072 2095 1257 2134 suspicatus
1285 2103 1359 2124 sum
1388 2092 1565 2132 legendum
1595 2103 1664 2124 esse

960 2137 1178 2167 dubitarunt.-
1201 2136 1289 2177 quod
1311 2136 1350 2166 de
1372 2137 1542 2176 praeterito
1555 2145 1665 2167 sermo

960 2189 1028 2210 esse
1044 2179 1183 2210 videtur.

1002 2221 1045 2253 <26
1072 2226 1170 2252 caute
1191 2221 1327 2262 fecisse]
1358 2221 1445 2252 Mihi
1473 2231 1603 2262 semper
1631 2221 1666 2252 ⁴-2

961 2268 1058 2295 caute
1078 2265 1188 2295 minus
1208 2266 1314 2295 visum
1338 2270 1388 2294 est
1410 2274 1508 2303 quam
1532 2274 1592 2304 pro
1616 2274 1663 2296 re.

961 2308 1047 2338 sicut
1070 2313 1104 2337 et
1126 2314 1213 2338 recte
1235 2308 1269 2338 in
1285 2307 1358 2338 edd.
1373 2307 1471 2337 Rom.
1487 2307 1615 2337 Aldinis
1630 2312 1668 2337 et

962 2360 1032 2389 sqq.
1062 2350 1195 2380 restitui
1221 2351 1326 2390 igitur
1355 2349 1524 2389 antiquam
1551 2349 1668 2380 lectio.
1694 2366 1697 2369 ·

963 2403 1037 2423 nem
1056 2394 1146 2423 laute
1168 2393 1191 2424 i.
1208 2403 1236 2424 e.
1261 2393 1449 2432 magnifiee,
1473 2392 1506 2421 in
1530 2401 1594 2431 quo
1616 2397 1669 2423 est

961 2436 1063 2466 etiam
1087 2435 1196 2475 lepida
1217 2435 1335 2467 allusio
1358 2435 1398 2465 ad
1422 2444 1544 2465 nomen
1566 2433 1667 2466 Late-

962 2479 1078 2510 rensis.
1122 2478 1175 2508 Sic
1203 2477 1275 2509 edd.
1302 2478 1394 2509 Jens.
1421 2477 1496 2508 Asc.
1522 2482 1556 2507 et
1582 2478 1667 2509 Mss-

962 2521 1084 2561 plures,
1096 2520 1362 2562 probabatur-que
1371 2519 1578 2560 Malaspinae.
1588 2530 1670 2550 cau-

962 2568 993 2594 te
1007 2574 1046 2594 ex
1061 2574 1129 2593 uno
1145 2562 1208 2594 ΜΞ.
1224 2563 1326 2593 edidit
1340 2563 1458 2594 Bosius
1472 2562 1609 2602 primus.

1005 2608 1044 2638 ‘27
1069 2606 1124 2637 De
1147 2605 1256 2636 Statio
1276 2605 1490 2644 manumisso]
1515 2607 1545 2635 A
1563 2605 1676 2637 fratre>

963 2650 996 2680 in
1013 2649 1102 2680 Asia.
1120 2658 1149 2678 v.
1166 2659 1218 2689 ep.
1233 2658 1301 2687 seq.
1317 2653 1351 2678 et
1366 2649 1406 2679 ad
1420 2648 1461 2689 Ω.
1478 2647 1530 2678 Fr.
1547 2648 1577 2684 1,
1591 2649 1622 2679 ΞΖ.

1006 2694 1046 2723 528
1061 2701 1158 2731 egove
1172 2691 1339 2731 euperem]
1364 2691 1431 2721 Alii
1453 2700 1553 2729 egone
1567 2699 1594 2720 c.
1610 2689 1669 2721 sed

962 2744 1062 2764 nemo
1090 2733 1247 2774 explicat,
1275 2740 1309 2764 et
1336 2733 1413 2772 quid
1440 2733 1473 2762 id
1498 2733 1559 2762 sibi
1585 2732 1667 2763 velit

962 2776 1072 2808 docet.
1116 2776 1169 2808 An
1183 2787 1201 2806 e
1224 2785 1422 2815 magnopere
1441 2775 1567 2804 factum
1590 2775 1664 2804 est?

963 2825 1021 2851 aut
1037 2819 1136 2861 plane
1151 2819 1358 2855 delebimus?
1383 2818 1445 2853 hoc
1460 2817 1637 2857 optimum
