1940 3231
736 120 774 158 L
785 88 853 159 1⁸B
865 122 902 159 E
911 119 953 159 R
992 121 1026 158 1.
1529 127 1608 165 439

153 228 369 270 cuderint.
431 225 678 268 Petitorum
709 226 807 269 haec
838 235 905 268 est
937 225 1081 268 adhuc
1111 222 1348 267 informata
1376 227 1605 284 cogitatio.

153 286 248 327 Nos
272 287 292 317 6
309 286 353 327 ἰη
376 285 494 326 omni
519 298 695 325 munere
723 284 1025 326 candidatorio
1049 282 1272 340 fungendo
1293 296 1507 326 summam
1529 287 1606 329 ad..

149 342 399 385 hibebimus
445 341 744 399 diligentiam:
796 351 839 384 et
870 341 1065 394 fortasse,
1103 339 1310 396 quoniam
1349 341 1521 384 videtur
1557 345 1603 387 in

153 401 370 457 suffragiis
393 400 580 441 multum
607 403 625 434 7
641 414 768 457 posse
791 400 950 452 Gallia,
971 414 1073 442 cum
1105 398 1260 441 Romae
1283 413 1308 439 a
1331 397 1513 454 judiciis
1535 400 1605 443 fop

150 473 245 499 rum
277 458 513 509 refrixerit,
533 471 813 499 excurremus
846 472 993 500 mense
1016 456 1262 514 Septembri
1290 456 1423 513 legati
1447 457 1501 498 ad
1528 457 1603 500 Pi-

151 530 315 567 sonem,
347 526 396 558 ut
425 515 638 558 Januario
668 525 948 558 revertamur.
1009 515 1123 558 Cum
1155 528 1417 571 perspexero
1452 515 1602 558 volun-

151 582 260 614 tates
282 574 510 625 nobilium,
526 573 712 615 scribam
734 574 788 615 ad
812 583 867 615 te.
899 583 1043 616 cetera
1065 587 1189 629 spero
1213 571 1384 629 prolixa
1403 586 1509 624 esse,
1532 574 1600 616 his

147 630 363 673 duntaxat
386 631 561 673 urbanis
583 632 961 688 competitoribus.
1027 631 1150 674 Illam
1175 645 1365 681 manum,
1389 641 1450 682 tu,
1474 631 1598 687 mihi,

147 703 252 731 cura
282 699 330 730 ut
372 698 565 745 praesteS‚
599 690 807 744 quoniam
850 688 1026 745 propius
1059 689 1176 740 abes,
1210 687 1425 745 Pompeii,
1461 691 1599 732 nostri

147 747 290 788 amici.
325 761 438 804 nega
470 761 538 787 me
568 747 606 787 ei
641 748 799 788 iratum
831 746 937 798 fore,
958 747 991 788 si
1016 746 1068 788 ad
1096 759 1191 787 mea
1213 746 1394 787 comitia
1414 761 1502 788 non
1526 762 1598 789 ve-

144 805 271 846 nerit.
331 803 477 861 Atque
509 805 606 846 haec
637 804 885 861 hujusmodi
921 814 1036 845 sunt.
1099 804 1184 845 Sed
1213 814 1293 855 est,
1315 804 1432 860 quod
1454 806 1530 846 abs
1554 817 1597 847 te

143 861 251 903 mihi
278 863 445 919 ignosci
469 862 691 919 pervelim.
754 862 974 914 Caecilius,
997 862 1234 904 avunculus
1256 871 1371 913 tuus,
1394 877 1419 903 a
1443 862 1492 904 P.
1509 863 1596 905 Va·-

141 919 207 961 rio
231 935 330 961 cum
354 919 513 977 magna
536 920 722 976 pecunia
744 920 1030 972 fraudaretur,
1051 934 1180 976 agere
1207 921 1348 976 coepit
1378 934 1477 961 cum
1500 920 1594 976 ejus

141 976 274 1018 fratre
299 977 486 1019 Caninio
520 978 664 1019 Satrio
695 979 748 1019 de
779 979 830 1019 iis
862 979 1004 1030 rebuS,
1045 980 1183 1033 8quas
1216 992 1316 1019 eum
1347 978 1447 1020 dolo
1478 979 1594 1021 malo

142 1036 364 1092 mancipio
396 1036 616 1092 accepisse
647 1035 700 1077 de
732 1036 864 1076 Vario
897 1036 1075 1078 diceret.
1122 1050 1206 1076 una
1240 1037 1431 1092 agebant
1461 1036 1594 1078 ceteri

143 1094 395 1145 creditores,
413 1096 456 1135 in
479 1094 636 1149 quibus
659 1103 749 1134 erat
775 1092 995 1145 Lucullus,
1009 1102 1053 1134 et
1077 1091 1128 1134 P.
1146 1092 1368 1149 Scipio,et
1389 1095 1439 1145 is,
1462 1109 1592 1149 quem

141 1152 355 1207 putabant
393 1152 649 1208 magistrum
690 1150 797 1202 fore,
832 1151 866 1192 si
907 1151 1021 1192 bona
1056 1151 1268 1201 venirent,
1304 1151 1354 1192 L.
1390 1151 1591 1195 Pontius.

139 1213 160 1243 9
185 1224 333 1251 verum
367 1208 450 1250 hoc
482 1209 712 1250 ridiculum
741 1218 822 1260 est,
844 1209 898 1250 de
926 1208 1136 1265 magistro
1163 1223 1279 1249 nunc
1309 1224 1590 1265 cognoscere.

138 1267 312 1323 rogavit
345 1281 414 1308 me
449 1266 669 1317 Caecilius,
700 1276 750 1307 ut
790 1266 983 1308 adessem
1020 1274 1172 1307 contra
1213 1266 1418 1308 Satrium.
1482 1266 1590 1309 Dies

136 1324 225 1366 fere
248 1324 388 1366 nullus
408 1333 486 1375 est,
510 1324 615 1380 quin
637 1325 707 1366 hic
729 1324 896 1366 Satrius
919 1324 1097 1367 domum
1120 1337 1262 1365 meam
1284 1325 1485 1367 ventitet.
1509 1327 1589 1367 ob-

135 1391 276 1424 servat
312 1382 360 1424 L.
394 1381 642 1423 Domitium
677 1383 893 1425 maxime:
935 1396 1004 1424 me
1038 1382 1170 1423 habet
1206 1383 1471 1438 proximum.
1505 1383 1591 1425 fuit

133 1448 178 1480 et
213 1439 322 1481 mihi
355 1448 400 1481 et
431 1440 488 1487 Q.
528 1439 650 1481 fratri
689 1454 847 1497 magno
887 1440 984 1481 usui
1015 1440 1056 1481 in
1094 1439 1253 1481 nostris
1284 1441 1588 1497 petitionibus.

136 1496 250 1539 Sane
273 1513 367 1539 sum
392 1499 681 1554 perturbatus,
705 1513 804 1540 cum
839 1499 973 1555 ipsius
997 1497 1127 1540 Satrii
1160 1496 1471 1552 familiaritate,
1493 1508 1586 1541 tum
1599 1517 1630 1549 p.
1645 1507 1676 1539 2.

136 1554 339 1608 Domitii,
363 1557 407 1597 in
430 1571 517 1612 quo
546 1571 633 1597 uno
663 1558 861 1607 maxime·
886 1554 1070 1597 ambitio
1094 1564 1243 1596 nostra
1263 1556 1433 1598 nititur.
1496 1556 1586 1599 De·
1602 1561 1632 1582 ³·

133 1613 371 1656 monstravi
395 1614 492 1656 haec
517 1613 724 1657 Caecilio:
759 1613 887 1655 simul
908 1625 952 1655 et
975 1613 1078 1655 illud
1098 1613 1284 1665 ostendi,
1308 1614 1342 1655 si
1367 1613 1458 1671 ipse
1478 1629 1589 1657 unus

134 1687 234 1713 cum
257 1671 329 1713 illo
353 1687 440 1713 uno
463 1673 759 1723 contenderet,
785 1687 853 1713 me
874 1672 913 1713 ei
937 1671 1262 1713 satisfacturum
1286 1670 1446 1714 fuisse:
1471 1687 1589 1715 nunc

134 1729 178 1770 in
201 1745 330 1771 causa
358 1731 657 1771 universorum
680 1730 958 1780 creditorum,
974 1730 1204 1771 hominum
1232 1731 1474 1786 praesertim
1496 1744 1591 1772 am-

133 1787 442 1842 plissimorum,
464 1788 538 1844 qui
563 1788 653 1829 sine
676 1802 742 1840 eo,
761 1802 890 1844 quem
915 1787 1121 1830 Caecilius
1143 1801 1221 1828 suo
1244 1788 1421 1830 nomine
1444 1788 1590 1845 perhi-

132 1846 266 1896 beret,
296 1845 423 1888 facile
457 1861 631 1887 causam
667 1860 945 1887 communem
979 1845 1255 1895 sustinerent,
1279 1860 1453 1901 aequum
1479 1860 1609 1898 esse,-

132 1918 231 1945 eum
249 1914 294 1945 et
315 1903 464 1946 officio
479 1918 577 1945 meo
597 1904 835 1955 consulere,
848 1913 892 1945 et
906 1903 1109 1960 tempori.
1124 1902 1272 1944 durius
1291 1904 1489 1960 accipere
1503 1904 1589 1946 hoe

131 1961 239 2003 mihi
265 1963 379 2003 visus
403 1971 482 2014 est,
505 1977 636 2018 quam
659 1961 828 2013 vellem,
847 1971 891 2003 et
912 1975 1042 2018 quam
1075 1960 1273 2002 homines
1296 1961 1397 2002 belli
1421 1961 1588 2014 solent3

131 2029 175 2060 et
202 2030 355 2076 postea
377 2035 551 2077 prorsus
592 2023 630 2050 ¹0
643 2021 698 2061 ab
731 2019 933 2067 instituta
963 2027 1112 2062 nostra
1146 2033 1384 2075 paucorum
1419 2019 1588 2067 dierum

126 2178 340 2219 psisset‚ante
347 2184 380 2210 et
388 2177 563 2210 addidisset
567 2183 755 2220 proetorem.
770 2179 837 2209 De·
881 2183 1005 2220 posset,
1020 2187 1096 2209 eum
1112 2177 1207 2209 nulla
1219 2181 1328 2208 essent
1338 2175 1477 2216 judicia.
1523 2178 1589 2209 Ex-

128 2220 228 2260 nique
243 2222 380 2252 verbum
393 2222 553 2253 accudere
573 2232 633 2263 pro
656 2222 786 2259 addere,
802 2226 837 2252 et
881 2222 992 2263 empla
1007 2221 1105 2262 hujus
1117 2221 1246 2261 generis
1255 2220 1447 2251 ambitionis
1463 2220 1498 2252 in
1507 2220 1589 2252 Gal-

125 2264 236 2304 ipsum
252 2274 311 2305 per
334 2264 444 2295 lusum
467 2265 600 2302 dicitur,
618 2275 656 2295 ex
680 2264 738 2294 illo
752 2265 836 2295 {rito
878 2264 925 2295 lia
939 2272 973 2296 et
990 2264 1055 2296 alia
1075 2268 1269 2300 occurrunt,
1284 2272 1358 2302 quae
1373 2262 1415 2293 ad
1437 2262 1472 2294 h.
1489 2262 1512 2295 l.
1528 2264 1584 2295 ad-

125 2307 261 2337 cuditur
263 2305 364 2347 fizba.
377 2312 479 2338 restat
493 2307 669 2338 difficultas
680 2307 713 2337 in
727 2307 833 2344 liberi,
877 2308 942 2338 fert
956 2307 1137 2338 Victorius.
1183 2306 1330 2346 Legatus
1346 2310 1461 2336 autem
1475 2306 1585 2338 iturus

126 2359 188 2389 pro
201 2360 266 2389 quo
287 2350 367 2381 Mss.
390 2350 524 2390 quidam
547 2357 582 2381 et
603 2349 679 2381 edd.
702 2360 751 2391 pr.
773 2349 833 2381 ha·
876 2358 949 2381 erat
963 2350 1131 2390 legatione
1145 2348 1264 2380 libera.

125 2391 208 2422 bent
224 2393 380 2423 libenter:
396 2392 453 2423 sed
467 2392 499 2423 id
515 2398 566 2424 est
574 2395 648 2434 jam
665 2394 700 2424 in
710 2391 833 2433 facile.
920 2395 938 2423 8
977 2402 1060 2432 quas
1087 2402 1164 2423 eum
1188 2392 1259 2422 dolo
1287 2392 1586 2432 malo—accepisse

125 2433 240 2474 itaque
269 2435 458 2466 deleverim.
485 2435 560 2467 aliae
585 2445 700 2467 omnes
721 2437 832 2476 conje-
878 2435 953 2475 &c.]
979 2435 1110 2476 Nempe
1133 2445 1191 2475 per
1207 2433 1435 2465 venditionem
1458 2434 1584 2466 factam

124 2481 229 2508 cturae
243 2484 325 2509 sunt
340 2483 517 2511 contortae.
557 2479 650 2511 Libri
663 2482 789 2510 veteres
802 2482 837 2509 et

123 2528 188 2551 scr.
208 2524 244 2551 et
265 2520 337 2552 edd.
362 2521 455 2553 valde
479 2521 610 2554 variant
631 2524 667 2553 et
687 2520 837 2561 corrupti

127 2566 246 2636 sugti'n
259 2615 287 2637 o.
305 2615 349 2638 m.
362 2605 604 2646 candidatorio]
629 2606 709 2637 Non
733 2605 831 2637 eredo

123 2646 189 2678 hoc
204 2648 340 2679 verbum
363 2659 432 2680 esse
447 2649 630 2687 Ciceronis,
647 2651 710 2681 etsi
733 2649 768 2679 in
791 2649 831 2679 li-

126 2689 192 2721 bris
227 2692 383 2723 omnibus
413 2696 483 2724 est:
518 2692 754 2733 corrigendum
779 2696 831 2723 est

125 2734 394 2766 candidatorum.

166 2778 185 2809 7
203 2786 296 2816 posse
317 2778 446 2818 Gallia]
472 2778 496 2810 i.
520 2778 702 2819 Cisalpina,
716 2779 831 2819 inqua

124 2817 243 2849 multae
257 2819 398 2851 coloniae
413 2826 449 2852 et
464 2822 659 2862 municipia,
676 2822 829 2861 civesque

123 2859 206 2891 adeo
231 2861 389 2901 Romani,
418 2873 500 2903 quos
528 2864 590 2895 sibi
617 2865 653 2895 in
681 2865 829 2896 transitu

875 2478 912 2508 in
934 2477 1084 2510 fraudem
1105 2477 1322 2511 creditorum.
1367 2477 1499 2508 Graevio
1514 2486 1584 2508 non

875 2521 1029 2562 displicet
1057 2521 1157 2551 lectio
1182 2519 1257 2551 libri
1282 2521 1402 2550 veteris
1424 2520 1583 2557 dicerent,

876 2573 922 2595 sc.
938 2563 1101 2595 homines.
1127 2562 1184 2594 sed
1195 2562 1332 2601 vulgata
1347 2561 1465 2596 melior
1479 2568 1514 2594 et
1528 2573 1584 2594 exv

875 2606 1039 2646 quisitior.
1084 2605 1147 2638 Ed.
1165 2606 1266 2637 Rom.
1282 2605 1420 2636 dicebat.

917 2654 939 2684 9
959 2658 1077 2681 verum
1099 2650 1157 2681 Iwc
1178 2648 1361 2679 ridiculum
1374 2647 1435 2688 est]
1454 2649 1512 2678 hoc
1524 2647 1584 2678 fri-

875 2696 944 2732 get.
966 2691 1047 2723 alibi
1072 2693 1109 2723 in
1135 2690 1234 2722 simili
1264 2690 1373 2721 forma
1395 2690 1581 2727 omittitur,

873 2739 913 2765 ut
928 2740 1004 2776 post
1019 2734 1067 2772 11,
1088 2737 1139 2766 15.
1161 2742 1279 2773 verum
1292 2737 1342 2764 est
1355 2734 1509 2770 stultum,
1529 2741 1583 2763 me

870 2778 1049 2818 proecipere
1063 2778 1123 2809 &c-

921 2823 958 2852 10
969 2821 1010 2851 ab
1024 2821 1179 2851 instituta
1192 2822 1307 2850 nostra
1318 2824 1505 2858 paucorum
1514 2816 1582 2847 die-

873 2872 952 2893 rum
974 2861 1219 2901 consuetudine]
1240 2869 1430 2902 paucorum
1451 2859 1582 2898 dierum

124 2901 332 2947 conciliaret,
345 2907 503 2947 quoniam
509 2907 584 2949 ,iam
600 2916 620 2939 a
634 2906 706 2939 foro
719 2907 833 2942 abesse
876 2905 959 2937 mihi
974 2905 1117 2947 glossam
1135 2905 1233 2953 sapit?

799 2948 913 2993 Ff4
