1940 3231
718 116 928 160 LIBER
965 116 1076 157 XVI.
1555 120 1632 156 859

473 283 558 339 Μ.
592 281 877 338 TULLII
919 275 1350 335 CICERONIS

373 398 1432 508 EPISTOLARUM

884 528 938 555 AD

660 608 706 655 A
741 608 785 654 T
816 607 859 654 T
888 607 911 653 I
942 605 983 653 C
1014 605 1063 653 U
1096 606 1172 662 M,

743 720 931 764 LIBER
965 719 1097 763 XVI.

713 919 1120 958 ARGUMENTUM.

198 985 302 1024 Male
327 985 459 1036 affecta
477 996 719 1033 oppressaque
736 986 885 1021 civitate
904 986 1016 1020 armis
1035 985 1201 1026 Antonii,
1221 985 1344 1032 reique
1360 984 1513 1032 publicae
1529 986 1648 1023 salute

253 1040 457 1087 desperata,
478 1039 574 1086 quod
602 1038 720 1074 adhuc
749 1038 786 1074 C.
809 1037 948 1073 Ccesare
975 1039 1114 1072 vivente
1142 1038 1378 1084 cogitaverat,
1398 1039 1469 1074 iter
1486 1039 1524 1074 in
1548 1039 1649 1075 Grae-

252 1093 347 1128 ciam
369 1092 492 1127 Cicero
511 1095 563 1126 est
581 1092 774 1137 ingressus,
795 1102 834 1125 re
853 1095 974 1126 tamen
999 1091 1103 1137 prius
1132 1089 1226 1125 lente
1254 1090 1468 1132 deliberata,
1489 1093 1586 1139 quod
1613 1097 1650 1128 et

246 1143 393 1194 futuris
421 1144 465 1179 de
490 1155 527 1178 se
546 1142 729 1179 bominum
746 1143 967 1178 sermonibus
985 1146 1197 1184 moveretur,
1217 1146 1252 1178 et
1270 1154 1364 1190 <egre
1381 1156 1404 1178 a
1421 1145 1495 1179 suis
1511 1145 1652 1181 villulis

256 1197 443 1243 Italiaque
475 1196 701 1231 avelleretur.
757 1195 858 1243 Ergo
892 1195 1063 1231 Puteolos
1093 1197 1255 1243 primum
1287 1207 1509 1243 progressus,
1542 1198 1652 1244 inque

256 1249 391 1285 Neside
419 1248 576 1284 Brutum
605 1248 797 1290 allocutus,
818 1248 964 1284 classem
993 1260 1066 1283 una
1095 1259 1173 1283 cum
1203 1247 1325 1284 Cassio
1351 1253 1557 1296 parantem,
1579 1262 1653 1297 qua

254 1301 318 1337 ille
352 1302 391 1337 in
426 1301 696 1343 Macedoniam,
729 1300 787 1336 liic
814 1302 852 1336 in
888 1300 1035 1348 Syriam
1067 1303 1306 1349 navigarent:
1336 1301 1516 1337 Kalendis
1550 1301 1651 1339 Sext.

255 1353 398 1401 Rhegio
417 1354 652 1389 conscendens
667 1368 679 1393 ;
708 1354 806 1388 venit
825 1353 1036 1400 Syracusas.
1056 1355 1151 1389 unde
1176 1366 1257 1390 eum
1280 1356 1527 1390 transmittere
1543 1355 1652 1391 vellet

255 1408 294 1442 in
327 1407 519 1448 Groeciam,
545 1406 667 1453 bisque
694 1406 743 1441 ad
770 1405 1046 1454 Leucopetram,
1067 1407 1163 1453 quod
1190 1411 1242 1442 est
1270 1408 1351 1454 agri
1379 1406 1540 1454 Rlzegini
1567 1419 1654 1455 pro-

256 1461 491 1500 montorium,
520 1461 658 1494 Austro
691 1456 844 1504 rejectus
873 1464 975 1501 esset,
1002 1458 1243 1509 profectionis
1272 1460 1463 1495 consilium
1494 1458 1650 1506 abjecit.-

258 1523 370 1560 eoque
388 1514 516 1560 magis,
537 1512 634 1559 quod
652 1512 734 1547 boni
752 1512 902 1559 quidam
928 1513 1050 1547 nuntii
1077 1523 1117 1546 eo
1146 1511 1265 1548 Roma
1292 1517 1475 1553 venerunt,
1496 1511 1586 1561 fore
1612 1517 1655 1549 ut

261 1565 443 1602 Antonius
471 1569 561 1600 esset
588 1565 626 1599 in
653 1568 833 1611 potestate
861 1564 1029 1605 Senatus,
1051 1563 1243 1601 Senatores
1271 1565 1309 1600 in
1336 1565 1460 1600 urbem
1479 1567 1652 1608 redirent,

259 1628 316 1654 res
344 1618 559 1653 conveniret.
612 1616 697 1652 Hac
721 1618 835 1664 igitur
851 1629 913 1665 spe
931 1621 1128 1653 commotus
1147 1617 1301 1653 Romam
1321 1618 1444 1660 rediit,
1463 1618 1656 1666 urbemque

261 1671 440 1717 ingressus
468 1673 520 1705 est
548 1668 727 1705 Kalendis
756 1669 986 1717 Septembris.
1015 1673 1051 1705 et
1080 1681 1150 1705 1111
1180 1670 1276 1706 Non.
1306 1669 1372 1706 hoc
1400 1675 1450 1706 est
1478 1672 1656 1718 postridie

261 1722 462 1764 Kalendas,
481 1726 522 1757 ut
548 1722 720 1758 scribitur
746 1722 886 1770 Philip.
911 1721 949 1759 V.
968 1735 1046 1758 eam
1076 1723 1171 1758 dixit
1198 1724 1412 1764 orationem,
1434 1735 1513 1772 quae
1539 1728 1592 1759 est
1619 1725 1658 1758 in

265 1775 467 1811 Antonium
483 1776 618 1823 prima.
673 1775 756 1810 Fuit
775 1776 903 1811 deinde
919 1777 1057 1823 partim
1078 1774 1214 1817 Romae,
1232 1777 1372 1823 partim
1402 1777 1438 1812 in
1464 1777 1538 1811 suis
1562 1788 1659 1824 prae-

265 1829 364 1864 diis.-
395 1839 473 1875 quce
508 1829 630 1862 omnia
665 1832 990 1864 commemorantur
1015 1839 1076 1863 sex
1106 1829 1236 1876 primis
1263 1829 1437 1876 epistolis.
1493 1827 1660 1876 Reliqace

263 1881 410 1928 scriptoe
426 1884 510 1915 sunt
531 1881 676 1915 incertis
695 1881 840 1928 quidem
860 1881 982 1917 diebus
1000 1892 1134 1928 magna
1161 1892 1203 1916 ex
1227 1886 1335 1929 parte
1349 1897 1362 1916 .·
1391 1892 1510 1916 omnes
1539 1886 1661 1917 tamen

266 1937 352 1969 ante
369 1932 456 1969 Kal.
476 1932 564 1969 Jan.
583 1944 653 1980 quo
674 1937 749 1968 toto
770 1937 928 1981 tempore
947 1934 1021 1969 liaec
1036 1937 1139 1981 gesta
1157 1932 1278 1982 fuisse
1305 1934 1514 1970 traduntur.
1572 1933 1662 1970 Cum

267 1985 322 2022 M.
355 1986 538 2021 Antonius
573 1990 608 2021 et
641 1986 863 2022 Octavianus
894 1987 1045 2022 occultis
1071 1987 1197 2034 potius
1227 1987 1321 2022 odiis
1348 1988 1443 2022 inter
1473 1998 1523 2029 se,
1553 1998 1664 2035 quam

267 2042 398 2087 aperta
415 2039 451 2073 vi
469 2042 661 2078 certarent,
683 2039 847 2086 alterque
866 2040 1022 2075 alterum
1041 2039 1183 2074 insidiis
1198 2043 1414 2087 praevertere
1441 2044 1634 2075 conaretur
1648 2054 1663 2076 .-

267 2091 452 2128 Antonius
470 2094 555 2126 ante
574 2092 668 2126 diem
688 2103 749 2126 vn
771 2091 826 2128 Id.
841 2092 919 2128 Oct.
936 2092 1173 2128 Brundisium
1191 2093 1302 2135 venit,
1318 2091 1506 2142 profectus
1522 2093 1666 2129 obviam

271 2143 471 2192 legionibus
499 2142 748 2180 Macedonicis
776 2149 943 2192 quatuor,
974 2149 1015 2180 ut
1042 2156 1102 2181 eas
1131 2145 1201 2180 sibi
1234 2146 1390 2193 pecunia
1424 2146 1664 2182 conciliaret:

269 2208 360 2245 quas
379 2200 512 2237 tamen,
533 2198 630 2244 quod
647 2198 796 2244 quidam
815 2197 859 2233 ab
889 2198 1089 2233 Octaviano
1107 2199 1284 2245 praemissi
1310 2198 1426 2234 multo
1450 2199 1535 2246 plus
1562 2198 1666 2234 obtu-

273 2250 405 2291 lerant,
434 2249 620 2284 attrahere
647 2250 696 2285 ad
721 2261 759 2285 se
785 2261 857 2286 non
879 2252 1017 2299 potuit.
1073 2250 1204 2298 Itaque
1231 2254 1268 2286 et
1290 2250 1437 2287 Martia
1454 2255 1489 2286 et
1507 2251 1668 2287 Decima

271 2302 378 2338 illum
401 2305 530 2349 postea
559 2303 802 2342 deseruerunt,
823 2304 926 2339 etad
946 2303 1185 2339 Octavianum
1210 2304 1460 2340 transierunt:
1490 2305 1553 2352 qui
1579 2305 1667 2339 item

275 2354 497 2390 Octavianus
524 2365 564 2389 eo
594 2355 670 2402 ipso
700 2359 870 2404 tempore,
891 2368 961 2404 quo
979 2357 1164 2392 Antonius
1191 2355 1384 2393 Brundisii
1398 2355 1496 2405 fuit,
1526 2357 1602 2404 ipse
1629 2357 1670 2392 in

276 2407 518 2455 Campaniam
541 2418 708 2454 pergens,
728 2420 901 2457 magnum
927 2413 1179 2445 veteranorum
1205 2421 1406 2451 numerum,
1426 2410 1567 2457 ingenti
1593 2420 1668 2457 spe,

275 2461 485 2508 ingentique
507 2461 666 2507 pecunia
693 2462 799 2509 cepit.
827 2463 1002 2498 nimirum
1036 2463 1209 2504 denariis,
1237 2466 1279 2497 ut
1311 2461 1434 2498 Cicero
1463 2463 1532 2505 ait,
1562 2473 1670 2498 cccc.

278 2512 394 2560 quue
420 2513 570 2548 initium
586 2511 671 2561 fuit
699 2525 884 2550 armorum
904 2516 1000 2550 inter
1026 2516 1135 2563 ipsos,
1155 2526 1236 2550 cum
1263 2518 1373 2550 antea
1397 2526 1513 2563 neque
1539 2514 1674 2551 bellum

275 2569 454 2613 gererent,
473 2577 588 2612 neque
600 2577 730 2614 pacem
748 2566 931 2603 baberent.
972 2567 1023 2603 Et
1041 2567 1108 2603 hoc
1125 2571 1264 2615 tempus
1281 2567 1377 2604 illud
1393 2566 1491 2616 fuit,
1510 2579 1592 2604 cum
1612 2567 1673 2603 Ci-

279 2629 359 2653 cero
377 2618 422 2654 ab
442 2617 654 2660 Octaviano,
674 2631 740 2667 per
756 2621 909 2667 speciem
927 2621 1151 2668 capessendae
1169 2619 1275 2669 Reip.
1293 2621 1333 2656 in
1350 2621 1554 2657 Antonium
1570 2620 1674 2656 solli·

281 2671 416 2705 citatus
434 2675 486 2706 est
499 2684 513 2710 ;
542 2671 638 2707 nihil
654 2683 703 2713 se,
722 2673 794 2708 nisi
814 2673 858 2708 cle
876 2673 976 2708 illius
998 2673 1160 2715 consilio,
1180 2684 1243 2708 nec
1260 2674 1333 2709 nisi
1346 2684 1414 2721 per
1429 2677 1595 2710 senatum
1603 2670 1674 2722 fa-

278 2727 432 2762 clarum,
452 2723 656 2771 pollicente.
690 2724 846 2773 Scriptce
863 2730 949 2761 sunt
967 2737 1099 2769 omnes,
1119 2726 1282 2762 Antonio
1300 2730 1336 2762 et
1355 2726 1556 2762 Dolabella
1577 2725 1674 2762 Coss.

280 2786 323 2811 ex
351 2787 385 2812 a.
410 2776 443 2812 d.
464 2787 538 2812 V11.
558 2776 614 2814 Id.
643 2777 768 2820 Quint.
789 2779 839 2814 ad
866 2778 992 2814 Nonas
1019 2780 1166 2815 circiter
1193 2779 1417 2815 Decembris.
1470 2778 1594 2826 Atque
1621 2777 1678 2814 his

280 2827 428 2876 quidem
453 2829 572 2866 multa
597 2831 676 2868 alia
703 2832 947 2876 continentur,
974 2833 1036 2869 sed
1064 2832 1120 2868 vel
1145 2831 1355 2874 domestica,
1383 2831 1440 2868 vel
1466 2831 1536 2868 huc
1558 2831 1676 2880 pertiv

283 2881 421 2918 nentia.
