1940 3231
715 123 926 163 LIBER
962 123 1029 162 1v.
1524 131 1600 167 539

155 233 259 290 quid
282 240 428 291 agant,
451 231 554 288 quid
577 228 788 285 cogitent.
850 228 944 270 Nos
973 227 1043 268 hic
1067 241 1166 267 cum
1192 225 1403 283 Pompeio
1426 230 1600 274 fuimus.

154 291 291 333 multa
314 305 480 332 mecum
502 290 555 330 de
577 285 811 341 republica,
831 299 932 326 sane
953 285 1035 325 sibi
1058 284 1304 340 displicenS,
1326 295 1375 325 ut
1396 286 1600 342 loqueba-

157 359 240 400 tur,
262 348 343 402 (sic
371 357 434 388 est
463 345 578 386 enim
610 344 653 383 in
685 342 768 383 hoc
791 342 968 383 homine
990 342 1258 392 dicendum‚)
1291 342 1459 397 Syriam
1484 359 1601 400 sper-

151 420 276 457 nens,
307 404 566 460 Hispaniam
589 400 789 455 jactans:
837 400 907 441 hic
939 413 1128 455 quoque,
1159 409 1206 440 ut
1236 399 1519 454 loquebatur;
1558 413 1601 443 et

155 464 325 519 opinor,
358 472 662 516 usquequaque
693 458 746 499 de
778 457 862 498 hoc
892 472 991 498 cum
1023 458 1232 508 dicemus,
1264 457 1320 497 sit
1351 457 1435 498 hoc
1464 460 1601 513 quasi,

146 522 213 557 »καὶ
231 519 302 557 τόδε
321 517 514 557 manumve.
539 516 617 557 tibi
637 516 768 556 etiam
788 514 948 571 gratias
964 515 1138 571 agebat,
1157 514 1274 570 quod
1293 516 1331 545 83
1346 515 1470 570 signa
1485 531 1604 556 com-

156 572 356 630 ponenda
388 574 672 629 suscepisses:
706 573 749 613 in
781 587 859 613 nos
894 586 994 612 vero
1023 572 1276 613 suavissime
1300 571 1472 613 hercule
1495 572 1603 614 effu-

157 645 241 670 sus.
268 629 382 669 venit
406 629 537 671 etiam
560 630 613 672 ad
638 645 706 671 me
730 630 773 671 in
799 629 1044 671 Cumanum
1069 644 1093 670 a
1116 644 1173 669 se.
1198 629 1307 670 nihil
1329 630 1470 670 minus
1496 631 1603 672 velle

155 686 262 727 mihi
294 687 408 728 visus
430 699 508 738 est,
529 703 657 744 quam
684 687 919 728 Messalam
944 686 1215 727 consulatum
1241 696 1410 743 petere:
1442 687 1496 728 de
1516 703 1603 744 quo

154 743 249 800 ipso
273 742 307 784 si
329 743 433 799 quid
466 746 564 796 scis,
588 745 715 786 velim
743 745 866 786 scire.
920 744 1051 791 Quod
1076 744 1264 785 Lucceio
1288 744 1440 785 scribis
1463 753 1505 787 te
1529 761 1606 787 no-

155 810 284 842 stram
309 802 494 858 gloriam
513 802 935 853 commendaturum,
957 811 1000 842 et
1022 801 1255 843 aedificium
1274 812 1470 844 nostrum
1488 803 1606 859 quod

155 859 307 899 crebro
340 858 516 913 invisis;
548 864 588 894 89
601 870 790 917 gratum.
851 859 1043 905 Quintus
1076 858 1206 900 frater
1237 859 1290 900 ad
1324 874 1392 900 me
1419 861 1607 917 scripsit,

154 930 214 966 se,
236 916 442 971 quoniam
469 917 728 959 Ciceronem
759 917 1061 958 suavissimum
1094 931 1239 957 secum
1272 917 1466 969 haberet,
1488 919 1541 960 ad
1565 927 1607 959 te

155 972 297 1015 Nonis
336 973 447 1016 Mai.
485 984 730 1016 venturum.
794 973 889 1029 Ego
921 988 990 1014 me
1026 974 1080 1014 de
1112 973 1311 1015 Cumano
1351 976 1468 1016 movi
1507 985 1607 1017 aute

154 1031 269 1072 diem
293 1046 319 1071 v
343 1031 441 1073 Kal.
468 1032 627 1074 Maias.
649 1048 700 1074 eo
723 1031 793 1072 die
817 1031 1003 1087 Neapoli
1025 1034 1067 1065 90
1080 1031 1194 1087 apud
1221 1031 1270 1072 L.
1294 1031 1482 1084 Paetum,
1507 1044 1607 1074 ante

155 1088 270 1129 diem
297 1104 361 1130 ιν.
389 1089 487 1132 Kal.
512 1090 672 1142 Maias,
695 1089 787 1130 iens
810 1089 854 1130 in
878 1088 1212 1145 Pompeianum,
1238 1090 1344 1130 bene
1367 1104 1492 1132 mane
1512 1091 1608 1133 haec

155 1161 323 1202 scr1p51.

593 1219 830 1262 CICERO
860 1217 1093 1260 ATTICO
1125 1219 1170 1261 S.
1624 1240 1674 1275 10

159 1276 471 1331 PUTEOLIS
494 1303 679 1346 magnus
701 1297 766 1330 est
788 1301 949 1339 rumor,
971 1286 1259 1329 Ptolemaeum
1281 1302 1373 1329 esse
1391 1288 1435 1330 in
1455 1304 1604 1346 regno.
1619 1309 1650 1338 b,

159 1346 204 1386 Si
227 1347 328 1402 quid
361 1347 495 1388 habes
525 1347 700 1398 certius,
723 1345 850 1387 velim
874 1345 998 1386 scire.
1059 1344 1155 1401 Ego
1180 1346 1250 1386 hic
1273 1361 1426 1402 pascor
1450 1348 1607 1389 biblio-

160 1403 286 1446 theca
317 1404 480 1447 Fausti.
518 1405 700 1446 fortasse
738 1413 782 1445 tu
816 1403 1014 1460 putabaS,
1037 1401 1104 1443 his
1139 1403 1264 1444 rebus
1289 1404 1541 1447 Puteolanis
1563 1418 1608 1446 et

160 1460 513 1504 Lucrinensibus.
537 1476 590 1502 ne
610 1463 691 1503 ista
713 1461 888 1518 quidem
908 1460 1077 1501 desunt.
1099 1460 1171 1502 sed
1187 1461 1432 1504 mehercule
1451 1478 1475 1504 a
1493 1473 1609 1504 cete-

157 1519 213 1559 ris
236 1518 601 1561 oblectationibus
623 1523 661 1554 9ι
676 1529 723 1560 ut
739 1520 911 1561 deseror
927 1527 970 1559 et
985 1517 1280 1574 voluptatibus
1305 1530 1481 1576 propter
1499 1535 1610 1562 rem-

159 1576 404 1632 publicam,
437 1578 499 1619 sic
530 1576 684 1619 litteris
713 1586 931 1618 sustentor
962 1584 1006 1616 et
1027 1588 1218 1617 recreor:
1252 1577 1451 1634 maloque
1474 1578 1516 1620 in
1537 1578 1609 1620 illa

159 1643 233 1674 tua
255 1634 467 1687 sedecula,
497 1649 626 1690 quam
663 1635 794 1676 habes
829 1634 909 1675 sub
946 1633 1138 1689 imagine
1159 1632 1424 1687 Aristotelis,
1447 1636 1608 1687 sedere,

157 1706 287 1747 quam
312 1692 354 1733 in
378 1692 559 1734 istorum
584 1692 686 1733 sella
706 1692 870 1744 curuli3
902 1701 1134 1746 tecumque
1163 1691 1277 1747 apud
1309 1701 1351 1733 te
1373 1694 1608 1745 ambulare,

157 1763 288 1804 quam
315 1765 413 1791 cum
437 1765 503 1801 eo,
525 1752 566 1784 9⁶2
580 1765 769 1806 quocum
793 1750 919 1792 video
946 1762 1039 1789 esse
1060 1748 1385 1792 ambulandum.
1449 1751 1532 1793 Sed
1555 1752 1609 1793 de

157 1806 230 1848 illa
250 1808 546 1849 ambulatione
569 1809 656 1849 fors
681 1808 851 1858 viderit,
873 1814 948 1848 aut
978 1806 1013 1846 si
1040 1805 1114 1861 qui
1145 1815 1224 1857 est,
1247 1808 1321 1863 qui
1344 1817 1465 1851 curet
1487 1809 1607 1850 deus.

158 1864 365 1906 Nostram
388 1865 744 1916 ambulationem,
775 1876 819 1906 et
853 1863 1135 1914 Laconicum,
1157 1878 1308 1920 eaque,
1337 1881 1435 1922 quae
1465 1866 1609 1922 Cyrea

159 1922 259 1973 sint,
283 1923 427 1974 velim,
450 1924 565 1978 quod
589 1924 764 1979 poteris,
785 1923 969 1973 invisa33
1000 1929 1045 1962 et
1065 1924 1105 1956 93
1120 1935 1272 1978 urgeas
1303 1922 1607 1975 Philotimum,

158 1980 228 2033 [ut
262 1982 507 2036 properet];
542 1991 588 2022 ut
623 1981 785 2037 possim
808 1980 889 2022 tibi
912 1978 1074 2034 aliquid
1098 1978 1139 2019 in
1169 1993 1220 2019 eo
1250 1995 1407 2036 genere
1430 1997 1609 2038 respon-

157 2037 274 2078 dere.
339 2038 572 2094 Pompeius
608 2039 652 2080 in
690 2038 938 2080 Cumanum
974 2035 1189 2077 Parilibus
1225 2039 1367 2081 venit:
1403 2040 1521 2080 misit
1554 2039 1608 2081 ad

159 2109 229 2135 me
251 2095 501 2151 statim,qui
521 2095 703 2138 salutem
725 2097 960 2138 nuntiaret.
977 2094 1032 2135 ad
1051 2108 1148 2135 eum
1164 2097 1372 2151 postridie
1390 2112 1516 2139 mane
1537 2113 1609 2139 va-

158 2151 332 2204 debam,
351 2168 450 2195 cum
475 2153 569 2195 haec
589 2154 756 2210 scripsi,

202 2302 242 2331 88
265 2300 365 2339 signa
387 2300 622 2341 componenda]
661 2301 797 2331 Statuas
826 2300 863 2330 in
906 2301 947 2332 ab
962 2302 1083 2332 ultima
1098 2302 1313 2343 praecedentis
1337 2302 1425 2332 verbi
1442 2302 1609 2333 absorberi

158 2341 292 2373 theatro
318 2344 388 2382 ejus
414 2343 613 2374 ordinandas
638 2349 715 2384 apte
734 2343 775 2374 ad
790 2343 863 2384 pul·
903 2344 1001 2375 facile
1023 2346 1148 2385 potuit,
1171 2344 1258 2384 quod
1280 2354 1394 2375 omnes
1415 2345 1483 2375 fere
1506 2354 1609 2385 agno-

159 2384 383 2416 chritudinem
400 2385 584 2426 adspectus.
906 2394 1004 2418 scunt
1019 2387 1189 2425 excidisse,
1203 2388 1246 2417 ob
1259 2397 1398 2426 sequens
1412 2388 1469 2417 sic.

202 2430 244 2462 89
263 2428 418 2468 gratum]
446 2428 536 2459 Alibi
565 2429 702 2459 memini
733 2439 863 2469 semper

160 2470 355 2501 Ciceronem
379 2471 413 2500 in
437 2471 501 2501 hoc
515 2476 736 2511 consequente
755 2472 862 2502 dicere

153 2517 207 2543 est
233 2517 386 2551 grauun.
416 2514 507 2553 quid,
537 2515 561 2544 si
593 2519 639 2544 est
669 2515 862 2554 absorptum

158 2564 228 2586 esse
255 2559 410 2595 putemus
435 2566 493 2597 per
514 2557 616 2587 finem
636 2557 862 2588 antecedentis

163 2597 278 2628 verbi?

203 2643 246 2674 90
267 2641 359 2680 apud
373 2641 520 2681 Loetum]
546 2642 624 2672 Sine
639 2641 739 2672 dubio
752 2642 864 2682 legen-

143 2681 242 2712 idum
268 2683 311 2714 L.
339 2683 485 2714 Poetum.
529 2685 622 2724 Saepe
645 2685 680 2714 in
703 2685 794 2715 libris
814 2696 863 2716 re-

162 2725 232 2763 peri
254 2725 375 2756 similia
397 2727 489 2758 vitia.
506 2727 562 2757 alii
577 2727 772 2767 simpliciter
788 2727 863 2758 Poe-

161 2769 243 2796 tum.
262 2777 328 2798 nec
344 2768 490 2800 dubitavi
507 2770 553 2800 sic
567 2769 673 2800 edere.
720 2770 750 2800 Is
772 2770 861 2801 Nea-

161 2807 228 2847 poli
245 2808 387 2841 hahebat
400 2811 551 2849 domum,
566 2818 601 2843 et
614 2812 754 2843 omnino
770 2813 861 2844 illam

162 2850 331 2889 regionem
349 2855 494 2885 amabat.

201 2896 238 2928 91
265 2898 302 2925 ut
327 2895 468 2938 deseror]
493 2897 560 2929 Hic
581 2901 618 2928 ut
640 2897 778 2935 inserui,
807 2897 864 2927 ubi

947 2432 990 2464 92
1022 2440 1160 2469 quocum
1188 2441 1220 2463 v.
1251 2439 1316 2460 esse
1349 2428 1607 2471 ambulandum]

905 2471 1034 2512 Nempe
1058 2483 1134 2502 cum
1158 2473 1329 2513 Pompeio,
1345 2473 1371 2502 si
1394 2472 1512 2503 Romae
1532 2473 1609 2508 sim,

905 2515 961 2545 sed
975 2515 1040 2545 alio
1056 2514 1154 2545 modo
1169 2525 1268 2554 quam
1283 2524 1358 2545 cum
1375 2515 1483 2546 amieo
1500 2516 1535 2545 in
1550 2515 1611 2544 vil-

904 2556 948 2592 la,
976 2557 999 2588 i.
1029 2567 1058 2588 e.
1091 2557 1294 2594 assentando,
1324 2556 1532 2597 obsequendo
1548 2559 1610 2589 &m

905 2604 965 2630 aut
980 2599 1081 2630 etiam
1098 2601 1132 2630 in
1147 2600 1326 2639 legatione.

948 2645 990 2677 93
1014 2652 1136 2681 urgeas
1151 2642 1244 2674 Plzz'l.
1259 2647 1298 2673 ut
1305 2646 1470 2682 properet,
1484 2646 1522 2672 ut
1535 2652 1611 2681 pos—

905 2685 968 2715 sim
997 2685 1074 2724 &c.]
1099 2689 1138 2715 ut
1156 2690 1312 2725 properet
1338 2685 1420 2715 mihi
1449 2683 1542 2714 valde
1570 2685 1610 2716 de

905 2727 1016 2767 glossa
1037 2733 1229 2768 suspectum
1247 2735 1316 2758 est:
1342 2737 1420 2758 nam
1436 2733 1486 2756 est
1500 2729 1535 2756 in
1551 2737 1610 2757 ur-

903 2779 997 2808 geas,
1015 2770 1102 2809 quod
1123 2771 1158 2801 in
1174 2770 1233 2801 tali
1261 2780 1294 2801 re
1314 2778 1444 2809 semper
1459 2768 1611 2801 absolute

906 2813 1055 2853 ponitur,
1069 2817 1104 2843 et
1121 2812 1178 2843 illa
1191 2817 1231 2843 ut
1237 2822 1294 2852 pr.
1308 2816 1345 2842 ut
1356 2821 1442 2851 [mss-
1463 2813 1497 2842 in
1513 2817 1611 2843 tanta

906 2854 1027 2884 vicinia
1041 2864 1136 2885 aures
1151 2855 1320 2885 Ciceronis
1335 2853 1428 2884 nullo
1446 2853 1543 2885 modo
1555 2859 1611 2885 tu-

908 2896 1035 2928 lissent.
1052 2905 1112 2928 nec
1127 2897 1274 2928 dubitavi
1291 2896 1384 2926 uncis
1400 2896 1578 2928 includere.
