1940 3231
745 138 952 178 LIBER
990 138 1044 178 X.
1517 147 1598 187 ‘707

388 244 606 288 CAESAR
639 243 772 286 ΙΜΡ.
805 240 1115 285 CICERONI
1147 241 1283 285 ΙΝΙΡ.
1316 244 1360 286 S.

155 299 303 355 ETSI
327 322 367 356 te
390 316 497 357 nihil
529 324 701 362 temere,
723 311 831 352 nihil
862 312 1159 369 imprudenter
1190 312 1407 354 facturum
1424 313 1597 367 judica-

152 385 268 425 ram3
317 382 458 414 tamen
489 380 708 429 permotus
742 369 967 411 hominum
1000 368 1130 422 fama,
1165 370 1438 411 scribendum
1470 373 1523 413 ad
1555 385 1598 415 te

152 406 416 481 existimavi,
448 439 491 471 et
524 443 600 484 pro
635 436 782 468 nostia
813 426 1106 469 benivolentia
1140 428 1390 492 petendum,
1424 443 1477 469 ne
1510 444 1597 484 quo

153 487 484 543 piwogredereiiffi
508 487 548 519 76
566 484 836 550 proclinata
818 499 914 550 Jam
937 499 995 537 re,
1017 499 1151 542 quo„
1139 496 1311 542 integra
1332 486 1478 552 etiam,
1499 502 1598 551 pro-

153 545 435 610 grediendum
479 543 557 583 tibi
601 557 686 584 non
729 543 1039 585 existimasses.
1082 557 1269 599 namque
1309 552 1353 585 et
1390 544 1597 586 amicitiae

152 603 393 657 graviorem
416 600 617 656 injuiiam
641 600 819 653 f·ece1is;
858 611 902 642 et
923 602 1005 642 tibi
1027 615 1169 642 mlnuS
1192 602 1421 643 commode
1442 602 1642 643 consu-b·

151 658 294 709 lucris,
318 659 351 699 si
384 673 469 699 non
494 658 680 700 fortunae
712 658 945 700 obsecutus
969 659 1184 710 videbere,
1206 658 1374 712 (omnia
1396 660 1511 700 enim
1534 675 1599 701 se-

152 716 414 756 cundissima
438 717 578 767 nobis,
601 716 901 757 adversissima
921 715 1004 757 illis
1033 715 1241 757 accidisse
1262 716 1497 769 videntu1·,)
1521 733 1600 760 nec

150 787 322 813 causam
349 783 534 825 secutus,
558 774 726 827 (eadem
749 774 866 815 enim
889 783 981 815 tum
1005 773 1102 825 fuit,
1125 788 1225 815 cum
1247 775 1301 816 ab
1324 788 1472 816 eorum
1496 790 1600 817 con-

151 829 258 871 siliis
282 831 430 873 abesse
454 831 679 887 judicasti,
684 832 700 882 )
723 831 795 872 sed
827 845 970 872 meum
1001 831 1173 887 aliquod
1197 831 1362 873 factum
1396 833 1601 874 condem-

153 888 347 930 navisse:
391 904 477 944 quo
522 890 628 930 mihi
678 889 852 946 gravius
896 890 972 930 abs
1017 899 1060 930 te
1108 889 1167 930 nil
1214 891 1409 931 accidere
1442 900 1601 947 potest.

153 947 269 1000 quod
306 961 358 987 ne
382 946 529 997 facias,
564 961 641 1002 pro
668 948 768 1002 jure
800 958 961 988 nostrae
984 947 1189 988 amicitiae
1214 963 1237 988 a
1261 957 1302 988 te
1337 957 1453 1014 peto.
1515 949 1602 990 Po-

152 1011 328 1056 stremo,
347 1005 449 1059 quid
475 1004 566 1046 viro
600 1005 716 1045 bono
739 1013 783 1044 et
815 1005 978 1059 quieto,
1000 1013 1043 1046 et
1066 1005 1182 1045 bono
1216 1005 1301 1046 civi
1326 1007 1465 1062 mafris
1497 1020 1602 1048 con-

152 1062 287 1111 venit,
327 1077 456 1117 quam
488 1063 637 1103 abesse
671 1078 695 1103 a
728 1061 928 1104 civilibus
962 1062 1299 1104 controveisiis?
1339 1065 1456 1118 quod
1493 1079 1603 1105 non-

151 1117 255 1159 nulli
294 1134 390 1161 cum
428 1120 676 1176 pr·obaient,
699 1119 878 1175 periculi
912 1134 1042 1161 causa
1074 1120 1195 1175 sequi
1231 1135 1315 1160 non
1344 1131 1603 1184 'potuer.unt

154 1186 215 1227 tu,
238 1177 468 1233 explorato
490 1186 534 1218 et
556 1177 657 1218 vitae
690 1191 798 1218 meae
833 1177 1100 1241 testimon-io,
1123 1187 1167 1219 et
1188 1178 1394 1219 amicitiae
1415 1180 1603 1233 judicio,

152 1248 293 1290 neque
315 1236 466 1285 tutius,
489 1248 628 1290 neque
651 1234 873 1275 honestius
908 1235 1094 1291 reperies
1117 1235 1371 1291 quidquam,
1394 1251 1524 1292 quam
1548 1237 1603 1278 ab

151 1293 271 1333 omni
294 1292 576 1334 contentione
597 1292 761 1333 abesse.
787 1306 870 1334 xv.
895 1292 994 1334 Kal.
1019 1292 1132 1335 Mai.
1154 1307 1209 1334 ex
1232 1294 1402 1335 itinere.

326 1410 328 1414 .
587 1382 825 1425 CICERO
855 1382 1087 1425 ATTICO
1120 1383 1165 1426 S.
1616 1402 1647 1444 9

151 1442 500 1499 ADVENTUS
525 1456 832 1511 Philotimi(at
854 1457 978 1523 cujus
1001 1457 1206 1523 hominis,
1222 1473 1350 1514 quam
1375 1458 1540 1511 insulsi,
1563 1469 1608 1501 et

151 1529 283 1570 quam
317 1530 432 1573 saepe
464 1530 542 1572 pro
575 1515 788 1572 Pompeio
823 1516 1120 1568 mentientisl)
1151 1517 1420 1558 exanimavit
1442 1531 1608 1569 omnes,

151 1573 226 1627 qui
249 1587 420 1615 mecum
441 1582 578 1614 ‹ei-,ant
610 1588 711 1614 nam
746 1588 839 1630 lpse
861 1574 1064 1615 obdurui
1128 1573 1375 1616 Dubitabat
1410 1575 1610 1617 nostrum

149 1645 295 1695 nemo,
318 1631 423 1687 quin
447 1630 596 1672 Caesar
628 1631 786 1672 itinera
809 1632 1105 1696 repiessisset:
1138 1632 1283 1674 volare
1305 1632 1490 1675 dicitur:
1525 1633 1608 1674 Pe-

150 1688 282 1730 treius
305 1704 406 1731 cum
438 1687 622 1729 Afranio
658 1688 961 1744 conjunxisset
984 1704 1056 1732 se:
1089 1689 1199 1731 nihil
1229 1688 1353 1730 affert
1376 1690 1609 1746 ejusmodi.

150 1746 256 1802 quid
278 1746 460 1802 quaeris.
455 1749 467 1779 Ρ
505 1747 636 1788 etiam
661 1746 763 1788 illud
788 1756 879 1788 erat
903 1761 1181 1803 per3suasum
1225 1747 1485 1805 Pompeium
1509 1763 1610 1790 cum

151 1805 322 1860 magnis
344 1805 482 1861 copiis
505 1804 587 1845 iter
624 1805 667 1845 in
693 1804 976 1846 Germaniam
998 1819 1074 1861 per
1108 1805 1329 1862 Illyricum
1341 1801 1532 1848 fecisse.
1565 1806 1611 1848 id

152 1863 270 1904 enim
290 1867 477 1908 αὖθεντικως
500 1862 797 1904 nuntiabatur.
860 1862 1061 1904 Melitam
1086 1863 1236 1919 igitur,
1260 1864 1430 1919 opinor,
1461 1878 1611 1920 capes-

153 1933 311 1971 samus,
335 1919 454 1971 dum,
479 1920 616 1975 quid
608 1935 649 1961 in
676 1919 918 1977 Hispania:
951 1921 1068 1976 quod
1093 1920 1268 1977 quidem
1293 1922 1612 1977 piopemodum

151 1978 301 2019 videor
323 1991 378 2018 ex
403 1952 589 2019 C⁷aesaris
610 1977 793 2020 litteris
784 1993 919 2034 ipsms
941 1978 1163 2020 voluntate
1185 1978 1327 2020 facere
1346 1993 1501 2034 posse3
1534 1979 1610 2035 qui

151 2045 286 2093 negat
321 2048 460 2089 neque
492 2035 735 2100 honestius,
756 2051 898 2092 neque
927 2035 1064 2078 tutius
1098 2036 1207 2078 mihi
1230 2036 1467 2092 quidquam
1500 2051 1608 2088 esse,

151 2078 281 2148 quam
305 2092 361 2133 ab
384 2093 504 2134 omni
525 2094 807 2135 contentione
829 2095 994 2136 abesse.
1029 2094 1163 2146 dices,
1187 2094 1262 2135 ubi
1286 2108 1390 2150 er0·o
1414 2103 1512 2135 tuus
1536 2094 1607 2136 ille

152 2150 337 2201 animuS,
360 2164 488 2205 quem
511 2151 725 2207 proximis
747 2151 930 2194 litteris?
962 2152 1098 2203 adest,
1115 2161 1158 2193 et
1180 2152 1292 2193 idem
1317 2161 1396 2193 est.
1429 2152 1502 2193 sed
1522 2153 1649 2207 uti-p
1672 2166 1746 2200 163..

144 2211 253 2249 'iiam
287 2222 384 2249 meo
420 2207 558 2249 solum
594 2208 738 2265 capite
773 2209 1073 2251 decernerem!
1107 2209 1297 2251 lacrimae
1319 2224 1514 2251 meorum
1538 2220 1649 2251 mea·

154 2265 371 2308 interdum
406 2265 623 2317 molliunt,
657 2267 944 2323 precantium,
970 2277 1017 2309 ut
1047 2267 1100 2308 de
1124 2265 1352 2323 Hispaniis
1383 2278 1610 2324 exspecte-

153 2337 265 2365 mus.
328 2322 396 2364 M.
422 2323 555 2365 Coelii
579 2324 754 2379 quidem
787 2324 1033 2381 epistolam,
1056 2325 1262 2381 scriptam
1292 2325 1611 2376 miserabiliter,

152 2395 252 2423 cum
290 2380 376 2422 hoc
414 2381 529 2422 idem
573 2382 833 2434 obsecraret,
875 2392 924 2424 ut
966 2392 1284 2439 exspectarem,
1318 2397 1372 2424 ne
1415 2383 1612 2425 fortunas

152 2454 286 2490 meas,
309 2453 362 2479 ne
385 2439 558 2480 unicam
582 2438 730 2490 filiam,
753 2455 806 2481 ne
840 2455 959 2482 meos
983 2454 1132 2482 omnes
1158 2449 1245 2480 tam
1275 2449 1436 2482 temere
1457 2442 1614 2506 prode-

153 2511 260 2548 r,em
282 2511 370 2537 non
394 2497 486 2537 sine
509 2511 670 2553 magno
694 2498 797 2539 fletu
821 2497 1022 2555 legerunt
1043 2497 1163 2553 pueri
1188 2498 1350 2540 nostri:
1388 2499 1468 2540 etsi
1491 2514 1613 2541 meus

155 2554 331 2609 quidem
354 2564 419 2595 est
441 2554 611 2620 foitior,
628 2569 766 2610 eoque
789 2556 884 2611 ipso
908 2555 1207 2597 vehementius
1229 2566 1507 2599 commovet.
1533 2572 1613 2599 neo

154 2611 408 2666 quidquam,
443 2612 523 2653 nisi
560 2612 613 2653 de
651 2613 921 2669 dignatione,
960 2612 1145 2654 laborat.
1209 2612 1412 2656 Melitam
1449 2615 1611 2670 igitur;

157 2669 328 2721 deinde,
362 2684 448 2725 quo
481 2670 713 2712 videbitur.
746 2681 791 2712 tu
826 2680 970 2712 tamen
1001 2670 1133 2712 etiam
1165 2685 1283 2712 nuno
1316 2671 1424 2713 milii
1450 2648 1614 2728 aliquici

197 2783 240 2818 76
256 2783 533 2825 proclinatajam
557 2796 606 2823 oe,
633 2795 699 2826 qua
724 2787 837 2821 [ntem
838 2796 860 2816 ιι
903 2786 979 2825 quia
995 2786 1105 2817 Caesar
1121 2786 1167 2817 sic
1181 2792 1215 2817 et
1230 2786 1266 2816 in
1280 2785 1401 2816 librisc
1389 2787 1455 2816 suis
1471 2785 1525 2817 dix
1529 2786 1555 2817 it
1568 2787 1610 2818 Β.

154 2827 258 2856 etiam
269 2827 546 2865 progrediendum
565 2828 639 2868 &e.]
660 2828 860 2860 Proelinata
904 2829 946 2860 G.
964 2829 1043 2865 VII,
1059 2831 1113 2860 453.
1129 2833 1204 2859 tum
1221 2829 1400 2869 legendum
1423 2829 1496 2858 sine
1511 2828 1611 2859 dubio

156 2869 302 2906 primum
329 2868 496 2900 densonus
524 2870 641 2902 edidit.
681 2871 733 2902 ed.
762 2871 860 2902 Rom.
904 2874 1002 2911 quoi.
1019 2881 1045 2902 e.
1063 2881 1140 2901 nam
1159 2871 1444 2912 progrediendum
1460 2871 1617 2904 absolute

156 2912 330 2941 inclinata.
353 2911 409 2942 sed
433 2910 517 2943 illud
543 2913 664 2945 melius
684 2913 748 2944 hoc
773 2914 860 2950 loco,
905 2914 971 2944 dici
993 2923 1059 2945 non
1078 2918 1199 2955 potest.

825 2963 938 2998 22⁴2
