1940 3231
325 126 403 163 446
746 123 926 162 EPIST.
952 123 1033 161 AD
1058 123 1342 170 ATTICUM,

326 228 517 279 bitrium,
547 234 591 269 et
620 241 683 278 ea,
705 242 802 282 quae
827 228 921 283 jam
953 237 1059 279 tum,
1090 244 1188 271 cum
1220 229 1380 279 aderas,
1411 228 1627 271 offendere
1657 230 1751 286 ejus

323 285 513 327 animum
537 284 854 341 intelligebam.
878 294 1020 326 tamen
1041 285 1170 328 habet
1186 286 1389 342 quiddam
1411 287 1751 342 profecto‚quod

323 343 462 399 magis
493 343 535 384 in
567 356 711 383 ammo
741 357 834 397 eJus
866 342 1081 394 insederit,
1111 345 1225 399 quod
1257 357 1394 399 neque
1424 344 1618 399 epistolae
1650 354 1754 396 tuae,

323 414 462 455 neque
496 410 641 441 nostra
679 399 878 455 allegatio
911 408 999 440 tam
1033 410 1176 456 potest
1206 400 1331 441 facile
1361 401 1514 453 delere,
1544 416 1673 456 quam
1707 411 1754 442 tu

357 472 511 498 raeseus
534 472 619 498 non
641 457 770 498 modo
789 457 997 508 oratione,
1019 457 1092 498 sed
1116 466 1189 498 tuo
1213 457 1330 498 vultu
1355 457 1426 498 illo
1449 457 1648 499 familiari
1673 457 1756 499 tol-

339 529 397 564 es,
420 516 452 555 si
478 515 607 556 modo
638 513 745 555 tanti
778 514 949 569 putabis
975 514 1032 565 id,
1054 515 1185 569 quod,
1207 515 1241 555 si
1265 529 1332 555 me
1353 515 1514 565 audies,
1538 525 1595 566 et,
1619 516 1650 555 si
1677 515 1758 556 hu-

321 572 522 613 manitati
553 581 638 612 tuae
671 580 867 612 constare
891 570 1019 622 voles,
1041 581 1156 613 certe
1179 571 1366 627 putabis.
1389 586 1453 622 ac,
1476 587 1529 613 ne
1551 572 1654 613 illud
1677 572 1757 612 mi·-

321 643 428 680 rere,
449 643 539 680 cur,
562 642 659 669 cum
681 642 763 684 ego
795 637 921 669 antea
951 628 1239 684 significarem
1271 629 1350 669 tibi
1382 643 1457 684 per
1488 629 1664 680 litteras,
1688 643 1757 669 me

323 701 493 742 sperare
525 685 644 726 illum
677 685 721 726 in
754 697 899 726 nostra
931 695 1144 742 potestate
1182 685 1288 737 fore,
1319 700 1434 727 nunc
1466 686 1576 727 idem
1613 686 1758 727 videar

323 743 542 794 diffider3e
573 742 823 783 incredibile
859 752 938 791 est,
968 754 1130 798 quanto
1169 742 1275 783 mihi
1308 742 1502 784 videatur
1538 742 1649 783 illius
1681 757 1757 783 vo-

322 801 463 842 luntas
486 801 757 850 obstinatior,
778 808 823 840 et
844 799 887 840 in
916 799 999 840 hac
1021 799 1242 841 iracundia
1263 800 1538 841 offirmatior:
1564 799 1636 840 sed
1654 799 1756 841 -haec

323 867 397 898 aut
419 858 697 906 sanabuntur,
720 870 817 896 cum
841 857 1032 907 veneris;
1063 865 1137 897 aut
1158 857 1197 897 ei
1228 857 1408 898 molesta
1428 863 1568 906 erunt,
1590 856 1634 896 in
1658 865 1756 897 utro

322 914 451 970 culpa
479 915 572 955 erit.
635 913 765 960 Quod
797 913 840 953 in
871 912 1054 968 epistola
1082 922 1158 954 tua
1188 913 1394 969 scriptum
1424 924 1530 964 erat,
1561 927 1630 954 me
1659 913 1755 968 jam

323 971 519 1012 arbitrari
549 970 823 1027 designatum
853 984 969 1022 esse3
1001 969 1125 1021 scito,
1146 970 1252 1010 nihil
1287 980 1374 1010 tam
1403 971 1642 1012 exercitum
1664 984 1756 1011 esse

281 1038 312 1069 b.
324 1042 437 1070 nunc
460 1004 670 1078 Romae'o
650 1041 779 1083 quam
801 1027 1067 1078 candidatos,
1088 1027 1287 1068 omnibus
1311 1026 1639 1081 iniquitatibus;
1662 1041 1756 1078 nec,

321 1086 494 1140 quando
530 1084 677 1127 futura
709 1084 795 1125 sint
830 1084 1024 1136 comitia,
1062 1084 1175 1125 sciri.
1214 1098 1361 1125 verum
1397 1084 1492 1125 haec
1525 1085 1670 1125 audies
1703 1085 1757 1126 de

322 1141 623 1198 Philadelpho.
682 1140 764 1193 Tu,
795 1141 937 1192 velim,
967 1156 1065 1196 quae
1097 1140 1344 1182 Academiae
1384 1150 1542 1182 nostrae
1582 1142 1756 1198 parasti,

320 1200 638 1256 quamprimum
669 1199 831 1240 mittas.
854 1198 959 1239 mire
980 1213 1110 1254 quam
1140 1198 1251 1239 illius
1274 1197 1356 1239 loci
1382 1213 1466 1239 non
1488 1199 1626 1240 modo
1641 1214 1757 1250 usus,

321 1258 394 1298 sed
425 1257 553 1297 etiam
586 1255 797 1312 cogitatio
828 1255 1028 1297 delectat.
1090 1255 1242 1297 Libros
1270 1270 1369 1296 vero
1400 1266 1498 1296 tuos
1529 1270 1633 1297 cave
1663 1256 1756 1297 cui-

319 1329 448 1369 quam
481 1313 637 1354 nadas.
642 1288 792 1353 t’nobis
823 1327 910 1364 eos,
941 1313 1304 1369 quemadmodum
1337 1313 1503 1362 scribis,
1534 1327 1756 1354 conserva.

317 1385 532 1412 summum
556 1385 624 1411 me
645 1384 793 1411 eorum
824 1370 1013 1411 studium
1045 1379 1176 1421 tenet,
1199 1370 1311 1412 sicut
1341 1369 1487 1410 odium
1513 1369 1608 1424 jam
1640 1379 1756 1411 cete-

317 1443 458 1470 rmum
483 1443 647 1469 rerum:
680 1442 784 1482 quas
810 1436 870 1478 tu,
894 1427 1144 1468 incredibile
1165 1438 1244 1478 est,
1265 1438 1396 1482 quam
1419 1427 1539 1468 brevi
1562 1436 1756 1484 tempore

319 1494 482 1541 quanto
504 1485 735 1527 deteriores
758 1459 998 1526 offerisurus
1020 1485 1092 1536 sis,
1114 1499 1243 1539 quam
1266 1484 1491 1540 reliquisti.

755 1573 989 1615 CICERO
1020 1572 1249 1615 ATTICO
1280 1573 1325 1615 S.

318 1635 645 1688 32TEUCRIS
669 1646 740 1688 illa
761 1645 924 1687 lentum
955 1661 1056 1688 sane
1085 1647 1336 1703 neootium:
1368 1660 1506 1701 neque
1529 1645 1756 1687 Cornelius

318 1706 370 1747 ad
393 1704 639 1746 Terentiam
671 1713 821 1759 postea
842 1703 982 1745 rediit.
1004 1703 1174 1760 opinor,
1197 1704 1249 1745 ad
1279 1704 1551 1754 Considium,
1573 1701 1754 1767 Axium,

318 1762 524 1804 Selicium
572 1761 912 1817 confugiendum
957 1771 1036 1802 est.
1083 1775 1182 1802 nam
1225 1777 1251 1803 a
1293 1760 1474 1804 Caecilio
1523 1760 1756 1816 propinqui

317 1822 357 1851 33
371 1819 536 1861 minore
566 1818 812 1860 centesimis
851 1833 1030 1859 numum
1060 1832 1232 1860 movere
1263 1833 1350 1860 non
1383 1826 1578 1874 possunt.
1607 1820 1650 1848 34
1665 1818 1754 1869 sed,

316 1886 365 1918 ut
391 1877 444 1918 ad
476 1876 616 1932 plima
646 1875 717 1917 illa
747 1875 932 1927 redeam,
954 1875 1061 1917 nihil
1092 1890 1174 1932 ego
1206 1875 1278 1917 illa
1306 1875 1617 1939 impudentius,
1639 1884 1755 1916 astu-

315 1935 416 1987 tius,
437 1933 594 1975 lentius
625 1932 729 1975 vidi.
757 1933 1014 1975 35libertum
1043 1933 1197 1976 mitto:
1229 1933 1330 1975 Tito
1360 1931 1587 1974 mandavi·
1619 1933 1754 1982 σκήψεις

355 2094 397 2122 32
422 2089 557 2122 Teucris
586 2090 662 2130 illa]
697 2089 780 2121 Haec
808 2090 949 2131 epistola
978 2090 1013 2121 in
1057 2100 1117 2122 res.
1134 2100 1193 2131 pro
1209 2090 1345 2120 minoris
1366 2087 1448 2120 illud
1462 2092 1524 2126 est,
1540 2088 1627 2128 quod
1640 2099 1679 2119 ex
1693 2089 1759 2121 boc

314 2133 384 2164 edd.
410 2143 459 2174 pr.
486 2138 520 2163 et
545 2133 624 2164 Mss.
647 2131 790 2163 cohaeret
817 2143 892 2163 cum
918 2142 1013 2174 supe-

315 2177 405 2206 riori.
421 2182 554 2205 ¹auctore
571 2174 715 2205 Cor-rado
733 2177 883 2215 seJuncta
897 2180 946 2206 est
962 2185 1011 2206 re—

315 2224 381 2255 cte,
399 2218 550 2257 interque
567 2217 650 2248 hanc
664 2222 698 2247 et
713 2217 804 2248 illam
824 2218 947 2248 biennii
963 2218 1012 2247 in-

313 2260 490 2290 tervallum
513 2260 589 2290 fuit.
612 2270 642 2290 v.
670 2259 806 2290 Corrad.
830 2259 955 2298 Quaest.

313 2305 388 2332 358.
405 2302 454 2333 ed.
471 2307 604 2332 nostrae.
639 2301 722 2341 Quae
734 2301 792 2332 illa
804 2302 939 2332 Teucris
955 2302 1010 2340 sit,

312 2343 352 2374 de
365 2355 403 2374 eo
422 2344 528 2375 multa
541 2345 601 2374 viri
616 2344 703 2374 docti
719 2344 759 2374 ad
774 2344 808 2374 h.
826 2344 851 2374 l.
866 2353 939 2383 quae
953 2349 1013 2374 tae-

310 2386 366 2417 dio
381 2386 425 2417 sit
446 2387 563 2426 legere.
608 2386 695 2416 Satis
716 2391 765 2416 est
787 2387 929 2425 intelligi
950 2386 1009 2416 ho-

312 2429 450 2468 minem,
468 2438 563 2467 quem
581 2429 696 2460 Cicero
718 2429 852 2459 nomine
867 2430 1009 2468 figurato

313 2471 479 2511 appellare
494 2471 625 2508 maluit,
642 2471 696 2509 qui
718 2470 864 2501 debuisse
881 2471 1011 2501 videtur

314 2513 478 2551 Ciceroni,
494 2519 527 2543 et
543 2522 622 2550 non,
640 2522 702 2551 quo
717 2520 864 2553 tempore
880 2513 1010 2543 volebat

314 2555 442 2594 Cicero,
458 2555 604 2593 solvisse,
621 2559 658 2584 ut
672 2564 690 2584 e
713 2556 792 2584 lenti
806 2556 903 2586 verbo
919 2554 1012 2584 colli-

313 2607 389 2636 gere
405 2598 495 2628 licet.
538 2598 588 2629 Ad
605 2597 641 2627 C.
657 2597 841 2627 Antonium
855 2598 1012 2638 pertinet,

314 2646 351 2669 ut
368 2650 406 2670 ex
420 2641 631 2678 sequentibus
648 2644 750 2679 patet.

354 2684 395 2713 33
410 2683 535 2712 minore
549 2681 742 2721 centesimis]
763 2682 938 2721 Conjecere
952 2681 1011 2710 viri

311 2723 414 2762 docti,
438 2725 645 2755 scribendum
668 2733 736 2754 esse
763 2725 914 2754 minoris.-
939 2732 1012 2761 quae

310 2772 360 2796 est
376 2766 524 2806 legitima
544 2768 576 2796 in
597 2766 660 2797 hac
683 2775 717 2796 re
739 2765 856 2796 forma.
901 2766 1012 2795 Etiam

311 2809 434 2838 minore
456 2809 642 2848 legitimum
666 2818 747 2846 esse,
774 2814 812 2838 ut
840 2809 954 2846 magni
977 2814 1012 2837 ct

311 2859 432 2888 magno
450 2861 568 2889 emere,
584 2852 699 2882 dicunt
717 2850 842 2891 vulgati
864 2849 1011 2881 defenso-

1056 2133 1129 2164 loco
1151 2134 1197 2164 sic
1212 2137 1451 2163 commemorat
1473 2132 1597 2161 Seneca
1618 2131 1757 2170 epistola

1057 2178 1108 2206 21.
1125 2185 1225 2215 quam
1247 2175 1350 2204 durus
1359 2173 1538 2214 fenerator
1561 2172 1718 2211 Coecz'lius,
1734 2183 1756 2204 a

1055 2227 1115 2257 quo
1131 2217 1264 2247 minans
1284 2217 1463 2246 centesimis
1479 2216 1671 2255 propinquis
1692 2226 1754 2247 nu-

980 2270 1012 2300 p.
1056 2269 1130 2290 mus
1152 2260 1272 2290 moveri
1287 2269 1350 2289 non
1361 2258 1462 2298 possit
1477 2269 1485 2286 :
1508 2258 1570 2288 nisi
1586 2258 1631 2287 ibi
1645 2264 1756 2289 muta-

1055 2309 1129 2332 tum
1142 2307 1190 2332 est
1206 2302 1330 2331 minore
1342 2301 1375 2331 in
1392 2300 1537 2330 minoris.
1561 2299 1634 2339 Ego
1649 2300 1683 2329 in
1696 2302 1757 2330 mi-

1056 2353 1133 2374 nore
1145 2343 1329 2382 intelligam
1344 2352 1459 2378 usura,
1472 2342 1558 2381 quod
1574 2342 1608 2371 in
1624 2345 1756 2373 centesi-

1054 2387 1116 2417 mis
1136 2385 1219 2416 latet
1234 2397 1240 2414 ε
1267 2395 1344 2415 nam
1360 2385 1549 2414 centesimae
1564 2394 1673 2415 usurae
1689 2385 1756 2425 ple-

1052 2438 1102 2459 na*
1116 2427 1283 2458 dicuntur.

1095 2471 1135 2500 34
1158 2471 1225 2506 sed,
1251 2473 1287 2500 ut
1313 2469 1357 2499 ad
1378 2467 1494 2508 pri'ma
1518 2469 1581 2499 illa
1605 2469 1750 2510 redeam]

1056 2512 1187 2552 Conjeci
1203 2511 1392 2550 aliquando,
1405 2512 1598 2542 Ciceronem
1611 2512 1755 2551 scripsis-

1055 2563 1101 2591 se,
1130 2554 1176 2584 ad
1200 2555 1348 2593 primam
1385 2555 1494 2590 illam,
1525 2554 1601 2592 quia
1631 2553 1756 2584 Caecilii

1057 2596 1183 2626 mentio
1198 2597 1436 2626 intercesserat.
1481 2594 1545 2625 Sed
1559 2605 1626 2625 non
1640 2595 1756 2635 ignoro

1056 2648 1124 2669 esse
1149 2638 1299 2668 Ciceroni
1323 2637 1480 2667 usitatam
1504 2637 1695 2674 formulam,
1719 2642 1756 2668 ut

1054 2681 1100 2711 ad
1110 2681 1222 2719 prima
1242 2680 1384 2710 redeam.

1097 2725 1137 2753 35
1161 2723 1313 2752 libertum
1345 2722 1460 2752 mitto.-
1486 2720 1559 2751 Tito
1581 2721 1754 2762 mandavi]

1057 2765 1138 2795 Haec
1160 2770 1239 2795 sunt
1251 2763 1432 2794 Teucridis.
1476 2764 1528 2793 Sic
1547 2762 1603 2793 illa
1619 2765 1754 2804 scripse-

1054 2813 1119 2845 rat,
1138 2807 1187 2838 vel
1209 2806 1420 2847 responderat
1434 2805 1600 2846 appellata
1614 2808 1652 2836 de
1668 2806 1755 2837 solu-

1054 2849 1158 2880 tione.
