1940 3231
719 120 927 159 LIBER
962 120 993 158 Ι.
1505 123 1580 161 461

134 234 271 280 grata.
305 227 408 283 quin
448 225 553 267 mihi
586 239 716 276 nunc,
751 236 792 266 te
827 226 1020 275 absente,
1051 237 1136 264 non
1171 222 1313 265 solum
1339 224 1584 278 consilium,

133 298 220 338 quo
259 293 302 325 tu
342 282 532 334 excellis,
565 283 636 323 sed
671 283 800 323 etiam
846 282 1054 323 sermonis
1088 280 1445 331 communicatio,
1484 296 1582 336 quae

134 341 241 382 mihi
279 341 531 382 suavissima
567 349 709 381 tecum
739 341 846 381 solet
879 355 985 390 esse,
1020 339 1209 380 maxime
1232 337 1366 379 deest.
1391 337 1496 392 quid
1518 339 1584 379 di·

138 400 262 440 cam?
296 398 391 438 ¹⁰in
415 397 591 454 publica
619 399 691 439 re?
721 413 808 454 quo
832 398 874 438 in
900 411 1056 454 genere
1086 396 1192 437 mihi
1228 395 1469 452 negligenti
1491 409 1583 436 esse

135 469 223 496 non
255 455 381 507 licet3
412 470 466 496 an
504 455 546 496 in
579 454 738 496 forensi
769 455 943 497 labore?
975 469 1104 510 quem
1135 462 1263 494 antea
1294 461 1471 509 propter
1492 467 1585 493 am-

136 512 348 554 bitionem
372 512 652 564 sustinebam,
676 527 806 563 nunc,
827 522 874 554 ut
896 513 1155 568 dignitatem
1188 511 1295 551 tueri
1321 510 1462 566 gratia
1483 524 1584 566 pos-

135 570 243 625 sim3
274 585 327 611 an
365 569 407 610 in
444 571 547 626 ipsis
584 570 834 612 domesticis
867 570 1084 626 negotiis?
1118 569 1160 610 in
1188 569 1346 624 quibus
1377 582 1459 624 ego
1483 582 1583 608 cum

134 637 275 679 antea,
298 638 390 668 tum
417 642 514 668 vero
536 636 634 683 post
654 628 887 670 discessum
913 627 1072 678 fratris,
1105 635 1147 667 te
1169 639 1473 680 sermonesque
1505 639 1583 666 no-

134 694 244 740 stros
265 685 475 726 desidero.
498 694 717 741 postremo
741 701 828 727 non
851 685 972 726 labor
995 699 1130 734 meus,
1155 698 1240 724 non
1270 683 1463 738 requies3
1495 697 1584 724 non

133 742 376 798 negotium,
412 757 501 784 non
537 743 703 795 otium3
746 758 831 784 non
870 742 1061 784 forenses
1090 756 1170 793 reS,
1205 756 1290 782 non
1313 740 1583 792 domesticae,

135 813 221 841 non
246 800 448 856 publicae,
473 815 557 841 non
581 801 763 856 privatae
786 815 930 842 carere
952 801 1114 841 diutius
1137 808 1213 839 tuo
1237 798 1494 839 suavissimo
1517 807 1582 839 at-

134 871 219 912 que
248 858 545 899 amantissimo
572 859 754 899 consilio
776 874 826 900 ac
857 872 1054 900 sermone
1083 867 1277 914 possunt.
1337 855 1484 911 Atque
1506 855 1585 897 ha-

133 929 227 956 rum
259 930 400 957 rerum
430 916 889 958 commemorationem
921 915 1178 956 verecundia
1210 927 1326 970 saepe
1356 913 1586 969 impedivit

134 972 360 1029 utriusque
381 974 592 1015 nostrum.
630 988 744 1016 nunc
777 984 922 1015 autem
951 971 1119 1014 eafuit
1145 971 1386 1013 necessaria
1408 979 1586 1028 propter

135 1044 230 1072 eam
255 1041 419 1088 partem
443 1031 639 1087 epistolae
664 1042 766 1082 tuae,
801 1046 874 1087 per
898 1045 1027 1085 quain
1053 1040 1094 1071 te
1116 1045 1166 1071 ac
1187 1043 1327 1070 mores
1351 1038 1448 1070 tuos
1475 1028 1585 1069 mihi

135 1099 344 1144 purgatos
375 1104 425 1130 ac
448 1090 654 1144 probatos
676 1103 767 1130 esse
789 1088 977 1129 voluisti.
1039 1087 1185 1143 Atque
1219 1087 1263 1127 in
1294 1087 1377 1127 ista
1414 1087 1585 1127 incom-

134 1146 348 1187 moditate
383 1147 554 1187 alienati
587 1146 699 1187 illius
735 1147 868 1187 animi
892 1155 935 1186 et
969 1143 1138 1195 offensi,
1173 1144 1275 1185 illud
1306 1144 1417 1185 inest
1440 1154 1585 1184 tamen

138 1204 375 1255 commodi,
398 1204 512 1260 quod
535 1214 580 1244 et
608 1204 715 1245 mihi
747 1214 790 1245 et
812 1204 966 1245 ceteris
997 1203 1148 1244 amicis
1177 1203 1261 1243 tuis
1286 1211 1392 1242 nota
1420 1200 1518 1252 fuit,
1540 1211 1585 1241 et

137 1262 214 1302 abs
239 1271 281 1303 te
309 1262 540 1317 aliquando
564 1261 795 1303 testificata
818 1271 892 1303 tua
911 1261 1109 1302 voluiwas
1133 1259 1386 1301 omittendae
1411 1258 1587 1314 provin-

138 1319 244 1370 ciae3
277 1329 338 1369 ut,
368 1319 484 1374 quod
524 1333 609 1360 una
641 1334 727 1360 non
764 1320 881 1371 estis,
918 1334 1004 1360 non
1038 1318 1305 1359 cissensione
1334 1332 1384 1358 ac
1406 1315 1586 1358 dissidio

140 1385 296 1428 vestro,
320 1377 392 1418 sed
432 1375 653 1419 voluntate
686 1393 735 1418 ac
759 1377 929 1434 judicio
954 1387 1028 1417 tuo
1051 1375 1216 1417 factum
1247 1389 1340 1416 esse
1374 1374 1585 1416 videatur.

136 1448 269 1488 quare
290 1445 334 1475 et
355 1434 441 1485 illa,
463 1449 560 1489 quae
585 1435 758 1486 violata,
778 1435 1098 1491 expiabuntur;
1130 1444 1173 1474 et
1196 1433 1290 1474 haec
1313 1442 1473 1476 nostra,
1487 1446 1586 1487 quae

135 1502 237 1532 sunt
269 1492 539 1533 sanctissime
569 1503 838 1544 conservata,
876 1507 996 1533 suam
1029 1491 1284 1548 religionem
1307 1490 1585 1531 obtinebunt.

137 1548 233 1590 Nos
257 1549 327 1591 hic
350 1550 394 1591 in
414 1550 635 1606 republica
666 1551 852 1602 infirma,
884 1551 1054 1601 misera,
1085 1547 1473 1603 commutabilique
1495 1561 1588 1588 ver-

137 1621 294 1648 samur.
327 1608 456 1649 credo
478 1607 591 1648 enim
626 1618 669 1650 te
699 1609 883 1659 audisse,
916 1617 1086 1649 nostros
1116 1607 1283 1662 equites
1313 1620 1439 1661 paene
1470 1620 1495 1645 a
1525 1618 1590 1645 se·-

136 1674 241 1719 natu
282 1679 375 1706 esse
404 1665 672 1720 disjunct083
708 1666 832 1722 llqui
874 1667 1059 1722 primum
1099 1663 1204 1705 illud
1238 1663 1358 1705 valde
1400 1661 1591 1719 graviter

135 1721 341 1775 tulerunt,
362 1723 684 1780 promulgatum
707 1738 763 1765 ex
783 1734 955 1765 senatus
978 1723 1177 1765 consulto
1201 1721 1347 1772 fuisse,
1371 1731 1419 1761 ut
1447 1719 1500 1761 de
1522 1719 1590 1771 iis,

140 1781 260 1835 l5³qui
306 1782 364 1821 ob
398 1781 690 1838 judicandum
724 1781 951 1838 pecuniam
990 1780 1274 1836 accepissent,
1308 1787 1589 1834 quaereretur.

137 1850 225 1891 qua
256 1838 300 1879 in
334 1852 379 1879 re
411 1839 681 1880 decernenda
702 1854 800 1880 cum
824 1854 907 1896 ego
929 1854 1029 1881 casu
1057 1853 1142 1879 non
1165 1837 1400 1888 affuissem,
1434 1835 1590 1876 sensis-
1602 1848 1633 1885 b,

139 1908 316 1951 semque
339 1896 379 1939 id
404 1908 646 1952 equestrem
669 1897 863 1938 ordinem
896 1896 1006 1938 ferre
1039 1895 1234 1947 moleste,
1269 1908 1408 1949 neque
1443 1902 1591 1949 aperte

140 1951 311 2005 dicere3
343 1954 576 2011 objurgavi
599 1964 812 2007 senatum,
835 1965 883 1996 ut
906 1954 1012 1995 mihi
1037 1953 1152 1994 visus
1169 1968 1279 2004 sum,
1302 1966 1471 1993 summa
1489 1964 1590 1992 cum

138 2011 423 2065 auctoritate3
454 2022 498 2053 et
523 2015 559 2043 ¹3
575 2013 617 2054 in
639 2027 769 2054 causa
790 2028 878 2055 non
902 2012 1158 2063 verecunda,
1181 2007 1416 2052 admodum
1446 2008 1590 2065 gravis

140 2196 144 2201 '
184 2194 223 2222 10
246 2193 280 2223 in
294 2193 427 2233 publica
443 2192 516 2233 re?]
543 2193 660 2224 Bosius
675 2203 692 2223 e
708 2192 773 2223 Ms.
786 2192 843 2224 ad-

140 2235 223 2266 didit
244 2245 305 2266 ne:
326 2236 363 2266 ἐπ
378 2237 558 2276 publicane
578 2246 627 2273 re,
650 2235 738 2275 quod
758 2235 844 2265 Gru-

885 2201 960 2223 cero
976 2191 1011 2221 in
1023 2191 1081 2221 Or.
1099 2201 1157 2231 pro
1175 2189 1342 2221 Cluentio.

139 2284 232 2308 turus
257 2279 406 2309 imitatus
429 2284 490 2311 est.
506 2279 555 2310 nil
577 2280 729 2315 interest,
747 2277 845 2310 adda-

139 2324 210 2358 tur,
226 2331 268 2352 an
283 2322 472 2352 omittatur.

190 2367 198 2393 l
212 2367 222 2394 1
269 2365 325 2403 qui
348 2365 502 2403 primum
537 2364 625 2395 illud
630 2381 672 2386 —
682 2364 843 2401 tulerunt,

136 2406 260 2447 prom]
297 2408 386 2438 illud
397 2407 479 2438 mihi
504 2417 569 2437 non
586 2407 707 2447 placet.
724 2416 801 2436 nam
817 2407 844 2437 si

141 2450 284 2481 maxime
299 2459 373 2480 cum
383 2452 639 2490 promulgatum
641 2448 753 2489 fuisse
767 2459 846 2479 con-

135 2493 271 2532 jungas,
285 2497 401 2523 tamen
424 2491 535 2531 friget.
581 2493 620 2523 In
637 2492 773 2532 vulgata
795 2493 846 2522 in-

142 2536 378 2575 terpunctione
402 2534 535 2565 deberet
561 2544 642 2572 esse,
667 2535 752 2574 quod
765 2543 845 2575 pro-

142 2579 335 2616 mulgatum
350 2588 367 2607 e
382 2577 410 2608 S
414 2576 469 2608 Cto
471 2576 560 2617 filit.
590 2577 628 2608 ld
642 2584 756 2609 autem
772 2587 845 2617 per-

139 2620 270 2651 tinebat
294 2631 346 2659 eo,
370 2621 458 2660 quod
483 2631 558 2651 cum
581 2621 752 2661 injudicio
767 2620 845 2651 Clo-

143 2662 241 2693 diano
257 2664 358 2694 etiam
374 2664 501 2703 equites
509 2664 729 2704 judicassent,
748 2664 774 2693 si
798 2664 847 2694 ita

141 2705 357 2744 'quaerendum
373 2712 472 2741 esset,
496 2707 598 2737 etiam
618 2706 657 2737 de
681 2706 846 2746 equitibus

140 2747 247 2785 'quaeri
263 2748 406 2779 deberet.
450 2748 532 2779 Erat
548 2757 659 2779 autem
676 2748 740 2779 hoc
761 2758 846 2779 sem—

143 2798 203 2830 per
223 2789 392 2821 defensum
412 2791 453 2821 ab
480 2792 660 2831 equitibus,
685 2791 790 2831 legem
806 2791 846 2821 de

144 2832 334 2871 repetundis
348 2833 389 2864 ad
402 2833 552 2864 ordinem
565 2839 762 2873 equestrem,
779 2834 846 2864 sive

141 2874 283 2915 equites,
301 2884 366 2906 non
382 2877 560 2916 pertinere,
573 2877 612 2908 de
627 2886 691 2917 quo
706 2876 775 2908 late
790 2877 848 2908 Ci-

933 2236 970 2265 12
992 2235 1048 2274 qm·
1062 2233 1333 2275 objudz'emzdum
1344 2231 1521 2271 pecuniam
1536 2241 1588 2262 ae-

888 2276 1057 2316 cepissent]
1076 2276 1103 2306 A
1119 2275 1313 2316 quibusdam
1332 2275 1413 2305 Mss.
1431 2274 1524 2304 abest
1530 2284 1590 2313 pe·
1639 2287 1644 2292 ¹

887 2321 1035 2356 cuniam,
1063 2319 1144 2349 item
1171 2319 1223 2350 ed.
1250 2318 1347 2348 Rom.
1375 2317 1462 2356 quod
1491 2316 1590 2346 Lam-

887 2361 979 2398 bino,
996 2362 1125 2392 Graevio
1141 2361 1200 2391 &c.
1224 2360 1362 2401 placuit,
1380 2360 1436 2398 qui
1458 2363 1493 2390 et
1507 2358 1591 2388 omi-

887 2413 968 2435 sere.
984 2404 1064 2434 mihi
1081 2413 1147 2434 non
1163 2404 1284 2443 placet,
1307 2402 1394 2441 quod
1412 2411 1541 2442 semper
1555 2401 1591 2431 in

888 2446 950 2478 hac
965 2447 1072 2477 forma
1087 2447 1230 2477 additur.
1248 2445 1362 2476 malim
1377 2444 1480 2475 etiam
1492 2445 1591 2484 cepis-

886 2493 969 2527 sent,
985 2489 1072 2528 quod
1088 2495 1137 2519 est
1153 2489 1288 2519 verbum
1305 2488 1339 2517 in
1354 2487 1416 2518 hac
1432 2497 1465 2517 re
1482 2486 1592 2526 legiti-

888 2542 993 2562 mum.
1038 2531 1101 2562 Sed
1123 2533 1270 2572 accipere
1291 2537 1406 2562 tamen
1421 2534 1472 2560 est
1486 2529 1529 2561 L.
1545 2528 1591 2560 11.

888 2585 940 2615 ep.
962 2577 989 2605 l.

935 2619 972 2648 13
995 2617 1031 2647 in
1059 2627 1162 2648 causa
1187 2626 1253 2647 non
1275 2615 1475 2654 verecunda]
1501 2614 1592 2646 Nam

890 2659 1063 2700 impudens
1100 2661 1201 2691 videri
1241 2663 1386 2700 poterat,
1419 2657 1593 2688 defendere

890 2703 1016 2743 equites
1045 2703 1080 2733 in
1104 2713 1139 2733 re
1161 2703 1272 2742 turpi:
1297 2712 1342 2732 se.
1359 2711 1413 2737 ne,
1439 2709 1514 2730 cum
1535 2700 1592 2738 ju-

889 2746 976 2777 dices
984 2751 1113 2783 essent,
1130 2746 1175 2776 rei
1191 2745 1263 2776 fieri
1283 2748 1430 2785 possent,
1447 2743 1474 2772 si
1488 2742 1522 2772 in
1538 2751 1592 2771 su-

889 2791 1070 2831 spicionem
1086 2794 1231 2831 aceeptae
1254 2788 1402 2829 pecuniae
1418 2786 1594 2821 venissent.

889 2841 967 2864 cum
981 2837 1152 2864 senatores
1165 2842 1204 2865 eo
1220 2831 1354 2864 nomine
1373 2829 1419 2860 rei
1434 2828 1504 2860 fieri
1519 2837 1594 2870 pos-

888 2880 975 2907 sent.
