1940 3231
754 97 958 137 LIBER
993 97 1028 135 Ι,
1541 100 1618 139 447

176 217 308 266 atque
342 210 516 250 ἁναςολαί.
553 204 627 247 sed
657 204 699 235 36
711 203 873 253 nescio,
903 216 958 243 an
993 201 1204 252 ταυτόμκτον
1232 200 1328 249 ὑμῶν.
1367 211 1467 239 narn
1507 200 1617 242 mihi

141 281 147 286 ·
177 265 432 323 Pompeiani
465 261 682 319 prodromi
710 261 928 310 nuntiant,
950 267 1096 314 aperte
1120 254 1381 309 Pompeium
1404 267 1618 310 acturum,

172 323 369 366 Antonio
393 321 564 362 succedi
586 328 811 375 oportere:
843 317 1082 370 eodemque
1114 322 1309 368 tempore
1336 322 1436 369 aget
1460 326 1621 368 praetor

173 382 227 422 ad
261 378 483 438 populum.
515 392 579 418 res
610 375 824 432 ejusmodi
855 385 935 425 est,
968 383 1015 413 ut
1045 385 1144 427 egO,
1175 385 1252 411 nec
1283 383 1359 425 per
1392 371 1619 423 bonorum,

173 453 253 480 nec
285 452 360 494 per
390 435 642 492 popularem
672 432 1057 480 existimationem,
1081 430 1261 469 honeste
1293 428 1454 482 possim
1482 428 1621 469 homi-

171 509 269 537 nem
301 493 555 535 defendere:
596 506 675 532 nec
704 490 813 531 mihi
845 490 991 540 libeat,
1022 487 1139 543 quod
1174 486 1238 526 vel
1269 485 1508 526 maximum
1541 496 1620 527 est.

171 552 331 594 etenim
354 550 514 593 accidit
535 549 635 599 hoc,
657 548 773 603 quod
797 556 953 597 totum,
976 544 1220 601 cujusmodi
1248 543 1316 592 sit,
1340 543 1498 583 mando
1525 543 1620 595 tibi,

170 618 220 651 ut
242 608 488 664 perspicias.
523 607 747 648 Libertum
769 619 852 661 ego
875 605 1031 653 habeo,
1049 616 1149 643 sane
1172 614 1357 656 nequam
1381 600 1619 652 hominem,

172 666 375 708 Hilarum
406 665 520 716 dico,
555 664 923 713 ratiocinatorem,
953 672 997 701 et
1027 661 1229 701 clientem
1267 669 1404 698 tuum.
1467 657 1537 698 De
1566 672 1618 699 eo

170 724 277 765 mihi
302 723 497 765 Valerius
529 722 738 777 interpres
770 720 957 769 nuntiat,
982 717 1237 772 Chiliusque
1259 730 1302 756 se
1323 715 1493 761 audisse
1515 716 1620 757 scri-

172 782 239 823 bit
260 781 382 833 haec;
413 794 504 821 esse
527 779 749 820 hominem
780 792 879 819 cum
901 775 1096 816 Antonio
1115 792 1124 816 :
1156 773 1399 814 Antonium
1423 787 1550 829 porro
1573 773 1618 815 in

127 847 130 852 '
172 839 381 895 cogendis
405 837 599 894 pecuniis
622 836 836 886 dictitare,
859 843 1025 891 partem
1047 832 1155 873 mihi
1171 832 1323 887 quaeri,
1342 840 1386 871 et
1407 846 1431 871 a
1453 845 1522 872 me
1543 845 1618 872 cu-

171 897 339 938 stodem
372 894 615 936 communis
647 903 838 949 quaestus
879 892 1082 933 libertum
1125 904 1215 931 esse
1259 889 1452 929 missum.
1513 888 1618 930 Non

169 969 264 995 sum
306 952 581 994 mediocriter
625 959 895 993 commotus:
940 962 1078 1003 neque
1120 956 1265 988 tamen
1307 947 1495 989 credidi:
1543 947 1616 988 sed

167 1021 284 1054 certe
305 1010 467 1066 aliquid
492 1009 699 1050 sermonis
728 1007 825 1049 fuit.
849 1014 989 1047 totum
1013 1005 1244 1060 investiga,
1266 1018 1497 1060 cognosce,
1521 1019 1616 1060 per-

168 1070 302 1126 spice,
324 1079 367 1109 et
389 1067 647 1109 nebulonem
670 1064 804 1115 illum,
828 1064 862 1105 si
885 1078 971 1119 quo
995 1072 1124 1120 pacto
1155 1072 1293 1117 poteS,
1316 1076 1370 1102 ex
1394 1062 1487 1102 istis
1510 1061 1613 1104 locis
1628 1076 1658 1106 p.
1673 1069 1705 1099 7.

167 1141 337 1169 amove.
399 1125 545 1181 Hujus
577 1122 785 1164 sermonis
807 1120 1002 1163 Valerius
1034 1129 1255 1162 auctorem
1280 1118 1364 1160 Cn.
1389 1118 1614 1160 Plancium
1628 1120 1658 1140 ὃ·

168 1184 438 1226 nominabat.
470 1180 627 1223 mando
660 1180 740 1221 tibi
772 1179 912 1235 plane,
935 1188 1092 1229 totum,
1118 1186 1167 1217 ut
1189 1177 1348 1228 videas,
1371 1177 1617 1232 cujusmodi

170 1243 242 1283 sit.
303 1239 561 1295 Pompeium
596 1237 722 1278 nobis
759 1236 1070 1278 amicissimum
1107 1243 1280 1277 constat
1315 1248 1422 1275 esse.
1482 1237 1521 1268 37
1539 1234 1620 1275 Di-

168 1299 359 1340 vortium
383 1296 548 1338 Muciae
573 1295 848 1336 vehementer
880 1294 1102 1350 probatur.
1165 1291 1216 1333 P.
1241 1291 1461 1342 Clodium,
1482 1291 1618 1348 Appii

172 1355 222 1398 F.
244 1355 372 1397 credo
396 1364 438 1395 te
462 1353 646 1404 audisse,
669 1367 767 1394 cum
794 1361 910 1393 veste
941 1350 1141 1392 muliebri
1162 1349 1476 1406 deprehensum
1500 1350 1620 1391 domi

173 1412 226 1454 C.
257 1412 457 1463 Caesaris,
489 1425 588 1453 cum
620 1424 697 1466 pro
729 1409 893 1466 populo
925 1409 1060 1460 fieret,
1092 1422 1277 1463 eumque
1307 1409 1347 1438 38
1362 1421 1438 1463 per
1468 1422 1621 1449 manus

167 1469 349 1512 servulae
381 1480 597 1511 servatum
628 1476 672 1509 et
702 1468 937 1517 eductum3
970 1481 1060 1508 rem
1090 1479 1182 1506 esse
1218 1464 1379 1521 insigni
1411 1464 1618 1508 infamia:

167 1528 287 1584 quod
318 1537 360 1569 te
390 1526 571 1568 moleste
601 1525 711 1567 ferre
741 1534 861 1567 certo
892 1525 999 1566 scio.
1058 1527 1099 1558 39
1113 1522 1246 1570 Quod
1268 1532 1479 1578 praeterea
1500 1523 1553 1564 ad
1577 1532 1620 1564 te

167 1586 370 1638 scribam,
393 1599 483 1626 non
513 1584 668 1625 habeo.
692 1591 736 1624 et
765 1581 1010 1624 mehercule
1040 1596 1156 1623 eram
1179 1579 1494 1622 conturbatior.
1518 1595 1621 1622 nam

167 1658 274 1700 puer
305 1642 501 1694 festivus,
523 1650 783 1697 anagnostes
815 1649 975 1691 noster,
999 1639 1225 1681 Sositheus
1251 1638 1506 1690 decesserat,
1530 1653 1620 1680 me-

164 1715 251 1756 que
280 1700 390 1757 plus,
413 1715 542 1756 quarn
574 1699 684 1740 servi
715 1713 832 1740 mors
862 1698 1019 1739 debere
1042 1697 1284 1747 videbatur,
1307 1704 1620 1738 commoverat.

166 1757 233 1800 Tu
257 1758 384 1799 velim
407 1771 523 1814 saepe
544 1757 596 1799 ad
620 1771 698 1798 nos
721 1756 898 1798 scribas.
921 1756 955 1796 si
977 1769 1068 1796 rem
1090 1754 1251 1796 nullam
1282 1752 1479 1804 habebis,
1501 1754 1619 1810 quod

165 1816 211 1857 in
237 1817 419 1857 buccam
441 1816 620 1866 venerit,
644 1814 838 1856 scribito.
897 1812 996 1855 Kal.
1019 1812 1199 1856 Januar.
1224 1810 1293 1853 M.
1319 1810 1524 1863 Messala,
1548 1811 1617 1854 M.

167 1872 330 1915 Pisone
354 1881 488 1915 coss.

606 1927 843 1971 CICERO
873 1926 1104 1970 ATTICO
1137 1927 1182 1968 S.

166 1994 410 2047 ACCEPI
443 2013 537 2045 tuas
570 2013 654 2044 tres
678 2002 771 2058 jam
806 2001 1039 2058 epistolas:
1073 2015 1203 2042 unam
1235 2016 1260 2041 a
1299 1999 1370 2041 M.
1395 1999 1616 2052 Cornelio,

165 2077 295 2119 quam
317 2060 475 2103 Tribus
496 2061 722 2113 Tabernis,
740 2069 789 2101 ut
810 2060 981 2116 opinor,
1004 2059 1043 2100 ei
1066 2058 1250 2109 dedisti;
1276 2057 1470 2110 alteram,
1488 2073 1618 2114 quam

162 2120 272 2163 mihi
307 2119 553 2161 Canusinus
594 2128 692 2159 tuus
728 2118 886 2174 hospes
924 2116 1137 2168 reddidit3
1172 2116 1358 2167 tertiam,
1391 2131 1537 2172 quam,
1573 2125 1621 2158 ut

164 2177 332 2229 scribis,
353 2180 395 2207 40
408 2190 567 2219 ancora
590 2176 742 2226 soluta,
766 2175 820 2216 de
850 2174 1028 2232 phaselo
1050 2174 1232 2216 dedisti:
1265 2176 1303 2204 41
1321 2188 1419 2229 quae
1444 2173 1619 2216 fuerunt

1635 1938 1683 1974 13

912 2289 1003 2320 libris
1018 2289 1213 2330 reperiatur.
1260 2288 1361 2330 Quod
1374 2298 1487 2319 verum
1500 2293 1563 2327 est,
1580 2293 1620 2320 ut

911 2332 984 2363 aliis
1001 2332 1074 2371 jam
1097 2332 1177 2362 locis
1192 2332 1397 2367 monuimuS,
1413 2336 1451 2361 ut
1468 2331 1510 2362 ad
1534 2332 1619 2373 Epp.

913 2375 956 2405 ad
971 2375 1048 2405 Div.
1062 2380 1096 2405 et
1112 2374 1188 2405 inde
1204 2375 1245 2404 ab
1259 2373 1333 2404 Aldi
1358 2374 1465 2413 prima
1488 2375 1522 2404 in
1545 2375 1618 2406 edd.

204 2292 247 2323 36
267 2292 384 2329 nescio,
399 2301 444 2322 an
460 2303 551 2321 πυτ.
568 2290 660 2331 ἡμῶν]
677 2300 706 2320 v.
719 2289 869 2321 Iudicem

165 2336 331 2366 Graecum.

206 2381 244 2412 37
269 2377 463 2408 Dim-tium
478 2376 612 2416 Mucioe]
639 2376 748 2416 Quam
772 2374 870 2405 Pom-

163 2421 255 2460 peius
277 2419 405 2449 rediens
431 2419 614 2456 dimiserat,
643 2419 685 2448 ob
711 2417 870 2458 suspicio-

163 2472 240 2493 nem
256 2461 409 2493 adulterii
424 2471 500 2491 cum
516 2461 553 2491 C.
572 2461 711 2491 Caesare.

205 2508 245 2536 38
272 2514 335 2544 per
367 2513 487 2534 manus
519 2504 670 2542 servuloe]
706 2503 760 2533 Sic
791 2513 868 2534 cum

162 2547 293 2578 Graevio
315 2546 414 2583 edidi,
432 2550 471 2575 ut
493 2546 618 2577 habent
640 2545 712 2577 edd.
737 2556 785 2585 pr.
809 2555 868 2586 pro

163 2589 366 2620 Gruter-iano
383 2588 556 2628 Seprulloe,
575 2589 664 2628 quod
686 2588 721 2618 in
737 2588 870 2628 quibus-

163 2632 238 2662 dam
273 2631 364 2661 libris
398 2640 460 2661 scr.
495 2637 661 2670 repertum
692 2636 755 2667 est,
787 2636 822 2661 et
851 2641 870 2661 a

161 2673 334 2704 nonnullis
357 2673 450 2703 valde
473 2673 672 2710 defenditur,
699 2673 752 2703 vel
774 2673 814 2703 ad
836 2684 870 2703 e-

164 2716 306 2746 dendum
324 2715 414 2746 aliud
430 2725 565 2753 nomen,
580 2716 666 2755 quod
680 2716 871 2747 Romanum

161 2758 219 2796 sit,
250 2764 438 2798 torquetur.
486 2759 601 2789 Cicero
627 2759 714 2788 clare
741 2758 872 2788 ancillis

163 2799 250 2830 idem
263 2801 381 2830 tribuit
396 2801 430 2829 in
447 2799 505 2830 Or.
521 2800 560 2831 de
579 2801 660 2831 Har.
674 2801 774 2840 Resp.

206 2844 248 2875 39
262 2842 361 2882 Quod
377 2847 541 2883 praeterea
561 2845 716 2879 scribam,
734 2853 798 2873 non
812 2845 872 2873 Ῐια-

163 2884 231 2924 beo]
257 2884 443 2924 Malaspina
457 2885 616 2923 haerebat,
635 2892 751 2916 utrum
775 2886 877 2926 ‚Quod

164 2936 204 2956 an
227 2927 323 2969 ‚Quid
344 2928 512 2967 probaret,
528 2929 613 2966 quod
635 2934 815 2967 utrumque
837 2929 873 2958 in

913 2417 989 2448 fuit.
1013 2416 1120 2447 Lectu
1135 2417 1234 2456 digna
1245 2422 1360 2446 tamen
1375 2421 1425 2446 est
1439 2416 1498 2448 illa
1513 2417 1621 2448 Mala.-

913 2461 1019 2500 spinae
1047 2465 1128 2490 nota
1156 2469 1254 2499 super
1289 2459 1339 2490 his
1369 2461 1620 2499 pronominibus

911 2513 1094 2542 eorumque
1108 2511 1181 2532 usu.

953 2548 996 2575 40
1019 2554 1142 2575 ancora
1155 2545 1276 2581 solnta,
1289 2545 1328 2574 de
1337 2546 1397 2585 ph.
1411 2544 1461 2584 d.]
1479 2544 1553 2575 edd.
1569 2555 1621 2585 pr.

913 2587 988 2617 inde
1006 2598 1024 2618 a
1039 2588 1133 2618 Jens.
1149 2588 1278 2617 ancoris
1296 2589 1422 2618 solutis.
1469 2587 1567 2618 Rom.
1584 2593 1620 2618 et

914 2630 986 2660 libri
1012 2640 1074 2660 scr.
1103 2629 1214 2671 plures
1238 2639 1363 2659 ancora
1385 2631 1505 2666 soluta,
1532 2629 1620 2668 quod

914 2678 1085 2712 receptum
1111 2683 1131 2703 a
1153 2672 1304 2702 victorio
1332 2673 1367 2702 in
1393 2679 1517 2702 ceteras
1545 2671 1618 2702 edd.

915 2716 1017 2745 venir.
1062 2715 1125 2746 Sed
1141 2715 1355 2746 casaubonus
1371 2714 1549 2754 legendum
1565 2714 1621 2745 de-

915 2757 1071 2788 fendebat
1087 2767 1211 2788 ancora
1227 2757 1372 2793 sublata,
1387 2766 1460 2795 quae
1481 2762 1532 2786 est
1553 2756 1620 2787 for-

918 2810 973 2830 ma
988 2799 1189 2830 Latinorum
1206 2799 1366 2838 legitima.
1403 2798 1490 2838 Quia
1503 2799 1538 2829 iu
1553 2799 1619 2831 Ms.

918 2842 988 2873 Pal.
1006 2843 1169 2873 Gruterus
1193 2842 1315 2882 reperit
1330 2842 1459 2871 ancoris
1471 2842 1621 2879 sublatis,

917 2885 950 2916 id
965 2885 1183 2924 praetulerim.

959 2930 997 2958 41
1029 2937 1101 2967 qnoe
1118 2930 1269 2966 ,suerunt
1301 2935 1412 2958 omnes·
1443 2928 1623 2959 rhetorum.
