1940 3231
723 151 941 190 LIBER
982 153 1055 190 111.
1532 152 1608 191 519

600 255 636 297 C
647 254 658 296 l
669 254 836 298 CERO
867 254 1098 297 ATTICO
1130 255 1175 296 S.

176 310 324 366 ETSI
346 323 576 380 diligenter
598 325 650 365 ad
672 338 741 364 me
770 324 962 371 Quintus
992 323 1123 365 frater
1144 332 1189 363 et
1211 321 1329 372 Piso,
1350 333 1448 375 quae
1471 330 1614 361 essent

173 392 285 433 acta,
317 383 358 413 63
372 383 662 438 scripserunt:
697 391 842 423 tamen
875 382 1043 433 vellem,
1080 391 1154 422 tua
1187 389 1229 421 te
1263 377 1493 434 occupatio
1527 392 1614 418 non

171 438 437 495 impedisset,
475 453 562 494 quo
601 439 758 490 minus,
797 449 846 480 ut
887 439 1122 490 consuesti,
1160 437 1212 478 ad
1250 450 1334 486 me,
1371 434 1475 490 quid
1515 448 1616 489 age-

171 506 288 538 retur
308 506 352 537 et
370 496 476 551 quid
498 495 774 552 intelligeres,
797 497 1097 553 perscriberes.
1147 494 1226 535 Me
1247 493 1388 535 adhuc
1413 492 1615 533 Plancius

171 553 427 594 liberalitate
460 568 535 594 sua
573 554 850 610 retinet,jam
881 555 1110 610 aliquoties
1132 562 1337 595 conatum
1360 551 1420 590 ire
1443 550 1484 590 in
1512 548 1616 604 Epi-

172 624 281 652 rum.
303 624 399 666 spes
424 610 591 652 homini
623 622 687 653 est
719 612 894 667 injecta,
920 627 1004 653 non
1037 612 1201 662 eadem,
1224 624 1321 665 quae
1346 607 1467 658 mihi,
1490 620 1616 663 posse

169 681 247 709 nos
281 682 366 708 una
399 668 634 711 decedere:
669 684 798 725 quam
833 684 919 710 rem
959 670 1040 710 sibi
1081 683 1238 723 magno
1278 667 1431 708 honori
1473 674 1617 721 sperat

170 723 278 766 fore.
311 725 383 766 sed
418 726 576 781 64jam,
610 741 708 767 cum
742 727 974 768 adventare
1010 726 1167 767 milites
1200 725 1419 773 (licuntur,
1454 721 1616 762 facien-

169 781 271 823 dum
306 783 431 824 nobis
453 785 549 834 erit,
574 795 620 825 ut
651 786 705 825 ab
737 799 788 825 eo
820 786 1106 826 discedamus.
1129 783 1244 839 quod
1268 797 1365 823 cum
1391 781 1615 829 faciemus,

167 838 222 880 ad
246 850 288 880 te
309 841 455 881 statim
480 842 727 894 mittemus;
760 854 807 883 ut
839 844 962 893 scias,
986 842 1058 882 ubi
1091 842 1238 882 simus.
1302 837 1508 880 Lentulus
1536 852 1615 878 suo

168 895 213 937 in
236 911 314 938 nos
339 898 501 945 officio,
523 900 640 954 quod
663 910 706 940 et
738 914 796 951 re,
818 911 862 941 et
895 899 1130 956 promissis,
1153 909 1195 939 et
1227 897 1379 939 litteris
1410 894 1615 946 declarat,

165 968 286 1012 spem
310 956 436 997 nobis
458 957 705 998 nonnullam
729 957 855 998 affert
880 957 1076 1013 Pompeii
1100 955 1347 997 voluntatis.
1367 968 1482 1010 saepe
1498 952 1615 994 enim

166 1020 214 1053 tu
248 1013 301 1055 ad
341 1028 410 1055 me
448 1015 673 1071 scripsisti,
712 1029 810 1056 eum
849 1026 988 1056 totum
1025 1029 1116 1055 esse
1156 1015 1198 1054 in
1234 1013 1345 1053 illius
1384 1021 1615 1068 potestate.

163 1070 207 1101 65
223 1069 292 1112 De
315 1070 512 1123 Metello,
536 1073 708 1128 scripsit
729 1073 782 1113 ad
805 1087 874 1113 me
899 1072 1045 1122 frater,
1067 1082 1276 1127 quantum
1301 1071 1497 1125 sperarit,
1522 1083 1616 1124 per-

167 1125 331 1169 fectum
354 1143 446 1170 esse
470 1144 545 1185 per
568 1139 623 1171 te.
677 1129 745 1171 Mi
772 1130 1002 1186 Pomponi,
1028 1144 1188 1185 pugna,
1214 1139 1258 1168 ut
1283 1139 1425 1167 tecum
1449 1136 1492 1166 et
1513 1140 1613 1167 cum

166 1187 274 1226 meis
310 1187 419 1228 mihi
453 1186 579 1228 liceat
615 1188 784 1230 vivere:
817 1197 860 1228 et
895 1187 1034 1229 scribe
1068 1187 1120 1227 ad
1155 1200 1223 1227 me
1257 1185 1416 1226 omnia.
1442 1198 1613 1240 premor

166 1256 265 1284 cum
297 1243 432 1294 luctu,
454 1244 495 1275 66
509 1254 596 1285 tum
631 1245 842 1286 desiderio
874 1259 1067 1286 meorum
1098 1244 1309 1294 omnium,
1331 1252 1425 1282 tum
1446 1242 1727 1298 eorum,1³·5⁰·

166 1301 240 1355 qui
277 1301 384 1343 mihi
422 1316 490 1342 me
523 1303 706 1343 cariores
746 1317 914 1360 semper
951 1302 1140 1343 fuerunt.
1202 1300 1332 1352 Cura,
1370 1308 1419 1340 ut
1458 1296 1657 1340 valeas&

168 1358 280 1417 Ego,
303 1359 434 1415 quod,
459 1374 534 1415 per
555 1359 821 1402 Thessaliam
846 1362 878 1401 si
905 1361 1011 1401 irem
1034 1360 1078 1400 in
1111 1358 1308 1416 Epirum,
1332 1357 1482 1413 perdiu
1508 1356 1615 1398 nihil

166 1431 282 1458 eram
307 1417 546 1468 auditurus,
568 1428 612 1458 et
633 1418 749 1473 quod
773 1418 856 1459 mei
885 1418 1102 1458 studiosos
1126 1417 1265 1458 habeo
1301 1414 1614 1471 Dyrrachinos,

165 1475 219 1515 ad
238 1488 311 1515 eos
335 1475 520 1530 perrexi,
538 1490 637 1516 cum
658 1476 728 1516 illa
751 1476 972 1532 superiora
990 1474 1311 1516 Thessalonicae
1333 1472 1613 1529 scripsissem.

163 1531 265 1574 inde
296 1546 394 1573 cum
427 1532 479 1573 ad
514 1542 555 1573 te
587 1547 654 1574 me
686 1543 953 1584 convertam,
976 1532 1134 1574 faciam
1169 1543 1215 1573 ut
1245 1532 1371 1573 scias.
1404 1540 1537 1586 tuque
1560 1530 1615 1571 ad

162 1589 401 1632 zue-velim
442 1591 591 1632 omnia
628 1605 759 1646 quam
800 1590 1148 1648 diligentissime,
1190 1588 1456 1631 cuicuimodi
1498 1597 1614 1640 sunt,

1624 255 1680 291 22

203 1722 244 1754 63
276 1722 492 1762 sav-ipserum]
532 1722 586 1753 Sic
619 1722 694 1754 edd.
729 1732 863 1754 omnes:

158 1768 276 1796 tamen
302 1764 386 1796 edidi
414 1767 633 1805 scripserunt:
666 1765 864 1806 praesertim,

159 1818 238 1839 eum
259 1813 294 1839 et
316 1818 467 1848 sequens,
483 1812 596 1838 tamen
618 1810 746 1845 vellem,
771 1808 866 1839 nullo

161 1852 261 1883 modo
274 1859 349 1891 post
362 1852 562 1891 scripserant
577 1856 666 1882 stare
682 1857 805 1892 potest.

205 1894 247 1926 64
259 1893 353 1934 jam,
376 1903 450 1924 cum
475 1893 656 1924 adventare
678 1894 798 1924 milites
819 1894 870 1924 di-

163 1936 302 1977 cuntur]
337 1935 513 1967 Dicuntur
540 1937 689 1967 revocavi
727 1947 767 1967 ex
796 1936 869 1967 edd.

163 1978 261 2011 Rom.
275 1978 351 2009 Ald.
369 1979 515 2020 Hervag.
528 1984 649 2010 ceterae
665 1978 741 2009 inde
757 1989 775 2010 a
788 1979 870 2009 Jen-

160 2030 245 2053 sono
269 2022 433 2058 dicentur,
448 2021 589 2061 denique
603 2032 621 2052 e
642 2021 760 2052 Faerni
783 2021 869 2052 libro

161 2065 350 2095 dicerentur
361 2076 371 2093 .·
390 2064 477 2103 quod
493 2066 596 2095 miror
610 2068 781 2105 arreptum
798 2074 866 2095 esse

161 2117 181 2138 a
198 2107 355 2143 Grutero,
372 2107 473 2137 etiam
497 2107 647 2138 Graevioz
672 2116 747 2137 cum
771 2107 800 2137 ei
818 2117 868 2138 re-

160 2160 310 2190 pugnare
324 2149 509 2189 sequentia,
525 2151 588 2180 erit
601 2154 635 2180 et
651 2149 866 2187 discedamus,

160 2193 264 2223 etiam
279 2192 345 2222 tiro
360 2191 484 2222 sentire
499 2192 622 2232 possit:
648 2201 725 2222 nam
743 2202 800 2232 pro
816 2192 867 2223 his

161 2234 297 2266 deberet
311 2244 380 2265 esse
395 2239 469 2265 erat
483 2239 518 2265 et
531 2235 779 2266 discederemus.
814 2235 868 2267 Ita

161 2286 249 2319 saepe
278 2277 456 2308 occaecavit
483 2277 625 2308 Criticos
651 2277 726 2308 libri
753 2278 867 2318 scripti

161 2329 299 2354 nomen.
338 2319 527 2360 Malaspina
541 2319 738 2361 conjiciebat
752 2320 866 2350 dican-

160 2368 230 2401 tur,
246 2362 334 2403 quod
349 2367 384 2393 et
406 2362 488 2392 mihi
511 2362 592 2393 olim
608 2362 792 2400 videbatur,
807 2373 866 2394 an-

123 2421 138 2431 -·
160 2410 295 2446 tequam
319 2410 446 2436 veteres
468 2405 569 2436 libros
586 2405 742 2437 videram.
765 2405 799 2436 in
823 2406 865 2436 si-

161 2448 376 2489 gnificatione
405 2448 565 2488 tempofis
592 2449 751 2479 dicuntur
780 2447 865 2479 nihil

160 2491 234 2522 virii
250 2491 362 2522 habet.
375 2491 496 2521 milites
508 2490 616 2522 intell.
630 2490 757 2522 Pisonis
769 2491 864 2522 Proc.

161 2534 287 2565 inimici
303 2533 468 2565 Ciceroni.

203 2577 245 2608 65
267 2576 323 2608 De
344 2575 683 2616 Metello—quantum
704 2580 866 2616 speraret,

154 2618 344 2660 prqfectum
375 2627 441 2649 esse
468 2628 528 2658 per
562 2619 607 2659 te]
643 2619 695 2649 De
727 2618 867 2649 Metello

163 2660 308 2694 Consule
325 2661 477 2692 Ciceroni
494 2660 642 2699 inimico,
657 2660 713 2692 sed
736 2661 868 2702 placato

164 2703 338 2741 haetenus,
365 2708 404 2734 ut
431 2703 678 2734 restitutionem
700 2704 770 2744 ejus
800 2713 868 2734 non

164 2746 352 2787 impediret.
379 2745 440 2776 Ed.
455 2745 555 2777 Rom.
572 2745 868 2786 habetperfectum

162 2797 240 2826 esse,
255 2788 347 2820 Jens.
364 2787 565 2829 prefectum.
609 2788 745 2829 Vulgati
768 2788 868 2829 pleri-

162 2839 228 2870 que
246 2831 351 2862 secuti
372 2836 453 2862 sunt
474 2831 561 2862 hanc
583 2831 782 2862 lectionem:
807 2841 868 2871 ego

164 2871 250 2905 edidi
281 2872 397 2910 illam3
426 2883 503 2904 nam
531 2879 695 2914 quantum
722 2883 772 2916 sp.
801 2884 869 2904 non

909 1722 1066 1753 convenit
1080 1721 1171 1759 huic,
1188 1731 1248 1752 nec
1264 1719 1299 1751 rb
1309 1730 1372 1760 per
1387 1724 1430 1751 te.
1468 1720 1530 1750 Sed
1543 1729 1615 1760 spe-

908 1769 1003 1796 raret
1024 1765 1182 1795 vitiosum
1213 1768 1265 1795 est
1290 1763 1479 1799 manifeste,
1504 1761 1618 1793 debet-

908 1817 970 1846 que
1000 1817 1069 1838 esse
1099 1812 1158 1838 aut
1185 1807 1328 1846 sperarit
1355 1811 1414 1836 aut
1445 1810 1616 1845 sperasset.

908 1851 973 1881 Sed
1002 1850 1086 1881 illud
1111 1849 1260 1891 praetuli.
1304 1848 1451 1888 Quintus
1477 1849 1617 1888 scripse-

913 1899 986 1924 rat:
1011 1897 1175 1933 quantum
1196 1893 1338 1931 speravi,
1363 1890 1546 1931 perfeetum
1570 1895 1618 1920 est

906 1945 971 1976 per
985 1936 1135 1966 Atticum
1148 1948 1157 1964 .-
1179 1934 1258 1964 hinc
1273 1934 1308 1963 in
1332 1934 1521 1965 narratione
1545 1933 1616 1973 ejus

912 1978 965 2015 fit,
981 1982 1145 2018 quantum
1159 1977 1312 2017 sperarit.

955 2022 996 2052 66
1019 2025 1092 2051 tum
1115 2021 1179 2050 des.
1196 2029 1343 2049 meorum
1365 2019 1525 2054 omnium,
1544 2020 1617 2047 tum

910 2073 1035 2100 eorum,
1053 2064 1108 2104 qui
1124 2062 1199 2102 δῖα]
1227 2061 1310 2092 Haec
1336 2061 1436 2092 lectio
1451 2066 1501 2091 est
1516 2071 1536 2091 a
1550 2059 1616 2089 Bo-

909 2107 971 2143 sio,
997 2106 1051 2146 qui
1079 2106 1124 2136 sic
1146 2114 1180 2135 se
1203 2106 1238 2135 iu
1261 2103 1353 2134 libris
1375 2114 1436 2134 scr.
1460 2103 1616 2144 reperisse

910 2149 1001 2180 dicit.
1032 2148 1095 2181 Ed.
1107 2149 1205 2180 Rom.
1222 2147 1322 2178 habet
1337 2147 1401 2177 des.
1416 2155 1531 2177 rerum
1546 2155 1615 2175 om-

910 2193 1017 2229 nium,
1042 2195 1115 2222 tum
1140 2200 1254 2221 eorum
1280 2190 1337 2229 qui
1366 2191 1425 2221 &c.
1448 2189 1498 2220 ed.
1520 2189 1616 2219 dens.

911 2235 976 2265 des.
1007 2243 1123 2265 rerum
1153 2232 1312 2268 omnium,
1344 2242 1415 2272 quoe
1443 2233 1525 2264 mihi
1556 2231 1615 2261 &c-

911 2276 997 2308 hanc
1019 2277 1168 2307 Graevius
1193 2280 1268 2315 post
1281 2275 1468 2305 victorium
1484 2280 1518 2305 et
1532 2273 1615 2304 alios

910 2325 1044 2350 secutus
1071 2324 1132 2349 est.
1178 2318 1262 2348 Eam
1289 2327 1356 2347 non
1383 2327 1516 2358 possum
1541 2326 1619 2357 pro-

911 2362 1000 2393 bare.
1023 2361 1062 2393 de
1089 2362 1198 2398 rebus,
1220 2361 1256 2390 in
1279 2360 1399 2398 quibus
1422 2360 1489 2390 fere
1513 2359 1615 2397 bona,

908 2404 1146 2441 domus,villae‚
1158 2401 1408 2442 intelliguntur,
1419 2404 1535 2434 Cicero
1545 2412 1615 2433 non

908 2448 954 2477 sic
978 2447 1136 2488 loquitur.
1182 2445 1315 2476 Servavi
1342 2444 1523 2476 lectionem
1549 2445 1618 2476 Bo.

907 2491 1057 2520 sinnam:
1092 2488 1148 2519 sed
1179 2489 1212 2518 in
1244 2498 1284 2518 ea
1313 2497 1388 2518 cum
1425 2487 1616 2525 delendum,

909 2532 996 2571 quod
1012 2543 1032 2563 a
1049 2532 1130 2563 Mss.
1146 2530 1280 2562 Balliol‘.
1295 2536 1330 2561 et
1348 2530 1491 2562 Helmst.
1511 2530 1616 2562 abest.

910 2579 983 2606 tum
1005 2582 1055 2605 est
1077 2574 1187 2605 alieno
1210 2573 1297 2610 loco,
1313 2578 1348 2604 et
1364 2583 1424 2614 pro
1437 2583 1551 2604 eorum
1567 2573 1616 2604 ie-

911 2617 1055 2657 gendum
1072 2622 1122 2647 est
1139 2620 1334 2647 ceterorum.
1379 2616 1434 2647 Ita
1456 2616 1547 2646 locus
1568 2616 1616 2646 sic

911 2661 1125 2691 restituetur:
1148 2669 1282 2699 premor
1297 2659 1389 2689 luctu
1408 2664 1439 2689 et
1459 2658 1616 2689 desiderio

911 2707 984 2733 tum
1000 2711 1149 2733 meorum
1162 2703 1321 2737 omnium,
1331 2705 1403 2732 tum
1419 2706 1614 2737 ceterorum,

911 2746 968 2785 qui
984 2745 1066 2776 mihi
1084 2754 1136 2776 me
1157 2745 1300 2775 cariores
1320 2753 1446 2783 semper
1455 2741 1617 2782 ‚ritca-unt.

912 2797 991 2819 nam
1014 2789 1049 2819 in
1065 2786 1225 2818 desiderio
1239 2787 1301 2817 tali
1316 2786 1401 2816 solet
1416 2786 1535 2817 Cicero
1551 2785 1617 2824 pri-

913 2841 1004 2861 mum
1035 2840 1125 2868 suos,
1147 2834 1223 2862 tum
1247 2829 1418 2862 amiciores
1439 2827 1500 2859 sibi
1525 2837 1615 2859 com-

914 2883 1109 2905 memorare.

835 2915 943 2958 214
