1940 3231
328 152 406 187 5290
701 145 880 184 EPIST.
908 144 987 183 AD
1013 145 1061 186 Q.
1088 145 1389 189 FRATREM,

328 249 612 294 ministranda
631 249 751 302 Asia,
774 251 845 292 sed
867 264 916 292 ea
938 257 1030 291 tota
1050 250 1400 307 32jurisdictione
1421 249 1610 292 maxime
1632 252 1759 293 susti-

327 311 435 351 neri.
469 309 519 351 In
533 323 618 365 qua
634 308 824 349 scientiae
846 308 1082 364 praesertim
1102 309 1375 364 provincialis
1390 309 1498 349 ratio
1517 308 1610 364 ipsa
1627 322 1759 364 expe-

329 368 421 409 dita
440 377 529 408 est:
562 365 806 408 constantia
825 375 889 406 est
911 364 1154 406 adhibenda
1176 375 1219 407 et
1247 365 1450 422 gravitaS,
1472 379 1569 420 quae
1592 365 1761 407 resistat

328 439 417 466 non
450 425 586 466 solum
621 423 787 479 gratiae,
819 436 966 462 verum
1001 422 1131 462 etiam
1167 423 1416 479 suspicioni.
1468 422 1760 479 Adjungenda

328 482 459 523 etiam
483 490 547 522 est
574 479 756 520 facilitas
790 479 830 518 in
855 478 1082 528 audiendo,
1105 479 1254 520 lenitas
1277 481 1320 521 in
1343 479 1625 530 decernendo,
1657 482 1697 510 33
1715 480 1758 521 in

330 538 633 580 satisfaciendo
665 551 714 577 ae
745 535 1004 590 disputando
1036 535 1274 592 diligentia.
1338 537 1422 579 His
1458 537 1585 578 rebus
1626 549 1761 592 nuper

331 596 433 637 34C.
459 595 667 637 Octavius
685 592 1024 648 jucundissimus
1048 592 1155 635 fuit:
1188 595 1301 650 apud
1323 609 1450 650 quem
1472 597 1512 624 35
1525 594 1686 649 primu-s
1709 593 1759 634 li-

332 663 426 695 ctor
446 651 635 707 quievit3
659 650 794 691 tacuit
816 663 1046 691 accensus:
1070 650 1239 705 quoties
1261 652 1442 706 quisque
1461 652 1612 701 voluit,
1630 650 1759 702 dixit,

310 719 374 752 -et
395 724 522 765 quam
546 709 682 750 voluit
703 708 791 749 diu.
852 706 1023 754 Quibus
1056 707 1125 747 ille
1154 709 1280 749 rebus
1302 708 1482 749 fortasse
1502 708 1631 749 nimis
1653 708 1759 749 lenis

285 766 315 787 ὅ·
333 768 560 818 videretur,
581 766 663 807 nisi
686 765 782 806 haee
803 764 954 805 lenitas
977 764 1091 805 illam
1117 765 1385 806 severitatem
1411 774 1612 806 tueretur.
1670 765 1758 806 Co-

330 826 544 882 gebantur
569 822 731 865 Sullani
763 821 974 873 homines,
995 836 1092 877 quae
1117 837 1191 877 per
1213 822 1301 863 vim
1322 833 1367 864 et
1388 831 1547 863 metum
1571 822 1760 864 abstule-

327 891 440 933 rant,
470 881 659 923 reddere.
690 880 764 935 qui
796 879 839 920 in
870 879 1194 935 magistratibus
1226 879 1433 936 injuriose
1466 879 1759 932 decreverant,

328 941 480 982 eodem
504 939 607 995 ipsis
630 936 809 994 privatis
831 945 922 978 erat
945 937 1044 992 jure
1066 937 1316 993 parendum.
1347 936 1443 978 haee
1473 936 1584 977 illius
1605 938 1760 979 severi-

328 1008 394 1040 tas
425 998 580 1039 acerba
609 996 838 1044 videretur,
869 995 951 1035 nisi
984 993 1129 1035 multis
1159 995 1447 1037 condimentis
1478 993 1761 1037 humanitatis

327 1055 615 1111 mitigaretur.
676 1051 844 1100 Quodsi
875 1050 971 1093 haec
1001 1051 1153 1093 lenitas
1184 1062 1307 1109 grata
1338 1052 1492 1094 Romae
1524 1061 1603 1103 est,
1629 1052 1671 1082 36
1686 1053 1759 1094 ubi

330 1123 451 1153 tanta
471 1111 719 1167 arrogantia
747 1118 827 1160 est,
857 1118 942 1150 tam
967 1109 1248 1152 immoderata
1269 1110 1458 1161 libertas,
1480 1118 1567 1150 tam
1590 1107 1762 1151 infinita

328 1169 553 1211 hominum
591 1167 780 1218 lieentia,
811 1167 998 1222 denique
1038 1175 1105 1208 tot
1143 1168 1435 1223 magistratus,
1477 1175 1544 1208 tot
1583 1165 1761 1218 auxilia,

327 1230 367 1261 37
383 1236 503 1268 tanta
525 1227 587 1267 vis
610 1224 814 1282 [populi]‚
837 1232 957 1265 tanta
977 1234 1149 1265 senatus
1171 1225 1430 1267 auctoritas:
1453 1237 1581 1280 quam
1597 1222 1761 1278 Jucun-

327 1285 382 1326 da
403 1285 575 1326 tandem
598 1282 795 1339 praetoris
816 1281 1000 1323 comitas
1019 1282 1063 1323 in
1082 1281 1186 1323 Asia
1204 1291 1346 1339 potest
1367 1296 1472 1333 esse,
1494 1281 1539 1323 in
1556 1295 1642 1337 qua
1664 1290 1760 1323 tan-

327 1350 371 1383 ta
400 1341 632 1383 multitudo
653 1339 831 1390 civium,
861 1347 980 1380 tanta
1011 1339 1242 1390 sociorum,
1265 1348 1332 1381 tot
1352 1340 1493 1390 urbes,
1516 1347 1584 1381 tot
1603 1338 1757 1380 civita-

327 1411 390 1440 tes
411 1399 536 1441 unius
561 1396 746 1440 hominis
765 1406 918 1438 nutum
938 1396 1189 1440 intuentur?
1219 1396 1347 1438 ³8ubi
1365 1396 1529 1438 nullutn
1547 1395 1758 1438 auxilium

325 1465 405 1507 est,
435 1457 551 1498 nulla
580 1454 851 1510 conquestio,
871 1453 1012 1495 nullus
1041 1463 1229 1506 senatuS,
1257 1454 1375 1496 nulla
1398 1453 1581 1496 concio?
1613 1453 1762 1500 Quare

326 1529 425 1556 eum
455 1512 680 1570 permagni
711 1511 899 1553 hominis
927 1520 1010 1562 est,
1029 1520 1073 1553 et
1102 1526 1202 1554 cum
1233 1511 1327 1568 ipsa
1355 1523 1508 1554 natura
1532 1510 1761 1562 moderati,

326 1582 419 1613 tum
445 1586 546 1613 vero
568 1573 698 1612 etiam
730 1569 942 1620 doctrina,
963 1577 1093 1624 atque
1123 1568 1387 1626 optimarum
1417 1569 1574 1611 artium
1605 1568 1760 1610 studiis

325 1629 497 1681 eruditi,
520 1630 581 1670 sie
612 1643 656 1669 se
687 1626 892 1668 adhibere
913 1626 955 1667 in
981 1635 1100 1667 tanta
1121 1636 1350 1684 potestate,
1371 1633 1421 1667 ut
1441 1625 1557 1668 nulla
1577 1625 1659 1667 alia
1682 1640 1760 1681 po-

286 1693 456 1729 8testas
487 1687 541 1727 ab
564 1686 630 1736 iis,
653 1685 808 1740 quibus
839 1684 850 1724 i
888 1697 931 1724 se
960 1684 1123 1739 praesit,
1144 1684 1421 1727 desideretur.
1473 1682 1613 1739 Cyrus
1642 1682 1712 1724 ille
1732 1698 1759 1724 a

326 1744 626 1800 Xenophonte
655 1757 742 1783 non
771 1741 825 1783 ad
889 1741 1049 1782 istoriae
1079 1741 1211 1783 fidem
1241 1742 1441 1798 scriptus,
1478 1740 1552 1782 sed
1582 1740 1634 1782 ad
1664 1739 1760 1781 effi·

324 1803 438 1857 giem
465 1801 574 1857 justi
607 1799 801 1856 imperii:
833 1798 956 1853 cujus
979 1813 1148 1840 summa
1177 1800 1364 1856 gravitas
1395 1799 1450 1840 ab
1471 1797 1544 1840 illo
1567 1797 1758 1853 philoso-

356 1860 412 1900 ho
434 1873 533 1900 eum
555 1855 760 1914 singulari
784 1857 990 1898 comitate
1011 1856 1319 1912 conjungitur:
1349 1860 1476 1912 (quos
1509 1855 1683 1911 quidem
1705 1855 1758 1896 li-

320 1875 423 1958 Eros
454 1931 540 1957 non
572 1917 663 1957 sine
693 1930 823 1955 causa
853 1923 997 1954 noster
1028 1914 1097 1955 ille
1128 1913 1359 1956 Africanus
1383 1914 1437 1955 de
1458 1913 1656 1954 manibus
1678 1928 1757 1969 po-

320 1989 422 2015 nere
458 1989 544 2015 non
585 1973 770 2014 solebat:
812 1971 978 2012 nullum
1017 1981 1082 2012 est
1113 1973 1228 2012 enim
1260 1971 1595 2028 praetermissum
1628 1971 1671 2012 in
1703 1970 1756 2012 iis*

320 2032 514 2074 officium
537 2031 756 2087 diligentis
779 2039 822 2071 et
845 2029 1052 2070 moderati
1076 2029 1244 2086 imperii
1261 2032 1292 2079 ε)
1323 2031 1364 2063 39
1377 2042 1525 2084 eaque,
1545 2028 1579 2069 si
1601 2028 1663 2069 sic
1681 2043 1755 2070 eo->

359 2149 400 2178 32
414 2145 646 2185 jurisdictione
659 2143 824 2183 sustineri]
852 2142 1015 2173 Usitatius

317 2190 486 2226 omnium-i,
509 2188 596 2229 qnod
619 2188 749 2227 quidam
778 2187 933 2216 substitui
961 2196 1013 2215 vo-

318 2232 418 2262 luere.
442 2242 507 2262 non
524 2237 574 2262 est
590 2240 730 2260 necesse.
754 2239 828 2259 nam
846 2228 912 2259 fere
929 2228 1015 2258 idem

317 2281 366 2305 est
383 2280 495 2314 tropus
512 2274 544 2304 in
561 2279 700 2312 utroque
714 2272 824 2301 verbo.

360 2320 399 2348 33
422 2318 456 2347 in
482 2315 711 2356 satisfaciendo
739 2324 779 2344 ac
802 2313 1010 2354 disputando]

316 2369 347 2391 v.
366 2359 457 2390 Clav.
472 2360 506 2389 in
520 2357 719 2397 satisfacere.

358 2405 399 2432 34
418 2402 473 2433 Cn.
488 2400 656 2439 Octavius]
669 2400 712 2438 ‘ln
727 2398 920 2430 Macedonia
933 2408 1015 2438 prae-

314 2447 381 2480 tor,
398 2455 426 2474 v·
443 2444 534 2474 Clav.
567 2445 721 2475 Ceterum
739 2442 862 2471 correxi
887 2441 919 2471 C.
936 2450 1013 2471 nam

314 2486 378 2516 hoc
400 2496 588 2526 praenoinen
611 2485 699 2515 illius
726 2485 855 2514 Octavii
877 2483 952 2519 fuit,
975 2490 1014 2514 ut

313 2529 368 2558 alii
396 2528 672 2564 demonstravere,
701 2532 734 2557 et
763 2528 808 2557 sic
837 2526 935 2556 habet
962 2525 1012 2556 ed.

312 2571 404 2601 JenS.
418 2581 515 2610 quam
532 2569 639 2600 nescio
655 2569 817 2608 quomodo
833 2568 885 2598 hie
899 2578 1012 2598 omnes

313 2613 493 2643 deseruere.
539 2612 698 2643 Similiter
712 2618 761 2642 est
779 2612 812 2641 in
827 2621 877 2650 ep.
894 2614 925 2641 2.

355 2659 396 2686 35
413 2656 544 2695 primus
572 2656 664 2684 lictor
686 2654 818 2694 quievit]
849 2654 917 2684 Cur
939 2655 1012 2692 pri.

312 2699 413 2729 mus?
436 2698 490 2737 qui
515 2697 598 2728 nihil
621 2696 775 2737 praecipui
799 2695 908 2731 habet,
928 2705 1010 2735 prae-

311 2743 363 2771 'ter
401 2740 660 2770 admonitionem
690 2743 724 2768 et
753 2738 1008 2775 submotionem,

312 2794 386 2813 cun]
418 2788 539 2823 praetor
568 2781 689 2812 incedit
713 2781 746 2810 in
774 2779 917 2819 publico,
945 2791 1009 2819 quo

310 2824 463 2855 'trahebat
489 2824 618 2865 Lipsius
646 2823 752 2853 Elect.
778 2823 805 2859 1,
831 2824 881 2853 23.
905 2822 960 2852 sed
976 2822 1008 2852 id

310 2867 350 2897 ab
365 2867 398 2897 h.
416 2867 438 2897 l.
460 2867 619 2904 alienum,
643 2866 698 2896 ubi
719 2875 825 2895 sermo
840 2870 890 2894 est
904 2864 942 2894 de
955 2865 1007 2905 ju—

311 2909 512 2943 yisdictione.
543 2909 729 2949 Mainspiua
743 2907 926 2947 corrigebat
936 2910 1007 2948 pri-

1058 2153 1163 2180 mum,
1178 2147 1212 2174 et
1234 2147 1313 2174 sunt
1332 2142 1398 2174 alia
1410 2141 1572 2183 exempla,
1587 2142 1644 2173 ubi
1658 2142 1692 2174 id
1705 2139 1756 2175 est

1057 2186 1127 2224 sine
1141 2187 1264 2216 deinde.

1099 2229 1140 2259 36
1162 2230 1215 2259 ubi
1243 2233 1339 2259 tanta
1361 2227 1558 2266 arrogantia
1582 2227 1644 2268 est]
1668 2227 1756 2259 Puta

1057 2280 1137 2305 esse,
1154 2272 1206 2301 ubi
1223 2271 1371 2302 homines
1385 2278 1453 2300 tarn
1470 2274 1549 2299 sunt
1564 2275 1755 2310 arrogantes

1056 2315 1157 2344 etiam
1173 2315 1324 2344 adversus
1347 2313 1571 2351 magistratus,
1586 2318 1624 2342 ut
1638 2313 1688 2343 his
1703 2322 1754 2343 se·

1056 2357 1175 2386 veritas
1200 2356 1378 2386 necessaria
1400 2354 1560 2392 videatur,
1577 2355 1617 2386 ad
1641 2361 1754 2386 retun-

1056 2398 1194 2429 dendam
1212 2398 1296 2439 hane
1315 2397 1549 2436 arrogantiam.

1098 2443 1137 2474 37
1161 2444 1257 2471 tanta
1273 2441 1331 2480 vis]
1349 2439 1513 2470 Exeidisse
1529 2443 1610 2478 puto
1621 2440 1754 2479 populi:

1056 2493 1132 2514 nani
1160 2483 1252 2519 alias,
1278 2492 1351 2522 quae
1374 2483 1422 2512 vis
1442 2482 1498 2517 sit,
1522 2482 1663 2520 intelligi
1687 2491 1754 2515 non

1056 2531 1177 2566 potest,
1202 2530 1239 2555 ut
1262 2526 1443 2555 auctoritas
1465 2532 1530 2553 non
1554 2524 1756 2563 intelligere.

1054 2575 1122 2605 tur,
1139 2569 1164 2598 si
1178 2568 1303 2598 abesset
1319 2571 1468 2598 senatus:
1485 2569 1518 2595 et
1535 2566 1709 2606 respondet
1722 2564 1754 2599 ei

1055 2611 1088 2640 in
1104 2621 1172 2650 sqq.
1185 2610 1301 2640 concio.
1325 2619 1385 2640 nec
1398 2607 1542 2638 dubitavi
1555 2608 1684 2647 addere,
1697 2609 1753 2641 sed

1056 2653 1218 2683 inclusum
1235 2652 1338 2682 uncis.

1095 2698 1134 2727 38
1158 2696 1212 2725 uhi
1236 2696 1364 2724 nullum
1387 2693 1552 2724 auxilium
1575 2697 1633 2731 est,
1658 2694 1754 2724 nulla

1052 2736 1246 2777 conquestio]
1272 2736 1437 2766 auxilium
1465 2740 1516 2765 est
1541 2736 1752 2768 tribunorum

1051 2780 1165 2820 plebis,
1180 2778 1358 2818 conquestio
1378 2777 1465 2817 apud
1482 2777 1563 2808 alios
1577 2777 1752 2818 magistra·

1051 2829 1118 2859 tus,
1134 2821 1282 2863 praetoris
1297 2819 1449 2859 collegas.

1093 2867 1134 2899 39
1156 2873 1257 2904 eaque
1270 2864 1299 2894 si
1311 2863 1358 2893 sic
1371 2862 1471 2892 coluit
1484 2860 1554 2901 ille]
1574 2860 1613 2892 ln
1628 2861 1690 2893 hac
1704 2860 1753 2898 100-

1051 2908 1161 2944 etione
1173 2906 1280 2941 oratio
1292 2909 1342 2938 eet
1356 2903 1553 2948 ᾇροκὸλιθη.
1575 2913 1658 2936 nam>
1668 2901 1752 2936 nihil
