1940 3231
279 138 355 172 660
699 133 876 172 EPIST.
903 135 982 172 AD
1009 133 1296 177 ATTICUM,

280 239 455 280 modum
480 246 641 280 rectum
665 239 733 288 sit,
757 238 964 294 intelligo.
1029 238 1156 279 Plura
1175 238 1418 287 scriberem,
1445 237 1476 277 si
1499 237 1590 293 ipse
1612 251 1709 293 pos-

282 311 387 336 sem.
409 296 496 343 sed,
521 306 566 336 ut
588 296 692 336 mihi
719 297 877 346 videor,
903 308 1053 351 polero
1080 297 1224 337 biduo.
1290 294 1410 334 Balbi
1432 294 1620 335 Cornelii
1644 295 1713 335 lit-

283 363 468 394 terarum
499 353 760 408 exemplum,
795 368 899 407 quas
933 354 1082 393 eodem
1106 354 1174 393 die
1196 352 1357 406 accepi,
1380 366 1464 406 quo
1488 362 1596 401 tuas,
1618 351 1714 392 misi

284 411 335 451 ad
361 422 416 461 te,
442 421 485 450 ut
510 425 645 451 meam
671 411 804 450 vicem
828 410 1005 460 doleres,
1027 425 1124 450 cum
1150 424 1215 450 me
1237 409 1417 450 derideri
1442 408 1620 450 videres.

596 498 832 539 BALBUS
867 497 1171 539 CICERONI
1205 499 1338 539 IMP.
1371 498 1415 538 S.

286 558 419 614 OBS
430 570 596 613 ΕΘΠΟ
619 578 669 622 te,
696 569 851 620 Cicero,
872 571 1028 625 suscipe
1049 586 1187 612 curam
1210 579 1246 611 et
1265 571 1549 628 cogitationem
1564 569 1718 625 dignis-

283 629 423 670 simam
459 637 535 669 tuce
564 628 740 676 virtutis,
773 636 817 668 ut
838 627 1033 669 Caesarem
1062 635 1099 669 et
1123 627 1378 682 Pompeium,
1396 627 1568 683 Pfflfidl'a
1592 626 1720 667 horni-

286 702 380 726 πείνη
404 686 628 735 distractos,
652 700 785 726 rursus
816 684 856 725 in
887 685 1104 740 pristinam
1134 684 1387 726 concordiam
1411 685 1586 728 reducas.
1610 682 1725 725 crede

243 738 275 767 b.
289 743 402 789 milii,
429 742 623 783 Caesarem
646 758 727 782 non
747 741 872 782 solum
891 740 993 798 fore
1014 742 1057 783 in
1081 749 1151 783 tua
1166 748 1381 796 potestate,
1401 742 1469 782 sed
1490 742 1610 782 etiam
1633 755 1721 781 ma-

289 800 442 840 ximnm
478 799 710 854 beneficiam
733 807 770 840 te
789 800 869 840 sibi
890 798 1037 839 dedisse
1044 798 1346 856 judicaturum,
1367 798 1400 838 si
1422 798 1497 839 buc
1520 805 1558 839 te
1578 797 1724 854 rejici&

287 856 421 908 velim,
450 856 554 897 idem
589 856 808 911 Pompeius
823 855 988 912 faciat:
1020 856 1091 911 qui
1114 863 1159 896 ut
1192 855 1340 896 adduci
1369 854 1447 896 tali
1475 861 1648 909 tempore
1668 853 1724 895 ad

287 913 415 954 ullam
448 914 718 954 conditionem
745 913 885 968 possit,
919 913 1046 969 magis
1078 920 1185 968 opto,
1219 928 1339 968 quam
1367 926 1495 967 spero.
1523 911 1602 963 sed,
1635 926 1725 952 cum

288 971 527 1021 constiterit,
551 978 588 1011 et
608 970 745 1011 timere
766 970 941 1021 desierit,
964 978 1047 1011 tum
1070 969 1264 1024 incipiam
1285 985 1363 1010 uon
1386 969 1594 1024 desperare
1615 975 1728 1009 tuam

288 1029 575 1069 tauctoritatem
588 1028 813 1082 plurimum
835 1027 947 1083 apud
965 1043 1053 1069 eum
1072 1027 1307 1068 valituram.
1363 1026 1485 1071 Quod
1505 1025 1725 1067 Lentulum

289 1100 433 1135 meam,
461 1084 671 1136 consulem,
703 1085 866 1126 voluisti
895 1085 959 1126 bic
990 1099 1207 1135 remanere,
1236 1082 1388 1125 Caesari
1412 1090 1594 1140 gratum,
1625 1082 1735 1124 mihi.

291 1157 384 1183 vero
403 1143 674 1198 gratissimum
698 1141 1153 1199 mediusfidiusfecisti.
1173 1156 1268 1182 uam
1290 1144 1327 1171 84
1343 1140 1459 1181 illum
1472 1141 1579 1181 tanti
1587 1138 1727 1196 facio,

296 1200 368 1255 qui
389 1214 470 1240 ‘non
495 1199 690 1241 Caesarem
712 1200 841 1256 *magis
857 1199 1028 1256 diligam
1043 1216 1055 1240 .·
1077 1199 1147 1255 qui
1168 1198 1201 1238 si
1212 1210 1353 1253 passas
1373 1204 1482 1249 esset,
1503 1212 1572 1238 nos
1587 1211 1732 1247 secum,

295 1264 343 1297 ‘ut
376 1271 667 1307 censueramus,
701 1256 827 1313 loqui,
857 1264 895 1298 et
923 1272 1001 1298 non
1023 1271 1061 1297 se
1082 1263 1209 1297 totum
1231 1255 1351 1296 etiam
1375 1262 1413 1296 et
1434 1254 1556 1296 etiam
1577 1253 1630 1295 ab
1650 1268 1731 1294 ser-

291 1328 406 1354 mone
422 1321 555 1355 nostro
573 1314 791 1365 avertisset,
807 1314 938 1355 minus
959 1314 1089 1363 miser,
1106 1327 1226 1368 qnam
1247 1327 1346 1363 sum,
1365 1327 1494 1355 essem.
1513 1325 1608 1353 uam
1630 1325 1727 1352 cave

286 1378 420 1426 putes,
441 1371 513 1412 hoc
531 1379 706 1426 tempore
716 1370 810 1426 plus
824 1386 886 1412 me
902 1385 1140 1428 quemquam
1159 1370 1349 1420 cruciari,
1365 1369 1473 1426 quod
1489 1383 1590 1420 eum,
1610 1382 1728 1424 quem

294 1435 390 1469 ante
420 1443 480 1470 me
511 1428 656 1486 diligo,
687 1428 800 1470 video
828 1429 872 1469 in
894 1428 1103 1470 consulatu
1134 1426 1293 1483 quidvis
1317 1427 1455 1482 potius
1485 1441 1573 1477 esse,
1606 1439 1729 1481 qnam

293 1485 505 1527 eon-sulem.
527 1485 668 1542 quodsi
699 1485 872 1527 voluerit
894 1485 972 1527 tibi
993 1485 1279 1539 obtemperare,
1302 1491 1340 1524 et
1369 1483 1482 1526 nobis
1503 1483 1551 1524 de
1575 1481 1734 1524 Caesare

295 1542 466 1593 credere,
488 1549 525 1584 et
548 1541 798 1584 consulatum
821 1542 1019 1598 reliquum
1044 1541 1185 1584 Romae
1198 1555 1409 1597 peragere,
1430 1540 1626 1595 incipiam
1646 1554 1732 1594 spe-

293 1614 401 1649 rare,
423 1600 544 1641 etiam
567 1599 731 1641 con-silio
749 1607 923 1651 senatus,
941 1606 1104 1640 (auctore
1121 1606 1172 1648 te,
1190 1597 1263 1639 z‘tlo
1280 1597 1468 1648 relatore,
1489 1596 1732 1652 Pompeium

294 1664 334 1698 et
358 1657 553 1699 Caesarem
576 1657 770 1713 conjungi
785 1671 909 1712 posse.
933 1656 1041 1712 quod
1056 1657 1090 1698 si
1097 1654 1267 1712 factum
1288 1655 1379 1706 erit,
1397 1669 1458 1696 me
1476 1654 1574 1695 satis
1593 1653 1739 1695 vixisse

288 1714 463 1768 putabo.
516 1712 687 1756 Factum
714 1714 883 1755 Casaris
912 1715 961 1754 cte
994 1711 1174 1767 Corfinio
1197 1719 1326 1753 totum
1348 1715 1387 1743 85
1399 1719 1438 1754 te
1459 1711 1736 1766 probatu-rum

294 1770 391 1812 scio.
414 1771 453 1802 36
467 1771 662 1827 quomodo
683 1771 728 1812 in
748 1770 975 1828 hujusmodi
994 1785 1050 1821 re,
1067 1769 1310 1811 commodius
1326 1768 1465 1810 cadere
1484 1783 1564 1810 non
1583 1768 1735 1823 potuit,

296 1843 419 1884 quam
443 1835 487 1869 ut
507 1842 568 1869 res
584 1828 670 1869 sine
688 1828 886 1885 sanguine
906 1827 1107 1882 corfieret.
1144 1825 1275 1868 Balbi
1296 1826 1374 1867 mei
1398 1826 1536 1882 tuique
1556 1825 1735 1866 adventu

296 1883 538 1926 delectatum
568 1892 620 1937 te,
641 1885 759 1927 valde
784 1885 956 1941 gaudeo.
981 1884 1014 1926 is
1046 1898 1302 1940 quaecumque
1321 1883 1400 1925 tibi
1427 1883 1476 1923 de
1499 1881 1656 1924 Caesare
1672 1881 1737 1922 di-

296 1941 374 1991 xit,
397 1945 434 1975 87
449 1956 613 1998 quaeque
645 1941 780 1984 Caesar
810 1942 984 1998 scripsit,
1005 1944 1100 1992 scio,
1124 1955 1166 1982 re
1199 1940 1277 1981 tibi
1305 1940 1516 1996 probabit,
1538 1953 1736 1995 quaecum-
1927 1910 1931 1968 i

298 2012 373 2055 que
379 1996 562 2055 fortuna
585 1997 829 2056 ejusfuerit,
851 1999 1050 2041 verissime
1068 1998 1281 2054 scripsisse.
1929 1996 1932 2019 ¹

1930 2066 1932 2082 ³

1930 2131 1933 2146 4

239 2084 289 2126 16
736 2087 971 2131 CICERO
1001 2086 1231 2130 ATTICO
1264 2088 1308 2128 S.

304 2144 529 2204 OMNIA
550 2161 656 2204 mihi
680 2163 852 2218 provisa
878 2170 991 2212 sunt,
1014 2171 1171 2218 praeter
1192 2160 1410 2204 occultum
1432 2167 1476 2202 et
1497 2168 1638 2202 tutum
1660 2160 1742 2202 iter

303 2217 357 2258 ad
394 2233 510 2260 mare
542 2234 759 2275 superum.
787 2220 870 2261 hoc
901 2219 1016 2261 enim
1052 2220 1159 2260 mari
1192 2220 1254 2260 uti
1287 2233 1373 2260 non
1407 2232 1631 2274 possumus
1652 2217 1740 2259 hoc
1920 2226 1923 2252 ί

307 2285 501 2331 tempore
531 2277 648 2318 anni.
681 2277 781 2318 illuc
809 2286 969 2327 autem,
991 2291 1077 2332 quo
1100 2284 1266 2332 spectat
1298 2276 1480 2326 animus,
1502 2284 1545 2315 et
1566 2289 1652 2330 quo
1674 2289 1742 2316 res

169 2350 201 2380 ρ.
222 2342 294 2371 134.
308 2343 448 2385 vocat,
470 2348 557 2390 qua
579 2333 744 2377 veniam
762 2337 775 2376 ?
806 2334 1045 2376 cedendum
1067 2334 1183 2375 enim
1211 2342 1277 2375 est
1297 2332 1515 2384 celeriter,
1545 2346 1598 2373 ne
1628 2330 1743 2372 forte

261 2393 292 2413 a·

345 2448 386 2477 84
407 2448 504 2477 illum
529 2447 617 2478 tanti
628 2446 736 2488 sacia,
755 2447 828 2488 qui]
859 2449 915 2488 qui
938 2457 998 2488 pro

300 2491 339 2517 ut
353 2498 421 2526 ego.
446 2489 508 2519 Sed
520 2493 570 2520 est
580 2489 712 2527 durum,
727 2492 908 2531 presertim
921 2500 997 2521 cum

298 2531 415 2603 §affini
438 2530 559 2562 iterum
580 2532 625 2562 sit
645 2534 712 2573 qui.
728 2532 814 2564 forte
828 2536 901 2563 erat
921 2536 960 2563 uc
981 2543 1001 2563 a

331 2581 350 2602 a
387 2582 419 2601 0.

343 2615 383 2644 85
406 2622 457 2644 me
475 2614 696 2653 probaturum
725 2614 818 2655 seito]
843 2615 926 2646 Edd.
949 2626 998 2656 pr.

300 2655 390 2686 sciet.
407 2660 583 2695 utrumque
595 2657 693 2687 male.
709 2667 777 2689 non
790 2658 829 2688 de
844 2667 903 2688 suo
911 2658 998 2698 judi-

301 2696 352 2727 cio
367 2697 493 2734 scribit,
508 2705 547 2728 ut
561 2704 653 2739 patet
665 2709 682 2729 c
697 2700 844 2739 subjecta
857 2701 999 2737 ratione,

300 2739 357 2769 sed
372 2739 410 2769 de
428 2739 555 2779 judicio
569 2740 746 2772 Ciceronis.
782 2741 896 2781 Itaque
911 2746 1000 2772 recte

302 2781 450 2811 Graevius
470 2781 559 2813 dedit
574 2785 605 2813 te
612 2791 654 2822 p.·
664 2784 740 2820 scio,
755 2789 795 2814 ut
811 2783 949 2815 Ursinus
964 2785 999 2814 iu

300 2822 387 2853 libro
406 2828 514 2855 vetere
530 2826 669 2866 reperit:
693 2825 795 2866 quue
817 2829 852 2858 et
867 2825 934 2867 ipse
949 2836 999 2857 se-

302 2871 399 2896 cutus
413 2874 497 2897 snm.

1084 2448 1124 2479 86
1146 2447 1299 2487 quomodo
1317 2447 1354 2476 in
1377 2447 1410 2476 Ῐι.
1433 2455 1482 2483 re,
1506 2454 1534 2475 c.
1557 2454 1585 2474 c.
1604 2454 1668 2475 non
1679 2454 1741 2484 po«

1041 2489 1119 2529 tuit]
1144 2490 1297 2529 quomodo
1310 2489 1347 2519 in
1368 2489 1400 2518 Ῑι.
1414 2497 1464 2525 re,
1485 2491 1547 2524 est,
1563 2491 1601 2517 ut
1617 2487 1651 2517 in
1665 2486 1740 2519 tali.

1042 2531 1075 2562 id
1089 2536 1139 2562 est
1154 2531 1277 2562 durius.
1292 2530 1405 2562 malim
1421 2539 1484 2560 non
1499 2528 1609 2559 deleri.
1625 2529 1741 2570 confie-

1042 2578 1093 2604 ret
1106 2573 1271 2605 Victorius
1287 2573 1366 2603 dicit
1378 2581 1411 2602 se
1427 2582 1444 2602 e
1460 2570 1634 2603 Codicibus
1650 2571 1740 2602 auti-

1042 2615 1112 2655 quis
1126 2615 1250 2646 dedisse
1275 2624 1335 2655 pro
1359 2613 1584 2654 cmg-ficeretur.
1620 2612 1684 2643 Sed
1698 2613 1745 2644 sic

1040 2659 1172 2696 estjam
1187 2658 1221 2687 in
1236 2656 1288 2688 ed.
1305 2657 1403 2688 Rom.

1084 2702 1123 2733 87
1145 2708 1277 2739 quoeque
1301 2699 1408 2730 Caesar
1425 2696 1567 2738 scripsit]
1594 2696 1742 2728 Graevius

1047 2741 1154 2773 Coesar
1175 2741 1350 2771 delendum
1374 2744 1482 2780 putat.
1521 2739 1561 2769 In
1577 2740 1742 2778 sequenti-

1041 2784 1101 2814 bus
1127 2783 1201 2813 libri
1226 2782 1318 2813 valde
1346 2783 1486 2814 variant.
1531 2781 1572 2812 In
1600 2781 1745 2812 lectione

1042 2826 1176 2865 vulgata
1192 2824 1383 2865 ²·e-fuerc't,
1400 2825 1434 2855 in
1449 2823 1636 2864 parenthesi
1657 2824 1742 2854 acci-

1041 2867 1161 2908 pienda
1174 2872 1265 2901 sunt.
1309 2867 1373 2901 Sed
1387 2867 1486 2899 lectio
1499 2872 1550 2899 est
1563 2866 1699 2897 incerta.
