1940 3231
292 126 371 160 530
715 123 897 162 EPIST.
925 123 1002 161 AD
1029 122 1315 168 ATTICUM,

294 227 376 268 (liis
398 241 496 284 ego,
518 236 561 268 et
582 228 735 284 copiis,
757 228 791 269 si
814 236 926 268 esset
948 243 1022 284 per
1044 243 1162 270 meos
1184 228 1429 270 defensores
1462 227 1646 279 licitum,
1669 226 1735 269 fa<

294 285 374 326 eile
395 299 528 326 essem
553 300 681 326 omni·
675 302 700 326 ι
721 296 992 326 consecutus,
1013 301 1099 340 quo
1122 287 1165 327 in
1189 300 1344 342 genere
1366 300 1480 327 nunc
1506 285 1735 327 vehemen-

294 352 359 383 ter
390 342 621 383 labmatur.
682 342 852 392 Cetos-1,
874 358 970 398 quae
1004 357 1072 383 me
1103 343 1352 394 sollicitmt‚
1377 345 1589 400 μυςωιάτεςα
1619 350 1736 383 sunt.

295 415 487 441 amamur
510 417 534 441 a
558 400 702 452 fratre,
723 410 766 440 et
788 415 812 440 a
834 400 938 440 filio.
964 410 1004 440 te
1026 410 1343 456 exspectamus.

256 473 281 511 3
729 471 965 513 CICERO
996 471 1225 515 ATTICO
1257 473 1304 515 S.

292 532 514 586 AVERE
548 556 589 586 te
621 557 739 586 certo
773 545 877 595 scio,
912 559 1010 586 cum
1047 544 1168 597 scire,
1194 546 1297 601 quid
1330 545 1403 587 hic
1436 554 1604 601 agatur,
1637 553 1731 589 tum

289 615 385 643 mea
414 618 439 643 a
473 617 539 644 me
573 603 709 653 scire;
741 617 827 643 non
850 617 936 658 quo
969 602 1154 643 certiora
1186 604 1271 644 sint
1303 617 1368 654 ea,
1391 618 1488 658 quae
1524 603 1566 644 in
1593 601 1733 644 oculis

288 660 483 700 omnium
515 669 738 715 geruntur,
761 660 795 700 si
829 676 854 700 a
887 675 955 700 me
985 659 1241 711 scribantur,
1266 675 1396 715 quam
1424 675 1523 702 cum
1553 661 1608 702 ab
1635 659 1731 701 aliis

290 726 364 758 aut
386 717 632 758 scribuntur
656 692 750 768 tibi,
772 728 846 757 aut
869 718 1326 769 nuntiantur3v·e1um
1349 727 1397 758 ut
1419 718 1654 774 peispicias
1671 731 1727 758 ex

290 774 396 814 meis
424 774 590 825 litteris,
625 790 711 830 quo
745 775 891 815 animo
924 788 975 815 ea
1008 773 1157 825 f·e1am,
1182 789 1279 829 quae
1312 785 1548 830 geruntur:
1580 784 1624 816 et
1653 773 1728 839 qui

290 833 345 871 sit
377 831 459 874 hoc
491 841 684 887 tempore
716 841 789 872 aut
820 832 977 872 mentis
1009 846 1115 872 meae
1141 846 1303 882 sensus,
1312 808 1402 872 Daut
1423 833 1602 874 omnino
1628 833 1730 873 vitae

289 899 440 930 status.
500 888 691 930 Armatis
720 889 969 930 hominibus
1005 898 1105 929 ante
1138 888 1252 929 diem
1285 889 1459 930 tertium
1493 890 1610 931 Non.
1634 889 1729 931 No·

289 947 433 987 vemb.
455 946 624 1003 expulsi
661 956 761 987 sunt
794 946 903 987 fabri
939 946 993 987 de
1025 960 1123 986 area
1147 956 1308 997 nostra,
1329 946 1572 988 disturbata
1592 947 1730 1003 porti-

288 1019 363 1044 cus
388 1004 551 1055 Catuli,
568 1019 664 1059 quae
687 1018 741 1045 ex
765 1013 936 1045 senatus
959 1003 1157 1044 consulto
1180 1003 1406 1045 consulum
1430 1003 1643 1045 locatione
1664 1018 1730 1044 re-

288 1061 529 1113 ficiebatur,
546 1072 588 1102 et
611 1062 661 1103 ad
682 1070 844 1103 tectum
869 1075 992 1117 paene
1015 1070 1280 1117 pervenerat.
1314 1061 1470 1109 Quinti
1488 1060 1634 1103 fratris
1650 1061 1728 1102 do-

288 1133 382 1159 mus
407 1119 545 1175 primo
568 1119 706 1160 fracta
727 1120 932 1174 conjectu
962 1118 1156 1175 lapidum
1181 1133 1236 1160 ex
1268 1133 1366 1160 area
1388 1129 1548 1161 nostra.
1571 1119 1728 1160 deinde

170 1192 202 1224 p.
221 1184 272 1215 56.
287 1176 692 1233 inflammatajussu
710 1176 870 1224 Clodii,
884 1177 1154 1232 inspectante
1172 1177 1292 1227 urbe,
1309 1176 1520 1231 conjectis
1537 1175 1729 1232 ignibus,

242 1237 445 1290 ³·magna
466 1235 639 1290 querela
666 1243 709 1275 et
733 1235 912 1290 gem-itu,
937 1248 1022 1274 non
1057 1234 1199 1275 dicam
1236 1235 1463 1285 bonorum,
1485 1237 1524 1265 28
1538 1233 1628 1290 qui,
1651 1248 1726 1275 ne-

285 1292 389 1343 scio,
412 1307 465 1332 an
489 1291 592 1332 nulli
617 1292 716 1343 sint,
736 1292 809 1333 sed
833 1291 960 1347 plane
980 1291 1205 1332 hominum
1227 1292 1438 1334 omnium.
1456 1294 1498 1326 29
1509 1291 1578 1332 ille
1598 1290 1726 1332 vehe-

284 1363 404 1390 mens
426 1363 573 1391 ruere:
608 1359 705 1405 post
728 1350 842 1390 hunc
865 1348 1052 1390 furorem
1077 1348 1184 1390 nihil
1217 1349 1298 1390 nisi
1330 1349 1496 1391 caedem
1526 1348 1728 1391 inimico-

285 1421 377 1447 rum
400 1407 622 1463 cogitare3
655 1407 828 1448 vicatim
860 1405 1048 1458 ambire3
1081 1406 1216 1447 servis
1237 1416 1384 1462 aperte
1407 1420 1527 1463 spem
1549 1406 1726 1448 liberta-

284 1464 338 1504 tis
360 1464 600 1505 ostendere.
622 1465 782 1505 etenim
804 1474 944 1514 antea,
968 1479 1068 1505 cum
1083 1463 1301 1519 judicium
1326 1464 1513 1515 nolebat,
1535 1463 1726 1506 habebat

283 1521 352 1562 ille
374 1522 549 1576 quidem
571 1523 612 1552 30
626 1521 846 1562 {iniit-ilem
880 1521 1241 1577 manifestamque
1269 1536 1458 1572 causam,
1481 1522 1553 1563 sed
1579 1531 1723 1564 tamen

282 1593 480 1621 causam.
504 1581 541 1610 31
559 1588 706 1635 potera
698 1589 729 1619 t
751 1578 954 1630 infitiali3
989 1589 1121 1634 poter
1114 1590 1157 1619 ιῑ
1181 1580 1222 1620 in
1247 1579 1352 1620 alios
1374 1579 1591 1631 derivare;
1624 1590 1723 1636 pot-

281 1648 372 1677 erat
406 1637 463 1678 eti
469 1651 536 1677 am
569 1636 729 1692 aliquid
757 1637 857 1691 jure
888 1636 1049 1677 fictum
1077 1635 1322 1678 defendeime
1346 1646 1443 1692 post
1466 1636 1541 1678 has
1563 1638 1723 1689 ruinas,

282 1693 496 1745 incendia,
521 1693 704 1758 rapinas,
728 1694 879 1735 desert·
873 1709 918 1734 is
951 1709 977 1734 a
998 1694 1114 1744 suis,
1125 1693 1196 1735 vix
1225 1693 1321 1749 jam
1357 1693 1588 1734 Decimum
1612 1694 1725 1736 desi-

226 1801 229 1804 ·
283 1762 524 1806 gnatorem‚
548 1752 620 1792 vix
654 1751 843 1793 Gellium
877 1751 1060 1793 retinet:
1093 1765 1313 1792 servorum
1342 1751 1534 1792 consiliis
1557 1751 1722 1794 utitur:

282 1808 413 1859 videt,
438 1810 471 1850 si
503 1823 668 1861 omnes,
693 1823 801 1864 quos
836 1809 942 1860 vult,
965 1809 1103 1865 palam
1135 1808 1359 1859 occiderit,
1380 1808 1570 1850 3ἱίιὶίιιΙο
1601 1824 1722 1850 suam

279 1880 453 1908 causam
483 1866 787 1918 difficiliorem,
809 1881 938 1922 quam
973 1866 1115 1908 adhuc
1148 1866 1217 1917 sit,
1240 1866 1284 1907 in
1310 1865 1482 1922 judicio
1515 1865 1720 1909 futuram.

276 1981 405 2013 sensisti
425 1985 463 2011 tu
484 1979 608 2020 absens)
626 1990 766 2020 quorum
786 1980 904 2012 studiis
917 1990 981 2019 ego
1061 1983 1102 2015 29
1123 1980 1180 2010 ille
1194 1981 1362 2011 vehemens
1376 1979 1488 2019 ruere]
1513 1990 1611 2011 ruere
1624 1981 1720 2012 resti-

281 2025 340 2055 &c.
371 2033 430 2054 nec
459 2023 605 2054 dubitavi
633 2023 679 2053 sic
705 2023 812 2054 edere.
857 2023 976 2053 Sensus
1018 2027 1132 2053 tutum
1147 2032 1214 2053 esse
1230 2022 1480 2053 dicuutelibris
1503 2033 1565 2054 scr.
1582 2023 1719 2063 prosu-

280 2072 352 2097 est:
376 2075 443 2096 non
458 2075 589 2105 possum
613 2066 796 2096 amicorum
819 2066 919 2105 copiis
942 2066 978 2096 in
1018 2075 1111 2096 rer:e
1136 2065 1191 2096 sed
1206 2065 1317 2104 idjam
1332 2070 1404 2096 erat
1418 2065 1453 2095 in
1468 2065 1540 2096 edd.
1555 2075 1606 2106 pr.
1620 2066 1720 2097 Rom

282 2109 492 2139 restituendis
508 2107 594 2137 villis
609 2108 672 2144 uti,
689 2117 766 2138 nam
782 2108 819 2138 iis
832 2108 903 2146 jam
919 2108 977 2138 ab·
1019 2107 1112 2138 Jens.
1124 2109 1200 2138 Asc.
1204 2107 1330 2148 furere
1344 2112 1394 2138 est
1409 2107 1451 2137 ab
1463 2107 1560 2145 Aldo,
1573 2118 1720 2148 percon-

279 2151 365 2182 unde
390 2161 426 2181 us
431 2161 466 2181 us
490 2160 564 2180 sum
587 2152 622 2180 in
643 2130 758 2180 ειςείὶιο
780 2150 975 2181 tolerando:
1013 2151 1180 2189 jecturam
1192 2161 1210 2181 e
1209 2149 1317 2190 surm
1320 2160 1382 2180 em.
1392 2159 1452 2190 pro
1462 2152 1631 2181 vehemens
1643 2150 1718 2182 libri

279 2203 340 2225 nee
355 2204 469 2224 eorum
493 2192 575 2223 mihi
592 2193 663 2233 jam
689 2193 893 2232 benignitate
916 2192 975 2223 tali
1020 2201 1082 2224 scr.
1094 2193 1227 2231 quidam
1239 2194 1455 2229 vehementer,
1468 2193 1555 2232 quod
1571 2193 1720 2233 placebat

278 2246 360 2277 opus
383 2241 480 2273 esset,
497 2236 524 2265 si
547 2235 583 2272 ii,
599 2244 738 2274 quorum
762 2245 862 2275 opera
885 2245 979 2265 reto.
1018 2234 1122 2265 Junio
1147 2240 1181 2266 et
1210 2235 1351 2265 Graevio.
1374 2215 1456 2265 mihi
1479 2244 1559 2265 non.
1603 2235 1719 2266 Cicero

278 2285 371 2310 catus
393 2288 479 2314 sum,
495 2287 562 2308 non
585 2277 810 2317 impedissent,
826 2287 889 2317 quo
913 2278 975 2308 mi·
1019 2287 1117 2308 ruere
1131 2277 1326 2318 simpliciter
1340 2277 1447 2318 ponit.
1463 2287 1494 2307 v.
1512 2277 1602 2307 Clav.
1617 2283 1718 2317 atque

278 2330 340 2352 nus
355 2322 434 2352 satis
450 2319 592 2351 liberalis
615 2320 650 2350 in
665 2321 744 2350 meis
754 2319 894 2359 jacturis
909 2329 977 2350 sar·
1020 2320 1158 2350 omnino
1184 2319 1267 2350 mihi
1294 2324 1329 2350 et
1352 2321 1520 2350 vehemens
1541 2319 1581 2349 de
1608 2320 1717 2359 glossa

278 2364 413 2400 ciendis,
442 2367 575 2393 senatus
602 2366 699 2392 esset.
728 2363 825 2402 copiis
852 2363 977 2402 accipio
1020 2368 1210 2402 suspectum
1227 2367 1287 2392 est.

277 2416 337 2447 pro
359 2407 488 2446 opibus:
512 2411 546 2435 et
568 2405 707 2435 fortasse
721 2405 768 2435 sic
784 2403 974 2444 legendum.
1062 2407 1103 2435 30
1134 2404 1301 2445 difficilem
1335 2402 1608 2443 manifestamque
1636 2414 1716 2435 cau-

277 2458 356 2480 nam
385 2449 424 2479 de
453 2447 574 2478 divitiis
602 2447 800 2487 intelligere,
832 2457 880 2477 res
909 2456 976 2477 non
1017 2447 1104 2486 sam]
1122 2447 1204 2486 Quae
1219 2447 1267 2478 ita
1282 2446 1455 2476 manifeste
1467 2445 1550 2476 falsa
1563 2453 1660 2483 esset,
1677 2453 1717 2478 ut

275 2491 367 2522 sinit.
1018 2490 1071 2519 vix
1087 2489 1216 2519 defendi
1233 2493 1360 2529 posset:
1384 2498 1491 2518 sermo
1505 2495 1555 2518 est
1571 2488 1610 2518 de
1625 2490 1716 2529 judi-

317 2536 358 2565 528
381 2533 436 2572 qm·
451 2532 554 2562 neseio
569 2540 614 2561 an
635 2531 697 2561 ulli
718 2531 798 2571 sint]
825 2531 879 2562 Sic
900 2541 970 2561 om·
1017 2531 1068 2562 cio
1081 2532 1120 2562 de
1135 2532 1179 2569 vi,
1196 2533 1288 2571 cujus
1303 2541 1397 2562 reum
1411 2531 1533 2560 fecerat
1549 2530 1646 2562 Milo.

275 2585 332 2606 nes
347 2576 418 2606 edd.
436 2585 495 2605 nec
509 2573 679 2614 quisquam
693 2573 747 2603 hic
763 2573 868 2604 haesit.
892 2574 972 2604 Cor·
1059 2577 1096 2605 31
1124 2575 1159 2604 id
1172 2577 1304 2614 poterat
1330 2573 1491 2615 infitiari.-
1508 2573 1655 2613 poterat]
1681 2574 1719 2605 id

276 2620 343 2649 rexi
366 2619 462 2648 melli.
508 2616 621 2647 Litera
635 2616 742 2655 prima
757 2616 910 2657 absorpta
925 2620 975 2646 est
1017 2616 1129 2655 friget,
1162 2626 1353 2656 semperque
1384 2615 1497 2655 putavi
1526 2615 1716 2648 delendum.

275 2661 309 2691 in
332 2661 456 2691 libi-isa
470 2657 560 2689 finali
586 2658 619 2687 in
642 2668 700 2694 cm,
723 2664 762 2688 ut
784 2658 856 2689 aliis
878 2659 970 2695 loc-is,
1015 2658 1196 2698 delevique,
1218 2668 1293 2688 cum
1316 2664 1350 2687 et
1373 2657 1414 2687 ab
1435 2656 1506 2687 edd.
1529 2657 1621 2688 dens.
1639 2660 1713 2690 Asc.

275 2704 325 2734 vel
340 2703 473 2734 inscitia
489 2699 665 2731 latinitatis
682 2709 776 2730 verae.
821 2701 902 2731 Vult
924 2701 971 2730 di·
1015 2701 1125 2731 abesse
1141 2701 1257 2740 reperi.
1301 2699 1403 2730 Aldus
1424 2709 1443 2729 e
1458 2698 1609 2731 Romana
1623 2710 1716 2732 sum-

273 2756 345 2777 cere
373 2746 502 2781 Cicero,
528 2752 640 2773 vereor
665 2752 706 2772 ne
734 2742 831 2779 nulli,
854 2743 905 2773 vel
933 2747 971 2773 ut
1014 2745 1070 2778 sit,
1087 2743 1174 2773 unde
1190 2743 1224 2772 in
1239 2751 1354 2772 omnes
1368 2740 1447 2771 alias
1465 2741 1565 2771 venit.

273 2790 331 2820 ulli
349 2789 436 2818 sint:
461 2786 495 2817 id
516 2792 567 2816 est
591 2785 817 2833 manifestum,
834 2785 890 2815 sed
911 2784 972 2814 hoc
1057 2789 1099 2815 ‘52
1122 2783 1496 2825 nihilo—dffcz'liorem]
1529 2783 1616 2814 Nam
1639 2785 1712 2824 jam

270 2831 377 2862 inilia
391 2829 534 2860 formula
546 2837 579 2859 cs
582 2832 608 2864 t,
621 2828 723 2857 nescio
738 2836 784 2856 αη,
795 2827 881 2856 nulii
893 2828 968 2862 sim,
1014 2827 1061 2857 ita
1075 2827 1214 2857 difficilis
1229 2833 1312 2863 erat,
1329 2831 1367 2855 ut
1382 2826 1545 2856 difficilior
1558 2826 1629 2857 fieri
1645 2836 1713 2857 non

267 2875 355 2913 quod
390 2872 485 2903 mod«
488 2878 537 2901 ste
573 2869 903 2901 affirmat.v.(;1av.
936 2870 969 2899 in
1014 2874 1135 2909 posset.
1171 2869 1347 2899 efficaciter
1384 2867 1425 2899 ad
1465 2868 1712 2909 exprimendam

269 2916 370 2949 haud.
392 2915 456 2946 Res
473 2913 568 2944 bodie
583 2918 633 2943 est
648 2911 741 2951 liqui
732 2911 784 2947 (‚la
800 2916 839 2941 ut
854 2911 893 2941 de
909 2911 970 2942 hae
1013 2912 1277 2951 magnitudinem
1294 2910 1511 2942 difficultatis.

270 2968 342 2990 mea
358 2968 447 2989 corre
452 2958 561 2987 ctione
553 2955 719 2986 dubitari
736 2962 803 2984 non
820 2953 936 2993 possit.
