1940 3231
692 134 900 175 LIBER
937 133 1011 174 111.
1137 152 1141 153 ⁷
1492 136 1566 172 511

129 243 342 301 intelligo,
374 250 416 285 t'e
448 257 494 284 re
525 241 624 284 istic
640 240 863 297 prodesse,
893 238 967 280 hic
988 251 1043 279 ne
1065 235 1199 278 verbo
1223 233 1401 289 quidem
1427 235 1568 281 levare

129 315 201 342 me
233 315 372 359 posse.
434 300 533 342 Non
562 312 678 353 queo
715 297 835 354 plura
867 296 1077 337 scribere:
1111 307 1190 357 nec
1217 293 1441 346 est,‚qu0d
1465 295 1569 335 scri-

128 359 254 401 bam:
289 368 428 400 vestra
449 356 586 413 magis
607 364 831 411 exspecto.
877 352 981 394 Dat.
1007 365 1094 393 xvr
1119 348 1217 392 Ral.
1241 348 1363 390 Sext.
1386 348 1569 391 Thessa-

129 414 301 457 lonicae.

566 467 803 510 CICERO
833 464 1062 508 ATTICO
1094 465 1139 506 S.
1587 472 1636 511 18

134 529 325 592 QUOD
359 542 411 584 ad
445 552 487 583 te
517 543 786 599 scripseram,
811 555 882 583 me
910 541 952 582 in
986 539 1118 597 Epiro
1149 537 1368 580 futurum:
1400 545 1572 593 postea-

130 609 259 656 quam
292 600 517 641 extenuari
554 613 671 655 spem
700 598 888 640 n‘ostram
917 609 961 639 et
992 610 1246 638 evanescere
1270 594 1371 646 vidi,
1406 594 1571 635 mutavi

132 657 356 699 consilium
375 672 496 710 ;‚neo
528 671 595 698 me
627 654 934 698 Thessalonica
966 654 1200 705 commovi,
1224 654 1297 694 ubi
1322 667 1412 693 esse
1436 661 1572 692 statu·

131 720 261 766 eram,
283 715 424 770 quoad
447 714 607 770 aliquid
630 714 683 755 ad
715 728 783 755 me
813 714 867 755 de
895 728 947 754 eo
979 713 1202 761 scriberes,
1220 711 1334 766 quod
1360 709 1572 766 proximis

131 770 286 813 litteris
315 773 559 828 scripseras,
592 771 696 823 fore,
731 771 793 812 uti
832 770 1078 812 secundum·
1103 768 1284 810 comitia
1320 766 1479 822 aliquid
1519 767 1572 808 de

130 830 259 870 nobis
284 829 325 871 in
345 839 493 870 senatu
514 838 738 885 ageretur3
770 829 812 870 id
833 828 912 869 tibi
936 827 1191 883 Pompeium
1209 825 1385 866 dixisse.
1421 826 1461 854 22
1473 824 1574 870 Qua

132 886 186 926 de
209 901 268 938 re,
290 887 494 942 quoniam
517 886 697 927 comitia
717 886 867 927 habita
888 894 1001 934 sunt,
1021 894 1151 939 tuque
1176 882 1282 924 nihil
1304 882 1356 922 ad
1380 896 1448 922 me
1470 882 1573 922 scri-

132 943 214 994 bis,
238 945 418 1000 proinde
451 944 636 994 habebo,
671 958 721 984 ac
755 944 788 984 si
823 942 1064 998 scripsisses
1099 940 1206 981 nihil
1231 955 1349 991 esse3
1380 941 1420 971 23
1436 953 1574 994 neque

133 1003 341 1056 temporis
375 1016 461 1042 non
498 1001 723 1057 longinqui
758 1015 834 1056 spe
866 1001 1043 1041 ductum
1074 1012 1178 1049 esse,
1210 998 1387 1038 moleste
1423 996 1573 1037 feram.

134 1058 278 1105 Quem
310 1069 455 1100 autem
487 1069 654 1099 motum
687 1068 729 1098 te
761 1058 902 1098 videre
935 1057 1179 1111 scripseras,
1202 1055 1275 1110 qui
1307 1053 1433 1094 nobis
1458 1053 1573 1094 utilis

133 1114 226 1157 fore
251 1115 479 1166 videretur,
501 1130 597 1156 eum
623 1115 838 1165 nuntiant,
860 1115 933 1169 qui
960 1114 1151 1162 veniunt,
1174 1112 1337 1152 nullum
1361 1111 1467 1152 fore.
1520 1110 1574 1152 In

134 1173 320 1213 tribunis
355 1174 492 1230 plebis
521 1173 757 1228 designatis
788 1171 950 1226 reliqua
970 1185 1066 1226 spes
1089 1180 1177 1210 est:
1210 1183 1339 1224 quam
1363 1169 1395 1208 si
1419 1182 1575 1224 exspe-

133 1239 269 1281 etan-o,
293 1245 379 1272 non
401 1234 496 1280 erit,
518 1230 634 1285 quod
663 1239 786 1285 putes
817 1243 885 1269 me
916 1243 1056 1270 causae
1086 1241 1192 1268 meae
1225 1230 1267 1258 24
1282 1241 1332 1267 ac
1362 1225 1573 1267 voluntati

135 1301 330 1328 meorum
352 1287 553 1328 defuisse.
613 1287 743 1333 Quod
765 1301 831 1327 me
849 1300 964 1342 saepe
985 1300 1177 1334 accusas,
1198 1299 1275 1325 cur
1298 1285 1412 1324 hunc
1432 1297 1571 1324 meum
1587 1304 1616 1334 p.
1631 1297 1686 1327 45.

136 1359 283 1385 casum
307 1354 393 1386 tam
424 1345 614 1400 graviter
644 1344 804 1396 feram3
835 1345 965 1385 debes
990 1344 1227 1398 ignoscere,
1249 1344 1288 1373 25
1303 1355 1400 1381 cum
1426 1342 1486 1382 iia
1509 1355 1575 1381 me
1588 1349 1620 1370 a·

135 1402 360 1443 adflictum
389 1402 521 1452 vides,
554 1412 602 1442 ut
633 1401 847 1442 neminem
881 1415 1083 1456 umquam
1106 1414 1184 1440 nec
1207 1399 1377 1449 videris,
1402 1413 1478 1439 nec
1501 1413 1577 1439 au-

134 1459 278 1500 dieris.
327 1458 439 1500 Nam
461 1459 576 1515 quod
601 1458 752 1499 scribis
776 1467 817 1500 te
835 1459 996 1509 audire,
1018 1472 1084 1498 me
1107 1457 1238 1497 etiam
1262 1457 1416 1496 mentis
1435 1470 1577 1497 errore

137 1529 192 1557 ex
215 1516 362 1557 dolore
383 1516 523 1557 affici:
558 1516 662 1556 mihi
688 1530 788 1557 vero
811 1531 930 1557 mens
959 1516 1129 1570 integra
1157 1525 1235 1554 est.
1260 1523 1389 1568 atque
1414 1515 1579 1554 utinam

137 1581 226 1614 tam
258 1573 301 1614 in
327 1573 515 1630 periculo
538 1573 712 1616 fuisset!
743 1588 840 1614 cum
862 1588 944 1629 ego
971 1573 1036 1623 iis,
1056 1572 1212 1627 quibus
1237 1584 1372 1611 meam
1399 1572 1579 1612 salutem

132 1631 397 1681 carissimam
435 1645 526 1673 esse
558 1630 812 1681 arbitrabar,
843 1629 1152 1671 inimicissimis
1185 1628 1578 1683 crudelissimisque

138 1702 238 1728 usus
261 1703 379 1730 sum:
412 1689 501 1744 qui,
534 1697 583 1728 ut
612 1703 681 1730 me
713 1683 933 1744 paululum’
954 1687 1150 1728 inclinari
1182 1687 1336 1727 timore
1367 1686 1580 1736 viderunt,

136 1745 200 1787 sic
223 1745 501 1802 impulerunt,
524 1756 570 1786 ut
593 1746 711 1787 omni
737 1760 814 1786 suo
845 1745 1002 1786 scelere
1030 1754 1074 1785 et
1102 1743 1280 1799 perfidia
1300 1744 1582 1784 abuterentur

139 1803 192 1844 ad
215 1803 399 1845 exitium
421 1818 580 1845 meum.
613 1818 744 1853 nunc,
774 1804 979 1858 quoniam
1007 1811 1072 1842 est
1095 1801 1306 1857 Cyzicum
1331 1802 1454 1842 nobis
1477 1815 1583 1841 eun-

138 1860 257 1913 dum,
279 1876 366 1916 quo
388 1861 523 1902 rarius
555 1861 606 1902 ad
641 1875 708 1902 me
738 1860 892 1902 litterae
927 1860 1208 1916 perferentur,
1234 1858 1315 1898 boc
1339 1859 1464 1900 velim
1485 1857 1582 1899 dili-

141 1918 312 1972 gentius
334 1919 496 1970 omnia,
513 1933 611 1975 quae
637 1918 799 1974 putaris
832 1932 898 1958 me
929 1918 1037 1958 scire
1059 1931 1168 1973 opus
1199 1929 1304 1967 esse,
1328 1916 1582 1971 perscribas.

145 1974 359 2021 Quintum
384 1975 559 2017 fratrem
585 1990 724 2016 meum
749 1974 817 2016 fac
836 1975 1015 2030 diligas:
1048 1988 1176 2029 quem
1207 1987 1289 2028 ego
1314 1975 1441 2014 miser
1461 1974 1494 2013 si
1519 1973 1584 2013 in-

142 2032 356 2131 columgm
379 2032 589 2090 relinquo,
608 2048 693 2074 non
718 2047 786 2073 me
808 2041 948 2073 totum
975 2033 1147 2088 periisse
1169 2021 1426 2073 arbitrabor.
1479 2030 1586 2072 Dat.

145 2090 263 2132 Non.
316 2099 408 2131 ext.

590 2155 826 2198 CICERO
847 2155 1078 2198 ATTICO
1100 2154 1146 2197 S.
1604 2166 1654 2204 14

148 2214 250 2268 EX
287 2227 373 2267 tuis
405 2225 559 2267 litteris
594 2226 743 2281 plenus
777 2240 872 2267 sum
907 2224 1235 2282 exspectatione
1266 2223 1320 2265 de
1358 2223 1586 2280 Pompeio,

146 2284 352 2337 quidnam
376 2284 429 2324 de
457 2284 583 2324 nobis
623 2283 738 2334 velit,
760 2292 836 2323 aut
872 2283 1087 2324 ostendat.
1112 2281 1291 2323 comitia
1320 2283 1436 2325 enim
1458 2281 1587 2323 credo

147 2355 240 2382 esse
271 2341 444 2383 habita:
482 2341 639 2396 quibus
671 2340 896 2391 absolutis,
918 2340 1070 2382 scribis
1101 2339 1159 2380 1111
1186 2338 1410 2396 placuisse,
1432 2339 1502 2396 agi
1534 2339 1588 2380 de

147 2399 289 2440 nobis.
312 2400 346 2439 si
370 2399 450 2439 tibi
474 2399 628 2439 stultus
650 2412 742 2439 esse
765 2398 926 2449 videor,
948 2398 1021 2453 qui
1044 2400 1236 2453 sperem;
1269 2396 1381 2437 facio
1405 2397 1588 2452 tuojus-

149 2470 222 2507 su3
254 2457 333 2497 etsi
358 2456 447 2498 scio
471 2468 512 2497 te
535 2470 602 2496 me
633 2456 682 2495 iis
705 2454 898 2510 epistolis
924 2455 1067 2511 potius
1090 2465 1133 2494 et
1158 2468 1271 2494 meas
1294 2468 1389 2511 spes
1413 2454 1588 2497 solitum

148 2526 239 2554 esse
270 2514 489 2555 remorari.
521 2528 637 2554 nunc
662 2512 803 2564 velim,
827 2513 933 2553 mihi
968 2512 1092 2568 plane
1124 2512 1377 2567 perscribas,
1398 2512 1501 2566 quid
1527 2511 1589 2553 vi-

147 2570 263 2612 deas.
295 2573 385 2613 scio
408 2586 485 2613 nos
510 2571 665 2612 nostris
688 2569 834 2611 multis
856 2570 1046 2626 peccatis
1066 2569 1107 2610 in
1132 2570 1243 2611 hanc
1265 2583 1500 2618 aerumnam
1525 2569 1591 2610 in·

186 2688 231 2717 22
253 2685 334 2726 ‚Qua
343 2685 382 2716 de
395 2685 444 2724 re]
461 2684 619 2723 Absolute
633 2683 848 2724 capiendum:
936 2687 977 2715 24
999 2693 1040 2714 ac
1060 2683 1237 2723 voluntati]
1275 2693 1315 2713 ac
1340 2683 1423 2714 bene
1444 2683 1591 2715 restituit

150 2729 239 2767 quod
252 2729 357 2767 igitur
370 2728 411 2758 ad
425 2738 497 2758 eain
515 2737 582 2757 rem
600 2727 734 2758 attinet.
893 2726 1052 2757 Gra-vius.
1068 2732 1118 2756 est
1132 2733 1166 2756 et
1181 2728 1214 2756 in
1228 2726 1279 2757 ed.
1295 2726 1393 2756 Rom.

192 2771 233 2801 23
254 2779 356 2810 neque
367 2770 531 2810 temporis]
560 2769 641 2800 Edd.
660 2779 707 2809 pr.
724 2779 849 2808 meque,
934 2771 974 2800 ⁶25
997 2779 1073 2799 cum
1086 2770 1136 2799 ita
1149 2778 1200 2799 me
1211 2768 1375 2809 afflictum
1390 2767 1490 2807 vides]
1509 2767 1592 2804 Vul-

150 2809 267 2842 Βοκίας
281 2823 299 2842 e
313 2812 404 2842 libris
419 2821 481 2842 scr.
496 2822 606 2853 neque.
619 2812 750 2842 rectius.
764 2812 850 2842 forte
893 2813 962 2851 gati
983 2814 1098 2842 omnes
1117 2811 1239 2849 videas.
1264 2811 1350 2843 male
1365 2817 1398 2845 et
1412 2814 1530 2842 eontra
1544 2809 1593 2846 lar·

151 2859 266 2885 tamen
292 2854 412 2886 excidit
435 2864 504 2885 me:
528 2864 629 2895 neque
654 2864 706 2886 me
731 2859 852 2895 tempo·
894 2855 1076 2886 tinitatem.
1135 2856 1138 2857 ⁷
1580 2855 1581 2859 ’

152 2897 200 2926 ris
215 2897 274 2927 ἃς.
