1940 3231
715 147 933 187 LIBER
966 147 1034 185 VI.
1517 153 1592 191 583

157 263 347 305 xxxnl,
369 262 413 294 et
432 252 516 295 hoc
538 268 592 295 ex
625 252 822 294 tributis:
847 252 955 293 6nec
985 251 1028 294 id
1061 252 1162 293 satis
1184 253 1320 296 efficit
1352 253 1395 294 in
1418 269 1590 299 usuram

153 319 433 352 menstruam.
455 311 527 352 sed
560 310 719 352 Cnaeus
751 318 897 350 noster
922 309 1155 350 clementer
1177 310 1218 351 id
1242 310 1352 352 fert:
1385 323 1498 353 sorte
1519 328 1591 355 ca·

153 375 243 408 ret:
268 382 426 410 usura:
457 382 537 409 nec
566 380 616 408 ea
646 366 796 417 solida,
818 376 1048 408 contentus
1083 375 1163 408 est.
1193 367 1264 409 alii
1294 382 1434 422 neque
1463 370 1592 411 solvit

153 423 370 479 cuiquam,
392 439 470 465 nec
492 433 637 480 potest
657 424 835 465 solvere.
864 424 1029 466 nullum
1051 425 1167 466 enim
1189 426 1403 475 aerarium,
1426 426 1592 468 nullum

153 482 337 537 vectigal
358 482 504 522 habet.
563 481 699 537 Appii
722 482 922 524 instituto
960 483 1122 523 tributa
1142 484 1339 539 imperat.
1362 496 1412 523 ea
1434 483 1523 534 vix,
1546 483 1592 525 in

153 535 299 580 foenus
333 538 531 594 Pompeii
553 539 669 594 quod
703 540 804 581 satis
839 541 908 591 sit,
929 539 1141 581 efficiunt.
1201 539 1345 582 Amici
1368 540 1481 596 regis
1502 540 1590 582 duo

153 602 291 637 tresve
326 595 557 650 perdivites
591 606 717 639 sunt:
750 597 821 638 sed
847 597 875 638 ii
898 612 1023 638 suum
1059 607 1146 639 tam
1172 598 1402 654 diligenter
1426 607 1589 649 tenent,

151 666 280 706 quam
311 666 408 708 ego,
429 663 504 694 aut
535 662 598 694 tu.
631 655 831 710 equidem
865 669 952 696 non
976 654 1124 696 desino
1147 665 1290 696 tamen
1328 670 1403 711 per
1426 655 1588 696 litteras

151 722 318 764 rogare,
351 711 541 762 suadere,
579 727 780 754 accusare
818 725 979 769 regem.
1042 711 1274 754 Deiotarus
1311 713 1441 753 etiam
1480 713 1588 754 mihi

151 767 355 818 narravit,
373 782 416 808 se
438 769 489 810 ad
510 783 608 810 eum
630 770 796 826 legatos
820 770 985 811 misisse
1005 769 1056 811 de
1080 785 1124 811 re
1148 770 1299 812 Bruti:
1321 784 1395 811 eos
1417 770 1499 811 sibi
1523 785 1588 812 re-

149 836 353 878 sponsum
385 826 591 878 retulisse,
614 827 730 868 illum
767 842 855 869 non
890 827 1060 869 habere.
1090 839 1133 869 et
1154 827 1398 869 mehercule
1420 842 1502 884 ego
1526 829 1590 870 ita

143 879 314 935 judico,
338 883 445 924 nihil
476 883 548 926 illo
579 899 712 941 regno
744 884 983 941 spoliatiUS,
1008 885 1113 926 nihil
1146 900 1245 942 rege
1269 885 1482 941 egentius,
1504 886 1587 926 ita-

150 952 235 992 que
268 952 344 981 aut
378 941 510 982 tutela
543 944 691 999 cogito
719 958 786 983 me
819 943 1034 994 abdicare,
1056 952 1144 993 aut,
1167 953 1214 984 ut
1245 958 1321 999 pro
1349 942 1588 985 Glabrione

150 995 360 1048 Scaevola,
401 998 580 1040 Tfoenus
621 1009 664 1041 et
706 1000 973 1056 impendium
1014 1015 1224 1041 recusare.
1287 1000 1382 1056 Ego
1428 1010 1585 1052 tamen,

149 1067 256 1108 quas
290 1070 365 1111 per
404 1065 445 1097 te
483 1056 620 1098 Bruto
656 1059 934 1114 promiseram
970 1057 1263 1113 praefecturas,
1300 1057 1367 1099 M.
1393 1058 1587 1114 Scaptio,

152 1110 203 1152 L.
228 1112 385 1165 Gavio,
408 1114 481 1169 qui
505 1114 547 1155 in
571 1129 704 1171 regno
734 1129 823 1156 rem
861 1115 986 1156 Eruti
1010 1116 1314 1171 procurabant,
1336 1115 1484 1156 detuli.
1508 1130 1589 1157 nec

149 1169 266 1210 enim
290 1172 332 1212 in
357 1171 580 1228 provincia
603 1187 696 1214 mea
716 1174 1067 1229 negotiabantur.
1092 1181 1136 1213 tu
1160 1182 1304 1213 autem
1337 1173 1588 1224 meministi,

148 1240 228 1268 nos
252 1228 311 1270 sic
334 1244 474 1286 agere,
494 1239 542 1270 ut
563 1240 670 1284 quot
694 1230 832 1280 vellet,
858 1230 1134 1286 praefecturas
1158 1239 1358 1281 sumeret,
1382 1230 1512 1271 8dum
1535 1245 1589 1271 ne

149 1286 426 1341 negotiatori.
449 1287 594 1342 itaque
616 1288 719 1329 duas
742 1289 779 1329 ei
805 1299 1012 1344 praeterea
1033 1288 1248 1330 dederam.
1273 1289 1343 1328 sed
1368 1287 1412 1338 ii,
1429 1289 1588 1342 quibus

150 1344 347 1398 petierat,
368 1345 420 1386 de
446 1345 671 1401 provincia
699 1346 984 1387 decesserant.
1046 1346 1176 1386 Nunc
1199 1360 1414 1402 cognosce
1436 1346 1488 1386 de
1512 1345 1590 1387 Sa-

149 1400 361 1444 laminiis:
393 1403 508 1457 quod
544 1403 669 1444 video
703 1403 782 1444 tibi
817 1404 982 1444 ‹veti-dm
1023 1417 1184 1444 novum
1223 1403 1445 1453 accidisse,
1479 1412 1589 1444 tam-

149 1472 279 1512 quam
312 1459 433 1501 mihi.
466 1475 701 1515 numquam
726 1461 840 1502 enim
864 1476 917 1502 ex
943 1461 1014 1502 illo
1037 1461 1198 1511 audivi,
1219 1461 1333 1502 illam
1360 1461 1588 1516 pecuniam

150 1529 241 1556 esse
263 1531 398 1558 suam.
421 1518 525 1573 quin
559 1518 689 1559 etiam
726 1518 917 1559 libellum
954 1519 1088 1573 ipsius
1124 1518 1279 1571 habeo,
1309 1519 1352 1558 in
1386 1533 1473 1574 quo
1509 1528 1589 1571 est,

152 1571 378 1615 Salaminii
401 1574 621 1630 pecuniam
658 1575 802 1617 debent
840 1575 909 1617 M.
939 1575 1106 1631 Scaptio
1137 1583 1174 1616 et
1206 1575 1264 1617 P.
1288 1574 1490 1627 Marinio,
1508 1574 1591 1632 fa-

150 1629 383 1673 miliaribus
412 1633 522 1674 meis.
545 1647 616 1673 eos
650 1633 757 1675 mihi
792 1634 1094 1676 commendat:
1128 1633 1336 1674 adscribit
1371 1634 1516 1684 etiam,
1546 1643 1591 1675 et

150 1688 273 1744 quasi
294 1689 434 1732 calcar
455 1691 672 1743 admovet,
687 1691 976 1733 intercessisse
999 1707 1042 1732 se
1066 1706 1141 1747 pro
1164 1691 1215 1732 iis
1236 1705 1436 1747 magnam
1460 1705 1592 1747 pecu-

149 1745 283 1788 niam.
306 1748 592 1799 confeceram,
615 1759 662 1790 ut
694 1749 921 1801 solverent,
945 1749 1190 1790 centesimis
1222 1749 1416 1790 sexennii
1449 1749 1591 1790 ductis

146 1818 247 1845 cum
271 1807 550 1848 renovatione
583 1806 848 1864 singulorum
882 1822 1107 1848 annorum.
1130 1816 1174 1847 at
1196 1806 1399 1862 Scaptius
1421 1815 1594 1861 quater-

151 1876 228 1903 nas
258 1864 519 1918 postulabat.
554 1866 702 1916 metui,
727 1866 759 1906 si
789 1866 1075 1921 impetrasset,
1098 1879 1151 1905 ne
1172 1873 1218 1905 tu
1242 1864 1334 1920 ipse
1356 1878 1424 1904 me
1448 1879 1590 1905 amare
1604 1879 1634 1909 b.

151 1919 380 1962 desineres.
412 1937 511 1963 nam
543 1925 597 1964 ab
628 1924 772 1964 edicto
795 1937 891 1964 meo
916 1923 1200 1972 recessissem,
1221 1931 1264 1962 et
1285 1921 1523 1972 civitatem,
1546 1922 1591 1963 in

154 1976 333 2018 Catonis
364 1989 407 2019 et
438 1980 481 2020 in
513 1981 646 2037 ipsius
676 1981 799 2022 Bruti
823 1980 907 2022 fide
929 1981 1130 2031 locatam,
1153 1979 1346 2035 meisque
1368 1979 1592 2020 beneficiis

152 2045 365 2086 ornatam,
389 2036 583 2079 funditus
620 2039 913 2095 perdidissem.
974 2037 1119 2093 Atque
1153 2037 1236 2078 hoc
1269 2047 1463 2092 tempore
1495 2037 1591 2092 ipso

152 2092 358 2149 impingit
382 2095 488 2136 mihi
510 2096 736 2152 epistolam
769 2096 970 2153 Scaptius
1003 2095 1144 2145 Bruti,
1166 2109 1256 2135 rem
1279 2094 1394 2135 illam
1418 2109 1495 2135 suo
1518 2109 1593 2150 pe-

149 2149 286 2191 riculo
318 2165 433 2193 esse:
467 2154 581 2208 quod
616 2168 694 2195 nec
728 2154 835 2194 mihi
870 2168 1075 2209 umquam
1111 2152 1271 2194 Brutus
1305 2152 1490 2202 dixerat,
1512 2166 1593 2193 nec

151 2208 257 2250 tibi:
290 2209 436 2261 etiam,
461 2221 507 2252 ut
530 2211 833 2267 praefecturam
856 2212 1033 2268 Scaptio
1062 2210 1288 2252 deferrem.
1320 2210 1362 2250 id
1387 2224 1486 2251 vero
1518 2224 1594 2266 per

192 2324 215 2354 6
236 2333 295 2354 nee
321 2325 358 2354 id
380 2327 461 2356 satis
484 2324 628 2367 efficitur
651 2326 688 2356 in
710 2336 851 2357 usuram

153 2367 304 2406 menstr]
331 2378 396 2398 non.
418 2369 453 2399 ἑά
472 2370 554 2399 satis
575 2367 731 2409 efficitur,
758 2368 851 2399 nullo

154 2409 252 2439 modo
267 2409 409 2441 latinum
426 2416 487 2442 est.
508 2411 721 2441 Scribendum
737 2411 852 2452 efficit.-

154 2451 236 2482 illud
259 2453 439 2490 tributum,
464 2453 522 2484 illa
547 2454 674 2484 exactio
700 2454 852 2485 XXXIII

152 2495 356 2527 talentorum
384 2506 451 2527 non
474 2502 608 2527 tantum
632 2497 732 2526 efficit
753 2507 852 2536 pecu-

155 2537 232 2574 niae,
247 2544 409 2576 quantum
433 2549 513 2578 opus
535 2544 596 2569 est.
615 2539 660 2568 sic
683 2543 718 2569 et
739 2539 854 2570 statim

157 2585 244 2619 post,
261 2591 299 2611 ea
314 2583 440 2612 tributa
455 2583 506 2612 vix
521 2582 671 2612 efficiunt
691 2581 727 2612 in
749 2582 855 2612 foenus

157 2621 194 2652 P.
211 2623 297 2662 quod
312 2625 390 2655 satis
406 2624 460 2654 sit.
478 2634 544 2654 non
559 2624 705 2654 dubitavi
721 2624 766 2654 sic
781 2633 854 2654 cor-

157 2665 272 2704 rigere.
288 2665 328 2697 de
343 2667 440 2698 verbo
463 2666 589 2708 efficere
610 2667 644 2696 in
666 2666 729 2697 hae
743 2665 804 2697 tali
821 2676 855 2696 re

158 2707 222 2737 vid.
239 2707 331 2740 Clav.

201 2753 219 2784 7
238 2749 354 2789 foenus
383 2756 414 2782 et
447 2751 651 2792 impendium
685 2750 852 2790 recusare]

145 2790 264 2829 soenus
277 2798 327 2824 est
348 2793 383 2824 h.
398 2794 421 2824 l.
444 2795 515 2834 ipsa
536 2803 630 2833 soi-53
653 2794 856 2834 impendium

158 2844 278 2872 usurae,
294 2846 374 2874 quas
388 2837 445 2866 dat
458 2836 599 2874 debitor,
617 2837 650 2866 in
668 2837 785 2876 quibus
806 2838 858 2866 est

158 2877 373 2917 impendium.
389 2888 467 2909 nam
479 2884 512 2908 ct
523 2878 556 2909 in
569 2879 703 2910 nomine
717 2879 858 2910 foenera-

158 2924 270 2950 torum
289 2921 374 2951 inest
390 2921 528 2962 pecunia
551 2920 672 2954 locata.
687 2922 772 2954 bene
793 2920 859 2951 hoc

893 2325 1006 2356 docuit
1025 2325 1210 2356 Gronovius
1233 2324 1267 2354 in
1290 2323 1454 2355 Mantissa
1475 2325 1595 2363 ἀντεξη-

895 2368 1004 2409 ιγῆσεως
1022 2379 1052 2409 p.
1075 2370 1145 2398 104.
1159 2372 1233 2397 tota
1249 2377 1297 2397 res
1313 2366 1392 2397 alias
1407 2366 1528 2397 dicitnr
1543 2369 1595 2398 bo-

894 2422 974 2443 nam
998 2412 1123 2452 copiam
1146 2408 1292 2450 ejurare,
1312 2409 1430 2439 Franci
1454 2410 1596 2450 banque-

894 2458 1019 2485 φθαῖεν.
1062 2452 1208 2483 Scaevola
1230 2452 1294 2482 fuit
1313 2461 1391 2482 avus
1407 2451 1596 2483 Glabrionis

895 2497 1026 2538 pupilli,
1041 2501 1138 2534 atque
1152 2499 1258 2524 tutor.
1516 2528 1521 2532 ῃ

939 2543 957 2571 8
980 2540 1059 2569 (lum
1082 2548 1121 2567 ne
1143 2535 1353 2576 negotiatori]
1379 2537 1441 2567 int.
1464 2546 1518 2567 eas
1541 2547 1597 2577 pe-

897 2585 996 2618 teret,
1026 2579 1144 2611 deferri
1174 2579 1286 2609 vellet.
1313 2580 1509 2618 negotiatori
1536 2589 1596 2620 pro

896 2625 1148 2662 negotiarentur
1161 2621 1265 2653 edidit
1279 2620 1460 2658 Victorius,
1476 2628 1514 2651 ut
1536 2621 1597 2659 ait,

897 2677 916 2697 e
931 2673 1040 2698 vetere
1063 2665 1166 2696 libro:
1190 2664 1276 2695 forte
1291 2674 1329 2693 ex
1345 2664 1395 2694 ed.
1410 2665 1506 2694 Rom.
1523 2673 1598 2703 quae

898 2709 943 2738 sic
959 2708 1072 2740 habet.
1107 2709 1246 2738 Secutus
1258 2713 1309 2736 est
1323 2707 1359 2737 P.
1377 2706 1565 2736 Manutius.

941 2755 962 2786 9
984 2752 1086 2782 etiam
1106 2760 1227 2780 novum
1250 2749 1414 2785 accidisse,
1437 2752 1598 2787 tanquam

899 2794 995 2833 mihi]
1013 2794 1092 2824 Non
1107 2793 1216 2833 placet
1229 2792 1343 2827 etiam,
1355 2795 1528 2830 tanquam.
1540 2795 1600 2821 aut

900 2835 1044 2875 glossam
1066 2840 1149 2877 puto
1164 2844 1232 2866 esse
1248 2838 1410 2872 tanquam
1431 2833 1601 2871 mamam:

900 2878 1078 2918 legendum
1093 2881 1309 2918 tam—quam
1324 2875 1416 2907 mihi.

812 2969 940 3019 Pp4
