1940 3231
675 153 879 195 LIBER
916 153 1010 191 XII.
1488 163 1564 202 747

123 261 260 304 tabis:
294 261 390 313 etsi,
422 260 528 318 quid
562 260 699 316 magis
737 258 918 314 placeat,
937 271 1020 314 ego
1043 263 1252 312 quantum
1276 259 1454 314 aspicio,
1478 276 1566 304 non

123 318 249 360 facile
272 320 499 360 inveneris.
533 318 645 360 Cum
670 315 876 366 Mustela,
895 315 1258 369 quemadmodum
1282 317 1448 368 scribis,
1467 334 1568 361 cum

123 377 290 417 venerit
314 376 508 434 Crispus.
541 375 608 415 Ad
630 375 670 406 22
684 372 847 413 Aulum
870 372 1037 428 scripsi,
1061 382 1108 412 ut
1129 386 1192 423 ea,
1216 387 1313 427 quae
1340 373 1447 414 bene
1471 390 1569 416 nos-

125 447 214 474 sem
244 434 296 475 de
325 449 443 484 auro,
469 432 615 473 Pisoni
649 431 689 462 23
707 430 1035 471 demonstraret.
1059 429 1140 471 tibi
1163 430 1276 470 enim
1303 445 1403 470 sane
1426 446 1570 473 assen-

124 491 201 542 tio,
224 501 268 532 et
290 491 402 532 istud
427 489 607 530 nimium
638 488 712 529 diu
742 487 858 538 duci,
880 497 923 528 et
945 487 1091 528 omnia
1115 502 1228 528 nunc
1252 487 1441 542 undique
1465 504 1569 530 con-

127 548 350 589 trahenda.
410 546 472 587 Te
494 546 669 601 quidem
691 545 798 586 nihil
821 559 962 600 agere,
986 544 1095 585 nihil
1116 545 1310 600 cogitare
1333 545 1463 597 aliud,
1488 547 1569 587 nisi

129 606 246 661 quod
277 605 330 646 ad
362 619 430 645 me
464 604 690 659 pertineat,
722 602 848 643 facile
881 602 1120 657 perspicio:
1162 603 1354 657 meisque
1387 604 1572 659 negotiis

126 661 324 718 impediri
348 662 634 717 cupiditatem
658 671 775 701 tuam
800 660 851 700 ad
874 674 942 700 me
962 659 1175 700 veniendi.
1198 660 1270 700 sed
1293 674 1462 702 mecum
1482 675 1574 702 esse

126 728 170 760 te
201 728 333 775 put0;
375 734 462 760 non
495 719 633 760 solum
664 717 781 774 quod
811 731 952 758 meam
984 731 1072 757 rem
1106 717 1214 773 agis,
1254 732 1399 758 verum
1442 719 1576 760 etiam

124 777 240 831 quod
268 776 411 818 videre
436 777 597 827 videor,
616 791 702 832 quo
723 774 852 816 modo
875 789 992 830 agas.
1015 777 1056 804 2⁴
1072 789 1208 829 neque
1227 775 1341 815 enim
1364 775 1447 816 ulla
1471 776 1576 818 hora

125 833 187 874 tui
224 833 332 875 mihi
366 843 432 875 est
467 834 609 890 operis
642 834 807 889 ignota.
862 831 1082 873 Tubulum
1114 842 1344 888 praetorem
1374 834 1498 875 video
1524 835 1573 876 L.

125 889 308 932 Metello
343 892 400 939 Q.
434 891 637 933 Maximo
669 889 935 932 consulibus.
969 904 1084 930 nunc
1115 889 1261 940 velim,
1295 890 1346 931 P.
1376 891 1575 933 Scaevola

124 948 327 1004 pontifex
350 949 581 1001 maximus,
605 949 762 1004 quibus
785 947 1034 989 consulibus
1059 947 1257 988 tribunus
1278 948 1429 1003 piebis.
1453 948 1574 1005 equi-

124 1006 222 1047 dem
261 1016 366 1063 puto
404 1007 628 1063 proximis,
667 1005 878 1060 Caepione
911 1014 953 1044 et
987 1004 1214 1060 Pompeio.
1269 1005 1437 1047 Praetor
1459 1007 1575 1048 enim

126 1063 178 1105 P.
204 1064 350 1115 Furio,
377 1064 478 1106 Sex.
514 1063 665 1105 Atilio.
688 1062 811 1104 dabis
846 1062 980 1118 igitur
1010 1063 1293 1112 tribunatum,
1313 1072 1370 1113 et,
1394 1064 1426 1104 si
1453 1074 1576 1120 pote-

127 1121 199 1171 ris,
223 1121 418 1163 Tubulus
442 1137 528 1178 quo
558 1121 753 1162 crimine.
775 1129 819 1160 et
842 1120 954 1170 vide,
978 1134 1142 1174 quaeso,
1167 1120 1216 1160 L.
1243 1120 1369 1171 Libo,
1393 1121 1476 1172 ille,
1500 1122 1575 1177 qui

127 1179 181 1220 de
203 1179 294 1221 Ser.
319 1179 475 1230 Galba,
500 1178 798 1221 Censorinone
821 1186 863 1217 et
888 1176 1091 1228 Manilio,
1114 1192 1168 1218 an
1199 1176 1251 1218 T.
1285 1178 1470 1224 Quintio
1494 1179 1576 1221 Μ’.

126 1235 269 1278 Acilio
292 1237 542 1278 consulibus
568 1237 763 1277 tribunus
786 1234 920 1290 plebis
943 1233 1086 1275 fuerit.
1110 1235 1343 1275 conturbat
1365 1237 1480 1276 enim
1507 1251 1578 1278 me

125 1295 317 1350 epitome
336 1295 461 1335 Bruti
483 1294 720 1345 Fanniana,
743 1294 783 1324 25
798 1306 849 1332 an
874 1292 998 1333 Bruti
1017 1293 1208 1348 epitome
1229 1292 1577 1336 Fannianorum?

125 1353 293 1407 scripsi,
325 1352 438 1407 quod
473 1361 563 1393 erat
595 1352 636 1392 in
671 1361 894 1392 extremo:
945 1350 1074 1405 idque
1104 1364 1187 1406 ego
1231 1360 1417 1402 secutus,
1461 1352 1578 1393 hunc

125 1408 356 1461 Fannium,
380 1410 453 1465 qui
487 1408 660 1465 scripsit
693 1408 934 1457 historiam,
966 1422 1173 1463 generum
1207 1422 1298 1449 esse
1321 1409 1575 1464 scripseram
1589 1416 1622 1447 b.

129 1466 278 1509 Laelii:
313 1467 385 1508 sed
411 1477 455 1508 tu
482 1481 548 1507 me
577 1474 801 1522 γεωμετςικῶς
825 1465 1060 1521 refelleras:
1097 1475 1139 1506 te
1161 1475 1304 1506 autem
1329 1481 1443 1507 nunc
1466 1467 1578 1507 Bru-

127 1532 196 1565 tus
219 1533 263 1565 et
286 1525 490 1575 Fannius.
515 1539 596 1580 ego
622 1533 766 1564 tamen
797 1524 850 1565 de
884 1524 1000 1563 bono
1023 1532 1213 1573 auctore,
1238 1522 1493 1575 Hortensio,
1517 1525 1578 1566 sic

127 1596 394 1638 acceperam,
418 1591 466 1623 ut
496 1581 609 1638 apud
644 1581 829 1622 Brutum
861 1590 940 1621 est.
974 1580 1089 1621 hunc
1120 1580 1254 1636 igitur
1279 1581 1420 1622 iocum
1445 1595 1578 1638 expe-

126 1639 232 1681 dies.
295 1639 391 1695 Ego
415 1639 511 1681 misi
545 1638 749 1680 Tironem
786 1637 1027 1681 Dolabellae
1051 1638 1242 1679 obviam.
1267 1637 1301 1678 is
1325 1639 1377 1679 ad
1396 1653 1465 1680 me
1489 1639 1580 1680 Idi-

126 1697 206 1738 bus
231 1705 480 1739 revertetur.
505 1705 546 1739 te
566 1697 832 1752 exspectabo
854 1695 1076 1752 postridie.
1128 1695 1196 1736 De
1217 1694 1359 1737 Tullia
1381 1711 1476 1737 mea
1495 1697 1576 1738 tibi

128 1755 476 1811 antiquissimum
493 1770 584 1796 esse
607 1754 758 1796 video:
780 1754 909 1809 idque
929 1754 990 1795 ita
1006 1764 1053 1794 ut
1071 1754 1140 1805 sit,
1156 1763 1197 1794 te
1214 1753 1491 1795 vehementer
1510 1769 1580 1795 ro-

129 1827 203 1868 go.
256 1812 373 1870 Ergo
396 1826 440 1854 et
471 1813 513 1853 in
543 1813 714 1868 integro
733 1813 904 1853 onmia:
940 1812 1000 1852 sic
1023 1811 1139 1852 enim
1163 1811 1329 1852 scribis.
1361 1811 1470 1853 mihi
1501 1812 1581 1853 etsi

130 1870 340 1912 Kalendae
373 1871 562 1912 vitandae
595 1869 783 1920 fuerunt,
807 1870 848 1901 26
864 1869 1237 1924 Nicasionumque
1263 1872 1444 1925 ἀςχὲτυπαι
1466 1869 1583 1926 fugi-

127 1928 254 1980 enda,
285 1928 656 1983 conficiendaeque
688 1925 872 1968 tabulae:
928 1926 1037 1968 nihil
1070 1936 1214 1967 tamen
1249 1927 1372 1977 tanti,
1405 1935 1453 1967 ut
1484 1942 1509 1968 a
1541 1937 1583 1968 te

131 1986 340 2038 abessem,
362 1986 460 2027 fuit.
483 2001 584 2028 cum
607 1985 762 2026 Romae
787 1999 940 2035 essem,
959 1994 1003 2026 et
1023 1984 1169 2040 tejam
1187 1984 1369 2040 jamque
1390 1985 1582 2026 visurum

128 2057 199 2084 me
220 2053 444 2099 putarem3
475 2043 671 2099 quotidie
708 2053 852 2083 tamen
890 2042 1024 2094 horae,
1064 2043 1222 2098 quibus
1256 2042 1581 2097 exspectabam,

130 2101 275 2157 longae
299 2101 570 2142 videbantur.
591 2101 672 2142 scis
693 2114 761 2142 me
781 2100 959 2141 minime
979 2115 1072 2142 esse
1094 2099 1315 2142 blandum.
1337 2102 1482 2156 itaque
1501 2100 1582 2141 mi-

130 2172 211 2200 nus
231 2158 454 2215 aliquanto
477 2158 591 2211 dico,
613 2172 744 2214 quam
767 2158 922 2199 sentio.

171 2303 212 2331 22
247 2300 388 2340 Aulum]
428 2301 482 2331 Sic
509 2299 582 2330 edd.
610 2310 659 2340 pr.
687 2304 722 2331 et
751 2301 832 2332 Mss.
877 2310 955 2341 pore
970 2299 1009 2330 de
1021 2298 1125 2330 Attici
1141 2309 1252 2340 opere,
1265 2297 1377 2330 labore
1394 2308 1453 2339 pro
1465 2308 1511 2335 se,
1528 2309 1585 2330 co-

126 2343 249 2384 plures.
284 2343 408 2374 Avium
428 2348 479 2373 est
503 2353 523 2373 a
547 2344 659 2380 Bosio,
675 2344 731 2382 qui
746 2344 779 2374 in
796 2344 834 2374 li.
877 2344 994 2382 gitare.
1032 2342 1154 2381 Ignota
1169 2346 1220 2372 est
1235 2352 1295 2382 pro
1311 2343 1447 2380 ignara,
1470 2348 1508 2372 ut
1524 2341 1583 2373 ali·

130 2386 197 2416 bris
211 2385 338 2416 duobus
362 2386 495 2427 reperit.
511 2395 633 2416 nomen
648 2385 724 2416 sz'z'
740 2387 834 2426 igno·
878 2386 911 2417 bi
928 2384 1015 2426 apud
1029 2390 1191 2415 nostrum.
1208 2395 1240 2414 v.
1258 2384 1350 2414 Clav.

129 2431 205 2459 tum
230 2429 407 2459 Romanis:
439 2427 525 2458 unde
553 2428 773 2469 Glandorpius
800 2430 836 2460 in
921 2430 960 2459 25
984 2438 1029 2458 (m
1044 2428 1149 2460 Bruti
1164 2428 1299 2467 epitome
1313 2426 1581 2467 Fannianorum]

131 2470 253 2502 Onom.
268 2472 412 2511 conjecit
426 2471 607 2501 Avianzem.
878 2471 964 2501 Puto
979 2470 1156 2501 delendum
1172 2470 1278 2501 Bruti
1291 2471 1438 2509 epitome.

171 2515 212 2545 23
236 2513 488 2552 demonstraret]
516 2513 569 2544 Sic
584 2513 624 2544 de
640 2512 837 2554 Malaspinae

130 2560 165 2586 et
194 2555 313 2587 Faerni
340 2556 546 2587 correctione
569 2556 730 2596 rescripsi.
760 2566 836 2586 nam

132 2603 308 2629 contextus
333 2599 467 2629 tertiam
486 2607 658 2639 personam
674 2598 833 2638 postulat.

131 2646 165 2671 et
181 2640 267 2671 forte
281 2649 409 2681 quoque
426 2648 504 2672 ante
528 2640 704 2680 legendum
720 2646 834 2672 nosset.

131 2683 205 2714 edd.
233 2692 282 2722 pr.
297 2684 578 2721 demonstrarem,
601 2694 618 2714 e
633 2693 697 2723 quo
721 2684 837 2715 Rosius

130 2726 209 2756 fecit
225 2725 488 2762 demonstrarint,
508 2730 548 2756 ut
573 2730 608 2757 et
626 2727 660 2757 in
676 2727 757 2757 Mss.
774 2725 835 2758 Pa-

133 2767 190 2799 ris.
209 2768 331 2808 reperit
345 2768 560 2799 Alemannus.

170 2812 214 2841 24
236 2820 338 2850 neque
364 2821 391 2841 e.
418 2813 492 2842 ulla
518 2813 600 2842 hora
622 2812 837 2852 tui—operis

127 2852 256 2892 ignota]
275 2854 357 2883 Iun-a
372 2862 439 2884 non
451 2854 492 2885 ad
504 2854 654 2885 Atticum
667 2855 830 2895 pertinet:

128 2895 185 2926 sed
209 2894 281 2926 vult
304 2895 418 2927 Cicero
441 2896 561 2935 dicere,
583 2906 617 2929 se
641 2898 733 2929 omni
746 2902 834 2930 tem-

922 2514 962 2544 26
986 2514 1207 2545 Nic-assonam
1230 2512 1408 2555 ἀρχέτυπα]
1435 2512 1582 2543 Restitui

880 2555 1058 2587 lectionem
1071 2555 1223 2586 Victorii.
1252 2555 1443 2586 Nicasiom's
1458 2564 1584 2586 nomen

878 2603 928 2629 est
957 2603 990 2628 et
1021 2598 1056 2628 in
1079 2597 1238 2629 verrinis.
1261 2599 1324 2628 etsi
1348 2598 1381 2628 h.
1408 2597 1431 2629 l.
1454 2598 1584 2628 videtur

879 2641 1037 2671 fictitium
1047 2649 1170 2671 nomen
1181 2649 1251 2670 esse
1265 2645 1299 2671 et
1312 2641 1352 2671 ad
1369 2640 1583 2671 faeneratores

879 2684 1047 2714 universos
1061 2684 1235 2724 pertinere.
1249 2683 1389 2714 timebat
1403 2681 1583 2718 Kalendas,

877 2731 916 2757 ut
932 2726 1019 2757 diem
1035 2727 1182 2766 pecuniae
1196 2725 1374 2762 solvendae,
1391 2730 1425 2755 et
1439 2724 1583 2754 credito-

878 2778 940 2799 res.
977 2768 1162 2799 Gronovius
1178 2768 1365 2808 corrigebat
1391 2765 1584 2800 νεοεικοςῶνων

877 2812 1173 2842 vicesimariorum.
1195 2820 1238 2841 an
1254 2811 1331 2850 quia
1352 2810 1444 2840 heres
1459 2810 1581 2848 fuerat,

874 2860 909 2885 et
924 2854 1114 2885 vicesimam
1136 2853 1274 2884 debebat
1287 2853 1298 2882 ἓ
1311 2852 1581 2893 ——eonficiendae-

874 2907 935 2938 que
949 2897 1070 2928 tabule
1084 2905 1131 2928 sc.
1144 2895 1225 2927 mihi
1241 2894 1394 2936 privatim
1411 2903 1505 2927 meae.
