1940 3231
716 126 924 166 LIBER
949 125 1002 164 X.
1498 129 1573 168 701

567 231 804 276 CICERO
832 228 1066 273 ATTICO
1097 229 1144 270 S.
1587 249 1614 287 5

131 288 231 344 DE
262 308 354 344 tota
375 316 472 343 mea
492 300 763 358 cogitatione
785 298 937 356 scripsi
961 297 1015 340 ad
1038 306 1081 339 te
1102 303 1230 338 antea
1252 295 1371 347 satis,
1393 305 1441 338 ut
1467 298 1577 340 mihi

128 360 245 402 visus
279 375 389 411 sum,
410 359 653 416 diligenter.
684 357 738 399 de
770 357 840 399 die
874 356 983 398 nihil
1006 369 1107 397 sane
1135 363 1280 410 potest
1302 354 1432 395 scribi
1456 357 1580 408 certi,

129 428 289 474 praeter
320 418 431 469 h0c3
464 431 548 457 non
582 426 683 456 ante
715 415 858 456 lunam
883 429 1058 456 novam.
1111 412 1316 455 Curionis
1340 426 1479 453 sermo
1504 428 1582 468 po-

129 476 280 517 stridie
302 475 482 517 eandem
521 473 674 514 habuit
703 472 792 514 fere
814 487 1043 522 summam,
1065 471 1147 513 nisi
1171 469 1289 527 quod
1311 470 1502 526 apertius
1525 470 1582 510 si-

129 533 373 589 gnificavit,
395 545 439 572 se
462 531 612 572 harum
639 545 780 572 rerum
802 531 971 573 exitum
994 544 1081 571 non
1105 529 1266 571 videre.
1316 529 1448 576 Quod
1471 527 1581 569 mihi

130 592 308 632 mandas
330 590 383 631 de
406 589 577 635 Quinto
599 590 805 646 regendo,
825 591 999 646 ᾱςκοιδίαν.
1024 596 1170 629 tamen
1192 586 1301 628 nihil
1321 586 1584 643 praetermit-

130 658 234 689 tam.
257 657 386 702 atque
408 646 574 687 utinam
610 648 681 689 tu!
713 650 755 678 4⁴
769 647 842 688 sed
865 646 1102 687 modestior
1136 660 1224 686 non
1255 658 1344 686 ero.
1406 643 1585 701 Episto-

128 706 213 747 lam
247 705 301 746 ad
325 704 572 745 Vestorium
606 708 646 736 45
661 705 807 746 statim
847 704 901 745 de
933 703 1090 755 Tullia,
1127 717 1178 744 ac
1207 702 1331 744 valde
1367 703 1586 758 requirere

130 762 311 803 solebat.
363 761 650 804 Commodius
674 773 816 804 tecum
841 762 1060 803 Vectenus
1083 770 1149 802 est
1167 761 1354 812 locutus,
1376 775 1507 816 quam
1531 760 1586 802 ad

129 834 200 862 me
221 820 465 876 scripserat.
489 821 562 861 sed
591 821 735 862 mirari
759 820 861 861 satis
890 820 933 850 46
946 819 1134 861 hominis
1158 818 1472 875 negligentiam
1497 833 1586 860 non

129 892 258 933 queo.
288 893 387 919 cum
410 879 525 919 enim
555 879 661 920 mihi
687 878 949 919 Philotimus
973 878 1171 928 dixisset,
1194 876 1295 918 H-S
1322 891 1347 918 L
1369 891 1512 918 emere
1531 877 1585 918 de

132 935 344 977 Canuleio
378 937 663 977 diversorium
693 936 797 977 illud
833 950 971 992 posse,
993 935 1172 976 minoris
1195 934 1326 975 etiam
1350 944 1584 987 emturum,

132 994 166 1035 si
201 994 445 1035 Vectenum
484 1009 729 1050 rogassem3
762 993 928 1050 rogavi,
962 1002 1025 1044 ut,
1056 993 1090 1033 si
1125 993 1230 1047 quid
1261 1002 1422 1048 posset,
1456 1007 1510 1034 ex
1534 1007 1718 1046 eap.159.

129 1066 302 1093 summa
334 1052 603 1094 detraheret:
637 1052 862 1108 promisit:
894 1050 948 1092 ad
981 1065 1050 1091 me
1084 1065 1234 1106 nuper,
1272 1064 1316 1090 se
1351 1050 1451 1092 H-S
1479 1061 1626 1092 xxxa·

131 1111 311 1151 emisse:
343 1112 384 1143 47
400 1119 447 1151 ut
480 1110 727 1160 scriberem,
761 1109 830 1150 cui
864 1107 1018 1149 vellem
1046 1108 1215 1150 addici:
1249 1107 1363 1149 diem
1387 1109 1585 1165 pecuniae

134 1167 202 1210 Id.
227 1168 446 1209 Novemb.
480 1182 587 1209 esse.
624 1167 821 1223 rescripsi
857 1166 895 1207 ei
920 1165 1252 1217 stomachosius,
1274 1180 1374 1207 cum
1391 1167 1498 1221 joco
1525 1176 1587 1208 ta-

135 1240 232 1267 men
253 1225 468 1266 familiari.
493 1240 625 1276 nunc,
641 1227 683 1256 48
697 1224 904 1280 quoniam
922 1224 1016 1280 agit
1033 1222 1282 1273 liberaliter,
1302 1223 1412 1264 nihil
1430 1239 1589 1266 accuso

135 1283 373 1334 hominem,
409 1283 648 1339 scripsique
681 1282 735 1324 ad
770 1297 885 1332 eum,
909 1297 978 1323 me
1010 1298 1036 1323 a
1073 1291 1114 1322 te
1137 1282 1366 1323 certiorem
1400 1296 1493 1323 esse
1526 1282 1591 1323 fa-

133 1349 269 1383 ctum.
315 1340 398 1392 Tu,
419 1341 472 1383 de
495 1350 571 1383 tuo
595 1341 749 1382 itinere
772 1340 877 1396 quid
899 1349 943 1381 et
964 1340 1138 1395 quando
1164 1340 1348 1397 cogiteS,
1369 1334 1502 1382 velim
1522 1354 1592 1382 me

133 1400 365 1442 certiorem
388 1399 536 1442 facias.
588 1398 644 1440 A.
667 1398 710 1440 d.
733 1412 792 1440 xv
822 1397 920 1440 Kal.
945 1397 1057 1439 Mai.

568 1487 805 1531 CICERO
835 1487 1067 1533 ATTICO
1101 1489 1146 1530 S.
1602 1489 1629 1531 6

138 1545 249 1600 ME
270 1557 413 1600 adhuc
445 1556 570 1610 nihil,
594 1565 753 1614 praeter
775 1566 1095 1614 tempestatem,
1127 1567 1334 1600 moratur.
1363 1566 1506 1600 astute
1524 1558 1591 1600 ni-

137 1614 200 1657 hil
222 1631 317 1658 sum
339 1625 538 1659 acturus:
563 1615 641 1657 fiat
662 1616 706 1656 in
731 1614 950 1672 Hispania
970 1615 1209 1672 quidlibet:
1242 1619 1283 1651 49
1297 1626 1341 1657 ct
1364 1625 1506 1658 tamen
1526 1631 1592 1657 re-

135 1674 238 1715 tice.
272 1688 388 1716 meas
424 1673 716 1731 cogitationes
750 1687 899 1721 omnes
937 1674 1155 1731 explicavi
1187 1674 1268 1715 tibi
1293 1675 1589 1730 superioribus

136 1731 308 1774 litteris.
331 1731 538 1789 quocirca
568 1732 638 1774 hae
675 1741 777 1773 sunt
810 1732 986 1773 breves:
1019 1741 1063 1773 et
1094 1744 1253 1784 tamen,
1287 1734 1389 1788 quia
1412 1731 1587 1773 festina-

137 1790 255 1842 bam,
276 1804 480 1846 eramque
503 1790 773 1846 occupatior.
827 1789 896 1832 De
927 1789 1097 1836 Quinto
1121 1789 1227 1841 filio,
1266 1790 1315 1832 fit
1347 1806 1372 1832 a
1403 1805 1471 1832 me
1493 1791 1589 1846 qui-

136 1848 236 1890 dem
270 1847 446 1901 sedulo3
478 1849 552 1889 sed
586 1848 699 1889 nosti
733 1847 911 1904 reliqua.
973 1848 1105 1894 Quod
1134 1848 1233 1890 dein
1268 1863 1336 1890 me
1359 1863 1524 1900 mones,
1546 1859 1590 1889 et

139 1907 293 1957 amice,
325 1915 369 1948 et
404 1906 638 1963 prudenter
660 1920 838 1948 mones:
871 1905 944 1947 sed
978 1917 1104 1947 erunt
1126 1908 1274 1948 omnia
1297 1907 1455 1957 facilia,
1479 1907 1511 1947 si
1537 1907 1592 1950 ab

139 1978 228 2005 uno
252 1964 324 2006 illo
357 1979 527 2007 cavero.
563 1979 771 2021 magnum
804 1979 913 2021 opus
950 1975 1030 2006 est.
1060 1965 1278 2006 mirabilia
1311 1965 1461 2006 multa.
1485 1963 1595 2006 nihil

140 2021 343 2079 simplex,
365 2022 473 2064 nihil
492 2023 722 2064 sincerum.
740 2022 908 2074 vellem,
931 2023 1191 2080 suscepisses
1207 2023 1415 2079 juvenem
1442 2037 1593 2079 regen-

140 2079 261 2121 dum.
299 2089 421 2138 pater
453 2080 569 2122 enim
603 2081 731 2122 nimis
760 2079 1004 2137 indulgens,
1025 2081 1238 2137 quidquid
1260 2095 1342 2137 ego
1365 2081 1595 2131 adstrinxi,

141 2137 323 2180 relaxat.
347 2138 382 2179 si
413 2137 506 2180 sine
531 2137 605 2180 illo
638 2153 824 2195 possem,
855 2153 1073 2195 regerem:
1107 2140 1223 2195 quod
1264 2150 1311 2180 tu
1348 2149 1484 2195 potes.
1522 2139 1597 2180 sed

142 2195 351 2252 ignosco:
384 2210 611 2254 magnum,
633 2196 826 2254 inquam,
850 2211 960 2254 opus
982 2206 1061 2239 est.
1096 2197 1356 2254 Pompeium
1379 2212 1455 2254 pro
1477 2206 1596 2239 certo

180 2313 224 2343 44
246 2312 305 2343 sed
318 2312 490 2343 modestior
503 2320 568 2343 non
583 2311 652 2352 ero]
677 2311 846 2344 Victorius

139 2355 327 2395 corrigebat
344 2356 507 2387 molestior
517 2368 526 2385 .·
542 2365 660 2396 nempe
675 2356 847 2387 modestior

140 2397 188 2428 rei
202 2406 270 2429 non
284 2398 456 2430 videbatur
467 2399 656 2430 convenire.
669 2403 721 2429 est
733 2405 847 2430 autem

141 2439 262 2489 lenior,
278 2443 336 2482 qui
357 2441 495 2473 modum
517 2441 599 2472 facit
621 2442 791 2474 severitati
812 2445 847 2473 et

139 2492 210 2513 1rae.

183 2529 225 2557 45
245 2528 361 2559 statim
377 2528 416 2559 de
429 2526 557 2567 Tullia]
577 2527 725 2559 Graevius
736 2538 754 2558 e
768 2526 848 2558 Mss,

141 2577 278 2600 suorum
292 2571 438 2612 vestigiis
453 2571 640 2611 corrigebat
652 2571 768 2602 detuli.
782 2580 850 2600 non

146 2610 241 2643 bene.
258 2622 334 2644 nam
359 2615 407 2645 ita
432 2624 499 2645 non
520 2620 584 2651 est,
608 2624 672 2654 quo
688 2613 851 2644 referatur

143 2662 282 2693 sequens
291 2657 412 2688 solebat
422 2658 602 2698 requirere.
617 2667 669 2688 me
681 2656 850 2687 interdum

142 2696 284 2729 offendit
297 2699 486 2732 collocatio.
500 2701 586 2731 forte
601 2700 667 2732 suit
681 2700 720 2731 de
737 2698 850 2731 Tullia

143 2741 272 2776 statim.
301 2751 346 2773 sc.
373 2743 499 2784 scripsi.
527 2748 763 2784 argumentum
783 2743 852 2783 epi-

142 2782 241 2813 stolae
264 2794 283 2814 e
305 2787 515 2825 sequentibus
539 2792 646 2827 patet,
666 2796 786 2827 nempe
811 2785 852 2816 ad

143 2826 307 2866 praedium
338 2829 494 2868 pertinet,
517 2829 606 2868 quod
638 2829 697 2861 iila
719 2833 850 2860 emtum

142 2869 311 2908 cupiebat,
324 2871 412 2910 quod
423 2872 639 2903 diversorium
654 2877 730 2913 post
741 2876 850 2902 vocat.

185 2912 229 2944 46
251 2914 390 2946 hominis
417 2915 674 2963 negligentiam]
708 2914 851 2946 Videtur

889 2312 931 2343 ad
954 2313 1130 2353 pecuniam
1157 2312 1338 2354 pertinere,
1361 2313 1401 2344 de
1417 2314 1512 2353 cujus
1531 2313 1597 2345 sol-

891 2355 1005 2386 vendae
1027 2355 1079 2386 die
1104 2366 1171 2387 non
1189 2357 1295 2396 egerit
1317 2362 1396 2386 ante
1412 2367 1486 2387 cum
1503 2358 1598 2388 Cice-

890 2408 984 2436 rone,
1000 2408 1099 2438 quam
1115 2400 1315 2439 promiserit.
1331 2399 1409 2429 hinc
1424 2405 1458 2430 et
1472 2399 1597 2431 intelli-

891 2441 1046 2481 gendum,
1071 2442 1159 2481 quod
1185 2446 1260 2482 post
1281 2443 1341 2481 ait,
1360 2452 1394 2473 se
1407 2443 1598 2475 stomacho-

890 2485 957 2515 sius
973 2485 1185 2525 rescripsisse.

933 2531 974 2562 47
997 2532 1035 2558 ut
1049 2526 1238 2567 scriberem]
1265 2527 1386 2558 Melius
1402 2528 1529 2560 abesset
1549 2533 1598 2560 ut.

893 2571 948 2601 cui
963 2572 1080 2601 vellem
1095 2571 1216 2607 addici,
1235 2570 1315 2601 inihi
1330 2571 1390 2611 ipsi
1407 2581 1450 2601 an
1466 2571 1600 2603 Tulliae.

936 2616 977 2645 48
1001 2614 1155 2653 quoniam
1170 2615 1244 2653 agit
1259 2614 1454 2654 liberaliter]
1481 2615 1544 2646 int.
1560 2615 1600 2646 de

894 2656 946 2687 die
961 2656 1148 2688 solutionis.

935 2702 977 2734 49
1000 2703 1031 2730 et
1046 2704 1159 2730 tamen
1173 2699 1286 2739 retice]
1312 2699 1364 2730 Sic
1379 2699 1482 2731 edidit
1503 2701 1600 2737 bene,

892 2748 932 2773 ut
946 2742 1077 2783 opinor,
1092 2742 1273 2780 Victorius,
1294 2753 1312 2774 e
1336 2743 1479 2774 lectione
1501 2743 1602 2774 libro-

894 2795 982 2822 rum,
1000 2786 1055 2825 qui
1077 2785 1202 2816 habent
1223 2787 1349 2818 reticet.
1393 2786 1511 2817 Bosius
1527 2795 1600 2816 cor-

893 2829 979 2859 rexit
991 2830 1179 2866 reticenter,
1193 2828 1281 2867 quod
1293 2829 1456 2859 Gruterus
1468 2834 1601 2859 secutus

892 2876 954 2902 est.
970 2872 1027 2902 sed
1043 2871 1178 2902 verbum
1196 2872 1257 2902 hoc
1273 2871 1425 2910 nuspiam
1441 2872 1601 2904 occurrit.

893 2914 1076 2946 Lambinus
1093 2915 1262 2955 ingeniose
1277 2914 1425 2945 reticebo.
