1940 3231
744 134 950 176 LIBER
987 134 1074 173 XV.
1564 137 1642 178 847

184 244 339 298 possit,
361 242 478 301 quod
501 256 588 284 non
608 240 750 298 quivis
781 239 977 283 nostrum
997 241 1011 281 ἓ
1042 236 1134 290 sed,
1158 237 1192 279 si
1215 236 1319 293 quid
1339 246 1498 295 praeter
1520 253 1642 295 spem

185 301 284 352 erit,
314 303 445 344 facies
478 309 528 343 ut
555 299 706 342 sciam.
741 299 806 340 sin
840 306 921 348 est,
950 305 999 338 ut
1022 295 1226 347 arbitror,
1250 296 1476 351 negotium
1501 297 1643 352 perdi-

187 366 297 412 tum,
320 360 483 401 scribes
506 367 677 408 tamen3
713 370 852 412 neque
882 355 966 396 ista
993 368 1058 396 res
1080 354 1394 396 commovebit.
1456 354 1551 395 Nos
1570 353 1644 396 hic

191 417 254 446 ¹00
277 414 517 469 Φὶῖοο-οφὲμεν,
541 413 666 471 (quid
699 414 817 455 'enim
852 412 968 454 aliud
984 414 1019 463 ?)
1049 420 1093 453 et
1113 414 1159 451 τοὶ
1178 415 1251 465 mg)
1271 414 1315 450 τέ
1331 413 1530 455 καθήκοντος
1552 424 1645 451 ma-

190 472 353 529 gnifice
385 471 669 528 explicamUS,
691 474 1009 527 vrgao-omfipievque
1038 467 1258 511 Ciceroni.
1280 481 1367 523 qua
1387 467 1441 508 de
1463 481 1507 507 re
1527 468 1645 509 enim

190 530 339 586 potius
373 538 495 586 pater
517 529 635 570 filio?
667 528 824 569 deinde
850 527 947 569 alia.
976 527 1080 583 quid
1103 524 1291 582 quaeris?
1321 525 1492 566 extabit
1513 539 1648 581 opera

189 587 553 644 peregrinationis
577 585 720 641 hujus.
775 584 1012 626 Varronem
1036 585 1181 634 hodie,
1199 590 1274 623 aut
1297 597 1390 623 cras
1414 591 1644 624 venturum

193 646 423 701 putabant.
446 658 528 700 ego
547 654 694 685 autem
717 644 759 684 in
777 642 1093 700 Pompeianum
1118 640 1428 697 properaban13
1451 655 1538 682 non
1557 655 1646 697 quo

197 702 280 743 hoc
313 701 412 742 loco
442 702 680 758 quidquam
716 700 961 757 pulchrius:
995 701 1067 742 sed
1090 697 1433 754 interpellatores
1456 698 1543 740 illic
1564 700 1646 740 mi-

192 773 274 800 nus
301 758 489 801 molesti.
527 760 600 802 sed
630 758 847 816 perscribe
868 773 1033 814 quaeso,
1062 761 1188 813 1quac
1212 770 1342 797 causa
1363 756 1419 797 sit
1443 755 1645 812 Myrtilo,

192 819 370 873 (poenas
393 817 568 872 quidem
587 816 707 858 illum
728 817 983 872 pependisse
1000 815 1182 865 audivi,)
1200 824 1244 855 et
1267 815 1286 845 2
1300 814 1459 855 satisne
1483 823 1645 870 pateat,

194 874 310 915 unde
343 885 589 932 corruptus.
635 874 748 917 Haec
771 888 870 915 cum
894 875 1142 924 scriberem,
1167 881 1336 913 tantum
1358 871 1475 928 quod
1493 872 1647 914 existi-

193 932 370 973 mabam
404 933 457 974 ad
488 941 530 974 te
553 933 830 974 3orationem
856 946 949 973 esse
984 931 1208 989 perlatam.
1228 929 1321 981 hui,
1344 944 1473 985 quam
1498 930 1647 983 timeo,

194 989 299 1045 quid
322 989 561 1032 existimes.
585 990 665 1032 etsi
687 989 792 1045 quid
815 989 869 1030 ad
890 1003 975 1040 me,
997 1004 1095 1045 quae
1126 1002 1212 1029 non
1237 987 1291 1028 sit
1315 986 1429 1028 foras
1451 988 1649 1044 proditu-

195 1061 258 1099 ra,
284 1048 366 1088 nisi
391 1048 613 1104 republica
635 1050 916 1104 recuperata?
947 1047 1001 1088 de
1022 1061 1109 1103 quo
1133 1044 1236 1102 quid
1257 1059 1440 1101 sperem,
1462 1060 1549 1087 non
1572 1061 1649 1087 au-

195 1105 278 1147 deo
301 1105 502 1147 scribere.

640 1161 877 1204 CICERO
907 1160 1139 1203 ATTICO
1172 1160 1216 1201 S.
1664 1159 1717 1197 14

197 1218 414 1274 SEXTO
449 1230 549 1273 Kal.
582 1232 732 1289 accepi
765 1246 790 1272 a
824 1229 1053 1272 Dolabella
1078 1230 1259 1281 litteras,
1286 1243 1468 1284 quarum
1501 1244 1651 1272 exem-

195 1289 316 1344 plum
351 1290 432 1331 tibi
467 1289 592 1331 misi:
626 1290 670 1330 in
707 1289 868 1345 quibus
901 1297 1008 1339 erat,
1030 1289 1179 1329 omnia
1213 1302 1257 1328 se
1292 1287 1461 1338 fecisse,
1484 1302 1584 1343 quae
1603 1299 1651 1330 tu

199 1347 342 1388 velles.
366 1348 511 1389 statim
550 1347 589 1388 ei
625 1347 838 1402 rescripsi,
860 1357 905 1388 et
937 1346 1084 1387 multis
1110 1345 1250 1386 verbis
1284 1345 1445 1401 gratias
1467 1346 1554 1402 egi.
1578 1346 1653 1389 sed

199 1413 359 1456 tamen,
384 1420 436 1446 ne
467 1405 710 1456 miraretur,
733 1419 809 1446 cur
840 1404 956 1445 idem
988 1404 1145 1445 iterum
1168 1403 1371 1452 facerem,
1395 1403 1478 1444 hoc
1509 1419 1650 1446 causae

198 1462 347 1515 sumi,
370 1463 485 1518 quod
509 1477 564 1503 ex
589 1472 631 1503 te
654 1463 750 1519 ipso
773 1477 919 1503 coram
943 1473 1071 1503 antea
1097 1461 1204 1502 nihil
1227 1460 1464 1516 potuissem
1487 1476 1653 1519 cogno-

198 1534 331 1562 scere.
351 1521 424 1562 sed
447 1521 552 1577 quid
575 1520 740 1562 multa?
771 1519 936 1561 litteras
961 1519 1043 1561 hoc
1066 1519 1269 1575 exemplo
1292 1518 1407 1559 dedi.

430 1620 669 1663 CICERO
701 1619 1095 1663 DOLABELLAE
1121 1618 1253 1662 COS.
1278 1617 1413 1660 SUO.

199 1678 436 1732 ΑΝΤΕΑ
450 1705 539 1732 cum
552 1705 632 1746 per
653 1688 812 1732 litteras
831 1688 969 1730 Attici
991 1688 1120 1730 nostri
1139 1687 1188 1729 de
1207 1695 1278 1730 tua
1296 1701 1452 1730 summa
1471 1686 1656 1730 liberali-

201 1756 302 1799 tate,
321 1763 554 1805 summoque
584 1763 681 1805 erga
702 1763 741 1789 se
764 1747 954 1803 beneficio
977 1746 1126 1788 certior
1143 1744 1293 1802 factus
1314 1760 1456 1795 essem5
1487 1761 1657 1803 cumque

202 1815 247 1849 tu
276 1806 358 1861 ipse
392 1807 516 1848 etiam
548 1805 605 1847 ad
634 1821 695 1847 me
714 1806 945 1862 scripsisse&
969 1803 1165 1861 tefecisse
1185 1819 1247 1855 ea,
1266 1818 1354 1860 quae
1376 1818 1445 1844 nos
1465 1803 1656 1846 voluisse-

203 1879 316 1907 mus:
347 1864 412 1921 egi
434 1864 513 1906 tibi
535 1864 697 1921 gratias
717 1864 797 1919 pe‘r
817 1863 976 1905 litteras
999 1862 1048 1903 iis
1069 1861 1214 1912 verbis,
1236 1869 1282 1903 ut
1306 1860 1567 1918 intelligeres,
1588 1862 1654 1904 ni-

202 1922 266 1964 hil
285 1929 324 1963 te
341 1921 443 1963 mz'ln'
459 1922 623 1979 gratias
628 1920 778 1978 facere
792 1920 984 1976 potuisse.
1000 1927 1142 1975 postea
1164 1934 1257 1960 vero
1280 1933 1403 1975 quam
1425 1919 1508 1974 ipse
1535 1919 1654 1962 Atti·
1666 1930 1698 1961 P·
1713 1922 1787 1954 245.

202 1995 270 2022 cus
290 1979 348 2020 ad
367 1994 429 2020 me
448 1980 561 2022 venit
583 1980 626 2021 in
652 1979 691 2020 T
689 1979 927 2021 asculanum
953 1977 1075 2035 bajus
1103 1978 1224 2019 unius
1255 1976 1315 2018 rei
1344 1992 1481 2028 causa,
1509 1977 1588 2019 tibi
1608 1986 1655 2020 ut
1666 1973 1698 1996 a.

204 2037 319 2094 apud
338 2051 400 2078 me
425 2037 587 2094 gratias
616 2044 769 2094 ageret,
792 2044 838 2078 ut
862 2037 976 2094 cajus
1005 2036 1194 2077 eximiam
1217 2034 1440 2091 quandam,
1463 2042 1501 2077 et
1522 2035 1657 2078 admi-

204 2096 378 2137 rabilem
401 2095 444 2135 in
466 2110 587 2136 causa
612 2094 841 2136 Buthrotia
875 2094 1142 2145 voluntatem,
1165 2100 1203 2134 et
1227 2092 1478 2149 singularem
1503 2108 1598 2150 erga
1618 2109 1658 2136 se

204 2168 382 2200 amorem
398 2153 684 2209 perspexisset3
716 2153 845 2194 teneri
868 2167 949 2193 non
970 2151 1105 2207 potui,
1128 2151 1228 2208 quin
1251 2150 1330 2192 tibi
1350 2150 1531 2205 apertius
1552 2149 1660 2193 illud

205 2212 311 2253 idem
343 2211 403 2251 lais
432 2209 581 2251 litteris
612 2209 877 2252 declararem.
910 2225 958 2251 ex
986 2209 1172 2251 omn-ibus
1192 2208 1313 2260 euim,
1333 2209 1390 2250 mi
1413 2207 1657 2263 Dolabella,

203 2269 350 2311 studiis
370 2269 414 2309 in
436 2283 511 2318 me,
535 2275 573 2309 et
595 2268 748 2323 officiis,
768 2283 855 2325 quae
873 2282 1030 2309 summa
1050 2274 1158 2317 sulit,
1172 2267 1245 2308 hoc
1265 2265 1364 2308 scito
1387 2265 1489 2307 milii
1511 2274 1550 2308 et
1570 2283 1658 2309 am—

199 2327 430 2383 plissimum
452 2325 598 2377 videri,
620 2333 657 2367 et
676 2326 956 2383 gratissimum
977 2340 1067 2376 esse,
1089 2324 1199 2382 quod
1211 2322 1446 2382 perfeceris,
1469 2332 1516 2366 ut
1539 2324 1659 2367 Atti-

206 2401 274 2428 cus
293 2384 556 2441 intelligeret,
579 2391 779 2440 quantum
808 2398 880 2441 ego
903 2391 956 2434 te,
980 2398 1103 2439 quam
1125 2390 1170 2424 tu
1192 2397 1254 2424 me
1273 2397 1445 2424 amares.
1466 2382 1577 2438 quod
1595 2398 1660 2425 re-

207 2443 366 2500 liquum
389 2450 459 2484 est.
514 2440 785 2483 Buthrotiam
810 2449 848 2483 et
874 2456 1036 2483 causam
1059 2448 1097 2482 et
1118 2441 1341 2491 civitatem,
1363 2455 1612 2497 quamquam
1633 2456 1660 2483 α

208 2509 248 2543 te
268 2500 491 2543 constituta
512 2507 583 2551 est,
606 2499 820 2555 (beneficia
846 2506 984 2541 autem
1013 2506 1152 2540 nostra
1174 2498 1281 2540 tueri
1300 2497 1504 2550 solemus,)
1524 2505 1662 2542 tamen

252 2636 311 2664 100
335 2631 540 2673 φιλοσαφέμεν]
561 2632 613 2662 Sic
627 2630 677 2662 ed.
693 2631 793 2662 Rom.
808 2635 910 2669 recte,
955 2631 1030 2662 libri
1058 2631 1095 2662 in
1118 2631 1279 2671 ⁴Myrtilo.-
1306 2629 1435 2661 melius.
1472 2629 1535 2662 Ed.
1562 2630 1660 2661 Rom.

204 2682 281 2718 post
302 2686 341 2706 ex
357 2685 396 2705 eo
410 2675 535 2706 factum
553 2673 768 2716 φιλοσαφῦμενα
788 2675 824 2705 in
839 2674 910 2706 edd.
955 2674 1116 2714 Myr-tilio.
1132 2685 1175 2704 an
1191 2674 1255 2704 fuit
1269 2673 1405 2713 Myrtili
1416 2673 1433 2702 .?

204 2722 283 2752 Asc.
309 2718 384 2750 Ald.
415 2719 477 2750 See.
507 2718 540 2749 id
569 2724 769 2754 correctum,
796 2727 912 2757 quam·
999 2721 1019 2748 2
1046 2718 1168 2748 satisne
1189 2716 1298 2757 patet]
1338 2725 1400 2747 scr.
1423 2718 1553 2756 pateat.
1582 2725 1661 2747 nam

206 2772 308 2803 quam
333 2772 350 2792 e
378 2760 470 2792 libris
491 2771 554 2793 scr.
577 2762 814 2801 φιλοσοφέμεθα,
837 2761 860 2791 i.
882 2770 912 2791 e.
956 2759 1080 2803 pendet
1093 2759 1287 2800 aperserz'be
1298 2768 1414 2799 quoeso.

205 2805 390 2846 scribimus,
427 2803 490 2835 Sed
501 2805 695 2844 φιλοσαφέμεν
710 2803 856 2846 praetuli,
872 2807 909 2835 ut
994 2805 1014 2834 3
1037 2802 1233 2842 orationem]
1258 2802 1311 2833 De
1334 2811 1399 2841 qua
1419 2809 1537 2840 supra:
1561 2810 1662 2840 quam

207 2854 242 2878 et
270 2847 348 2878 alibi
376 2846 492 2877 Cicero
520 2848 677 2887 loquitur,
699 2853 735 2878 et
760 2847 794 2878 id
820 2846 854 2878 h.
883 2845 908 2877 l.
952 2846 1013 2876 sub
1027 2846 1124 2878 Bruti
1142 2845 1277 2876 nomine
1293 2844 1486 2884 scripserat:
1511 2852 1557 2873 sc.
1581 2853 1662 2883 qua-

204 2891 327 2932 aptius‚
342 2893 479 2930 propter
492 2891 677 2929 sequentia.
952 2888 1021 2919 lem
1045 2889 1173 2921 Brutus
1196 2888 1232 2920 iu
1248 2885 1416 2929 Capitolio
1431 2885 1538 2918 dicere
1562 2890 1662 2928 potu-

250 2936 261 2967 1
287 2942 359 2975 quae
384 2941 487 2964 causa
511 2933 556 2965 sit
579 2932 735 2976 Myrtilo]
765 2931 909 2974 Quidam
952 2931 1044 2963 isset.
1500 2942 1502 2944 ·
