1940 3231
643 113 859 155 LIBER
903 112 1010 152 XIV.
1489 114 1565 151 331

111 219 267 272 Balbo,
289 220 364 278 qui
387 220 490 263 item
513 221 624 263 bene
643 220 849 276 loquitur.
873 217 978 274 quid
1002 216 1166 269 credas,
1189 215 1366 258 videris.
1428 215 1565 259 Dola-

113 278 271 320 bellam
312 279 434 321 valde
476 279 644 336 placere
686 278 768 319 tibi
810 276 962 318 video:
1006 274 1114 321 mihi
1155 273 1331 329 quidem
1373 275 1563 331 egregie.

115 335 230 377 Cum
254 337 396 378 Pansa
417 337 508 378 vixi
532 337 576 378 in
601 334 886 391 Pompeiano.
910 335 945 374 is
977 332 1103 388 plane
1135 332 1243 373 mihi
1268 331 1496 387 probabat,
1519 348 1564 374 se

113 392 226 435 bene
257 394 430 446 sentire,
460 403 505 435 et
535 407 692 449 cupere
731 407 896 448 pacem.
959 390 1145 432 Causam
1178 392 1396 431 armorum
1427 391 1565 444 quaeri

115 451 242 508 plane
267 452 404 493 video.
468 450 672 492 Edictum
699 450 823 492 Bruti
847 459 891 491 et
915 448 1055 491 Cassii
1089 448 1241 504 probo.
1304 447 1494 499 Quaeris,
1519 456 1568 490 ut

118 509 350 565 suscipiam
393 509 723 564 cogitationem,
755 508 962 563 quidnam
999 505 1092 547 istis
1136 505 1351 562 agendum
1385 514 1566 562 putem:

115 567 297 608 consilia
329 576 571 621 temporum
605 575 730 618 sunt,
763 580 860 621 quae
901 565 944 605 in
978 564 1104 605 horas
1139 565 1397 605 commutari
1431 563 1567 605 vides.

119 623 359 665 Dolabellae
379 633 423 664 et
446 624 585 679 prima
606 624 677 665 illa
700 624 830 675 actio,
847 632 890 664 et
913 623 1008 664 haec
1031 631 1183 663 contra
1198 621 1440 663 Antonium
1463 636 1569 663 con-

117 681 187 723 cio
219 680 327 721 mihi
362 680 597 736 profecisse
633 682 892 738 permultum
929 681 1113 720 videtur.
1154 694 1325 735 prorsus
1361 681 1453 720 ibat
1485 694 1567 721 res·

116 753 233 780 nunc
264 748 409 779 autem
434 739 628 782 videmur
663 739 850 789 habituri
895 738 1078 779 ducem:
1111 737 1227 792 quod
1260 752 1391 778 unum
1425 737 1570 779 muni-

120 796 250 852 cipia,
274 796 463 851 bonique
486 797 745 839 desiderant.
793 796 970 853 Epicuri
994 796 1261 836 mentionem
1285 795 1406 845 facis,
1430 805 1473 836 et
1494 811 1572 837 au-

115 853 190 895 des
222 853 379 905 dicere,
419 860 465 908 μὴ
494 858 754 896 πολιτεύετθκιέ
790 869 876 895 non
918 862 959 894 te
999 853 1123 894 Bruti
1163 853 1300 894 nostri
1339 853 1570 894 vulticulus

118 912 173 953 ab
207 910 293 953 ista
325 912 522 953 oratione
554 913 772 955 deterret?
805 911 997 958 Quintus
1034 911 1161 961 filius,
1198 921 1246 952 ut
1282 912 1449 963 scribis,
1478 910 1571 952 An-

119 968 228 1010 tonii
269 978 335 1010 est
372 969 574 1011 dextella.
611 984 686 1025 per
718 984 816 1011 eum
860 970 1009 1026 igitur,
1043 969 1160 1024 quod
1195 968 1403 1020 volemus,
1444 969 1572 1011 facile

121 1026 380 1068 auferemus.
419 1037 644 1083 exspecto,
681 1027 731 1078 si,
766 1036 813 1068 ut
849 1037 988 1082 putas,
1026 1027 1073 1067 L.
1104 1025 1322 1067 Antonius
1363 1027 1572 1083 produxit

123 1084 374 1134 Octavium,
397 1085 535 1140 qualis
567 1085 721 1126 concio
754 1084 898 1126 fuerit.
962 1084 1075 1126 Haec
1101 1085 1251 1139 scripsi
1275 1084 1459 1125 citatim.
1485 1094 1570 1126 sta·
1582 1093 1615 1124 Ρ·
1631 1083 1705 1115 236.

124 1142 200 1183 tim
225 1144 342 1184 enim
367 1142 505 1184 Cassii
531 1142 790 1184 tabellarius.
813 1157 928 1184 eram
950 1142 1159 1184 continuo
1186 1141 1340 1183 Piliam
1365 1137 1615 1184 salutatu-‘¹’

124 1215 220 1242 rus:
256 1200 412 1241 deinde
445 1201 545 1242 12ad
577 1200 724 1257 epulas
748 1200 938 1242 Vestorii
972 1199 1185 1242 navicula.
1245 1199 1407 1241 Atticae
1442 1200 1575 1257 pluri-

126 1272 239 1299 mam
265 1266 461 1299 salutem.

566 1331 804 1374 CICERO
836 1331 1068 1373 ATTICO
1102 1332 1146 1373 S.
1589 1323 1642 1361 21

129 1387 276 1442 CUM
311 1400 455 1456 paullo
490 1409 590 1442 ante
624 1401 837 1442 dedissem
872 1401 924 1442 ad
959 1400 1003 1442 te
1037 1400 1176 1442 Cassii
1209 1399 1432 1442 tabellario
1462 1400 1579 1442 litte-

126 1472 210 1510 ras,
248 1473 274 1499 v
311 1459 414 1500 Idus
450 1459 569 1500 venit
600 1470 746 1500 noster
786 1458 1047 1509 tabellarius,
1082 1469 1125 1499 et
1158 1458 1348 1514 quidem,
1391 1461 1579 1514 portenti

129 1515 283 1567 simile,
307 1517 398 1557 sine
429 1517 514 1558 tuis
546 1516 715 1557 litteris.
741 1517 812 1558 sed
836 1517 924 1558 cito
947 1517 1133 1572 conjeci,
1160 1516 1343 1557 Lanuvii
1367 1526 1408 1558 te
1432 1517 1579 1560 fuisse.

128 1572 238 1614 Eros
260 1583 401 1615 antem
428 1574 666 1625 festinavit,
691 1585 737 1615 ut
768 1575 819 1615 ad
852 1589 921 1615 me
951 1574 1107 1615 litterae
1145 1573 1382 1615 Dolabellae
1416 1575 1580 1631 perfer-

126 1640 289 1682 rentur,
323 1647 410 1673 non
445 1633 498 1674 de
538 1647 580 1673 re
620 1647 730 1682 mea,
764 1633 978 1686 (nondum
1015 1633 1131 1673 enim
1169 1646 1283 1673 meas
1317 1637 1579 1689 acceperat,)

127 1690 200 1731 sed
225 1690 444 1746 rescripsit
466 1690 519 1731 ad
541 1704 627 1741 eaS,
651 1705 832 1745 quarum
863 1689 1109 1745 exemplum
1136 1691 1215 1731 tibi
1238 1690 1454 1742 miseram,
1477 1707 1580 1734 sane

128 1747 361 1789 luculente.
422 1746 492 1789 Ad
531 1762 600 1789 me
639 1759 800 1798 autem,
840 1763 939 1789 cnm
976 1748 1114 1789 Cassii
1149 1747 1419 1789 tabellarium
1451 1750 1581 1792 dimi-

130 1806 295 1858 sissem,
319 1806 466 1847 statim
500 1805 676 1848 Balbus
703 1820 730 1847 o
761 1806 819 1847 dii
854 1806 971 1858 boni,
995 1820 1124 1862 quam
1156 1805 1284 1847 facile
1316 1808 1579 1863 perspiceres

129 1864 283 1905 timere
305 1863 469 1906 otium!
501 1874 546 1905 et
568 1865 680 1905 nosti
706 1864 860 1916 virum,
883 1879 1011 1920 quam
1037 1874 1200 1906 tectus:
1225 1864 1296 1905 sed
1322 1874 1466 1906 tamen
1488 1866 1582 1908 An-

133 1921 240 1962 tonii
273 1921 456 1963 consilia
485 1923 712 1964 narrabat:
746 1922 866 1963 illum
897 1922 1125 1964 circumire
1150 1931 1392 1973 veteranOS,
1413 1932 1459 1964 ut
1484 1934 1583 1966 acta

135 1978 320 2020 Caesaris
352 1979 581 2031 sancirent,
604 1980 734 2035 idque
764 1995 808 2023 se
838 1979 1028 2021 facturos
1059 1994 1150 2021 esse
1176 1979 1390 2035 jurarent,
1415 1991 1461 2022 ut
1488 1992 1583 2025 rata

133 2051 282 2078 omnes
305 2037 542 2080 haberent:
578 2040 614 2068 13
633 2052 769 2093 eaque
799 2038 1015 2079 duumviri
1048 2036 1250 2092 omnibus
1276 2038 1494 2080 mensibus
1516 2041 1582 2082 in-

135 2094 365 2150 spicerent.
397 2106 572 2150 questus
603 2105 668 2136 est
699 2096 828 2137 etiam
862 2096 914 2136 de
946 2111 1022 2136 sua
1054 2096 1241 2148 invidia3
1273 2110 1409 2151 eaque
1440 2100 1582 2141 omnis

134 2153 227 2207 ejus
250 2153 389 2196 oratio
413 2153 511 2205 fuit,
536 2162 582 2194 ut
602 2167 746 2194 amare
769 2155 985 2195 videretur
1006 2153 1265 2195 Antonium.
1321 2154 1440 2201 Quid
1462 2171 1582 2212 quae-

134 2212 220 2253 ris?
251 2211 361 2252 nihil
399 2212 568 2252 sinceri.
604 2211 711 2252 mihi
751 2222 895 2254 autem
931 2227 1017 2253 non
1051 2221 1116 2253 est
1148 2212 1346 2263 dubium,
1376 2213 1480 2268 quin
1517 2230 1582 2256 res

137 2278 305 2324 spectet
326 2269 378 2310 ad
401 2280 555 2310 castra.
578 2278 675 2310 acta
697 2269 810 2310 enim
836 2269 907 2311 illa
934 2285 998 2311 res
1020 2280 1086 2311 est
1107 2271 1253 2311 animo
1277 2269 1403 2321 virili,
1430 2273 1467 2302 14
1478 2287 1582 2314 con-

137 2327 232 2367 silio
266 2326 433 2382 puerili.
464 2326 562 2382 quis
592 2327 708 2368 enim
740 2327 824 2369 hoc
856 2342 940 2369 non
976 2328 1098 2378 vidit,
1130 2328 1252 2385 regni
1284 2328 1485 2370 heredem
1517 2346 1584 2373 re-

134 2382 316 2426 lictum?
347 2385 451 2440 quid
483 2394 627 2426 autem
647 2386 888 2437 absurdius,
911 2386 983 2427 Ιιοε
1005 2393 1194 2438 metuere,
1216 2385 1390 2428 alterum
1413 2385 1457 2428 in
1475 2396 1585 2431 metu

136 2456 217 2483 non
231 2440 420 2498 ponere?
450 2443 554 2500 quin
577 2442 707 2484 etiam
733 2443 817 2484 hoc
849 2444 944 2500 ipso
976 2453 1172 2500 tempore
1200 2444 1338 2487 multa
1369 2451 1586 2489 ὑποσάλοικοι.

140 2499 287 2542 Pontii
322 2501 661 2558 Neapolitanum
692 2517 717 2542 a
749 2510 884 2544 matre
917 2502 1222 2558 tyrannoctoni
1257 2503 1496 2559 possideri?
1529 2505 1588 2547 le-

186 2652 223 2681 12
245 2649 292 2679 ad
303 2659 352 2689 ep.
370 2649 508 2681 Vestorii
523 2650 695 2691 navic-ula]
716 2660 761 2682 sc.
782 2651 843 2681 Pu·
885 2652 1011 2689 stituti,
1027 2652 1081 2691 qui
1098 2651 1184 2683 hanc
1200 2653 1500 2686 curanrhaberent.
1525 2653 1590 2684 Sed

138 2693 257 2724 teolos.
886 2694 934 2725 nil
949 2694 1003 2725 hic
1017 2695 1098 2725 certi
1113 2700 1175 2726 est.

182 2738 223 2775 113
239 2743 340 2774 eaque
355 2734 524 2766 duumviri
540 2735 616 2775 &e.]
637 2735 707 2766 Hos
723 2735 844 2766 duum-
932 2740 970 2768 14
991 2738 1122 2768 consilio
1143 2738 1284 2778 puerili]
1308 2738 1387 2769 Non
1410 2737 1590 2780 spectando

139 2777 226 2808 viros
249 2777 435 2816 intelligere
465 2779 735 2819 municipiorum,
758 2779 843 2809 stul·
886 2780 1051 2818 futurum,
1081 2785 1115 2811 et
1148 2781 1332 2822 perieulum
1360 2781 1402 2811 ab
1429 2781 1590 2816 Antonio,

141 2825 215 2851 tum
231 2820 285 2850 sit.
303 2825 337 2850 et
354 2821 402 2850 ita
421 2824 539 2851 tamen
559 2822 756 2861 interpretes
772 2832 844 2852 om·
887 2823 913 2853 si
942 2822 1037 2853 illum
1067 2833 1134 2853 non
1159 2833 1225 2854 una
1247 2823 1418 2855 tollerent.
1447 2823 1488 2855 ad
1513 2833 1592 2855 eum

143 2872 210 2893 nes.
256 2864 291 2895 Si
314 2872 390 2893 vera
418 2868 469 2894 est
498 2863 610 2901 lectio,
635 2864 844 2904 intelligendi
887 2866 1034 2907 pertinet
1047 2864 1145 2906 regn'i
1159 2867 1259 2897 heres.

140 2914 219 2937 sunt
242 2905 458 2946 magistratus
479 2910 573 2938 extra
596 2906 746 2939 ordinem
765 2906 845 2939 con·
