<?xml version="1.0" encoding="UTF-8"?>
<!DOCTYPE html PUBLIC "-//W3C//DTD XHTML 1.0 Transitional//EN"
    "http://www.w3.org/TR/xhtml1/DTD/xhtml1-transitional.dtd">
<html xmlns="http://www.w3.org/1999/xhtml" xml:lang="en" lang="en">
 <head>
  <title>
</title>
<meta http-equiv="Content-Type" content="text/html;charset=utf-8" />
  <meta name='ocr-system' content='tesseract 3.04.00' />
  <meta name='ocr-capabilities' content='ocr_page ocr_carea ocr_par ocr_line ocrx_word'/>
</head>
<body>
  <div class='ocr_page' id='page_1' title='image "./p2operaomnia03ciceuoft_0079.png"; bbox 0 0 1940 3231; ppageno 0'>
   <div class='ocr_carea' id='block_1_1' title="bbox 607 113 1180 261">
    <p class='ocr_par' dir='ltr' id='par_1_1' title="bbox 607 113 1180 261">
     <span class='ocr_line' id='line_1_1' title="bbox 740 113 1036 153; baseline -0.01 0"><span class='ocrx_word' id='word_1_1' title='bbox 740 113 945 153; x_wconf 87' lang='lat' dir='ltr'><strong>LIBER</strong></span> <span class='ocrx_word' id='word_1_2' title='bbox 985 113 1036 150; x_wconf 86' lang='lat'><strong>11.</strong></span> 
     </span>
     <span class='ocr_line' id='line_1_2' title="bbox 607 215 1180 261; baseline -0.009 0"><span class='ocrx_word' id='word_1_3' title='bbox 607 216 842 261; x_wconf 88' lang='lat' dir='ltr'>CICERO</span> <span class='ocrx_word' id='word_1_4' title='bbox 873 215 1102 259; x_wconf 88' lang='lat' dir='ltr'><strong>ATTICO</strong></span> <span class='ocrx_word' id='word_1_5' title='bbox 1135 215 1180 257; x_wconf 88' lang='lat' dir='ltr'><strong>S.</strong></span> 
     </span>
    </p>
   </div>
   <div class='ocr_carea' id='block_1_2' title="bbox 165 277 1617 1597">
    <p class='ocr_par' dir='ltr' id='par_1_2' title="bbox 165 277 1617 1597">
     <span class='ocr_line' id='line_1_3' title="bbox 171 277 1609 344; baseline -0.006 -12"><span class='ocrx_word' id='word_1_6' title='bbox 171 277 318 332; x_wconf 77' lang='lat' dir='ltr'><strong>CUM</strong></span> <span class='ocrx_word' id='word_1_7' title='bbox 341 288 527 344; x_wconf 83' lang='lat' dir='ltr'><strong>aliquem</strong></span> <span class='ocrx_word' id='word_1_8' title='bbox 549 286 663 344; x_wconf 83' lang='lat' dir='ltr'>apud</span> <span class='ocrx_word' id='word_1_9' title='bbox 689 298 729 326; x_wconf 83' lang='lat' dir='ltr'><strong>te</strong></span> <span class='ocrx_word' id='word_1_10' title='bbox 752 286 926 327; x_wconf 83' lang='lat' dir='ltr'><strong>laudaro</strong></span> <span class='ocrx_word' id='word_1_11' title='bbox 958 294 1130 326; x_wconf 85' lang='lat' dir='ltr'><strong>tuorum</strong></span> <span class='ocrx_word' id='word_1_12' title='bbox 1154 280 1445 330; x_wconf 81' lang='lat' dir='ltr'>familiarium,</span> <span class='ocrx_word' id='word_1_13' title='bbox 1467 281 1609 323; x_wconf 83' lang='lat' dir='ltr'><strong>volam</strong></span> 
     </span>
     <span class='ocr_line' id='line_1_4' title="bbox 171 338 1609 397; baseline -0.004 -12"><span class='ocrx_word' id='word_1_14' title='bbox 171 345 290 389; x_wconf 86' lang='lat' dir='ltr'><strong>illum</strong></span> <span class='ocrx_word' id='word_1_15' title='bbox 313 348 422 395; x_wconf 82' lang='lat' dir='ltr'><strong>scire</strong></span> <span class='ocrx_word' id='word_1_16' title='bbox 442 361 496 388; x_wconf 85' lang='lat' dir='ltr'><strong>ex</strong></span> <span class='ocrx_word' id='word_1_17' title='bbox 522 354 578 393; x_wconf 86' lang='lat' dir='ltr'><strong>te,</strong></span> <span class='ocrx_word' id='word_1_18' title='bbox 601 354 670 386; x_wconf 85' lang='lat' dir='ltr'><strong>me</strong></span> <span class='ocrx_word' id='word_1_19' title='bbox 691 344 732 384; x_wconf 89' lang='lat' dir='ltr'><strong>id</strong></span> <span class='ocrx_word' id='word_1_20' title='bbox 757 342 934 394; x_wconf 81' lang='lat' dir='ltr'><strong>fecisse3</strong></span> <span class='ocrx_word' id='word_1_21' title='bbox 971 351 1018 383; x_wconf 88' lang='lat' dir='ltr'><strong>ut</strong></span> <span class='ocrx_word' id='word_1_22' title='bbox 1039 354 1175 397; x_wconf 80' lang='lat' dir='ltr'><strong>nuper</strong></span> <span class='ocrx_word' id='word_1_23' title='bbox 1197 352 1265 379; x_wconf 87' lang='lat' dir='ltr'><strong>me</strong></span> <span class='ocrx_word' id='word_1_24' title='bbox 1287 339 1369 379; x_wconf 87' lang='lat' dir='ltr'><strong>scis</strong></span> <span class='ocrx_word' id='word_1_25' title='bbox 1392 338 1609 393; x_wconf 79' lang='lat' dir='ltr'><strong>scripsisse</strong></span> 
     </span>
     <span class='ocr_line' id='line_1_5' title="bbox 169 396 1609 457; baseline -0.007 -11"><span class='ocrx_word' id='word_1_26' title='bbox 169 405 224 446; x_wconf 76' lang='lat' dir='ltr'><strong>ad</strong></span> <span class='ocrx_word' id='word_1_27' title='bbox 241 415 282 445; x_wconf 88' lang='lat' dir='ltr'><strong>te</strong></span> <span class='ocrx_word' id='word_1_28' title='bbox 299 405 353 446; x_wconf 87' lang='lat' dir='ltr'><strong>de</strong></span> <span class='ocrx_word' id='word_1_29' title='bbox 372 402 576 444; x_wconf 84' lang='lat' dir='ltr'>Varronis</span> <span class='ocrx_word' id='word_1_30' title='bbox 590 415 695 457; x_wconf 78' lang='lat' dir='ltr'><strong>erga</strong></span> <span class='ocrx_word' id='word_1_31' title='bbox 715 415 780 441; x_wconf 88' lang='lat' dir='ltr'><strong>me</strong></span> <span class='ocrx_word' id='word_1_32' title='bbox 799 400 962 451; x_wconf 84' lang='lat' dir='ltr'><strong>officio,</strong></span> <span class='ocrx_word' id='word_1_33' title='bbox 985 409 1026 440; x_wconf 83' lang='lat' dir='ltr'><strong>te</strong></span> <span class='ocrx_word' id='word_1_34' title='bbox 1048 398 1101 441; x_wconf 81' lang='lat' dir='ltr'><strong>ad</strong></span> <span class='ocrx_word' id='word_1_35' title='bbox 1125 411 1191 438; x_wconf 88' lang='lat' dir='ltr'><strong>me</strong></span> <span class='ocrx_word' id='word_1_36' title='bbox 1214 396 1494 451; x_wconf 77' lang='lat' dir='ltr'><strong>rescripsisse,</strong></span> <span class='ocrx_word' id='word_1_37' title='bbox 1515 408 1609 436; x_wconf 85' lang='lat' dir='ltr'><strong>eain</strong></span> 
     </span>
     <span class='ocr_line' id='line_1_6' title="bbox 171 452 1610 514; baseline -0.006 -12"><span class='ocrx_word' id='word_1_38' title='bbox 171 476 260 502; x_wconf 89' lang='lat' dir='ltr'><strong>rem</strong></span> <span class='ocrx_word' id='word_1_39' title='bbox 284 475 462 502; x_wconf 83' lang='lat' dir='ltr'><strong>suminae</strong></span> <span class='ocrx_word' id='word_1_40' title='bbox 486 459 565 500; x_wconf 89' lang='lat' dir='ltr'><strong>tibi</strong></span> <span class='ocrx_word' id='word_1_41' title='bbox 587 458 798 514; x_wconf 76' lang='lat' dir='ltr'><strong>voluptati</strong></span> <span class='ocrx_word' id='word_1_42' title='bbox 816 472 920 499; x_wconf 83' lang='lat' dir='ltr'><strong>esse.</strong></span> <span class='ocrx_word' id='word_1_43' title='bbox 939 458 1009 498; x_wconf 85' lang='lat' dir='ltr'><strong>sed</strong></span> <span class='ocrx_word' id='word_1_44' title='bbox 1031 470 1113 512; x_wconf 79' lang='lat' dir='ltr'><strong>ego</strong></span> <span class='ocrx_word' id='word_1_45' title='bbox 1134 458 1175 489; x_wconf 76' lang='lat'><strong>74</strong></span> <span class='ocrx_word' id='word_1_46' title='bbox 1187 453 1374 504; x_wconf 74' lang='lat' dir='ltr'><strong>mallem,</strong></span> <span class='ocrx_word' id='word_1_47' title='bbox 1394 452 1446 493; x_wconf 83' lang='lat' dir='ltr'><strong>ad</strong></span> <span class='ocrx_word' id='word_1_48' title='bbox 1469 453 1610 507; x_wconf 85' lang='lat' dir='ltr'><strong>ipsum</strong></span> 
     </span>
     <span class='ocr_line' id='line_1_7' title="bbox 172 509 1611 573; baseline -0.008 -14"><span class='ocrx_word' id='word_1_49' title='bbox 172 518 426 573; x_wconf 73' lang='lat' dir='ltr'><strong>scripsisses,</strong></span> <span class='ocrx_word' id='word_1_50' title='bbox 457 516 563 557; x_wconf 80' lang='lat' dir='ltr'><strong>mihi</strong></span> <span class='ocrx_word' id='word_1_51' title='bbox 593 515 710 556; x_wconf 86' lang='lat' dir='ltr'><strong>illum</strong></span> <span class='ocrx_word' id='word_1_52' title='bbox 743 514 1004 565; x_wconf 77' lang='lat' dir='ltr'><strong>satisfacere,</strong></span> <span class='ocrx_word' id='word_1_53' title='bbox 1034 527 1120 554; x_wconf 89' lang='lat' dir='ltr'><strong>non</strong></span> <span class='ocrx_word' id='word_1_54' title='bbox 1143 527 1228 567; x_wconf 92' lang='lat' dir='ltr'><strong>quo</strong></span> <span class='ocrx_word' id='word_1_55' title='bbox 1261 510 1435 560; x_wconf 85' lang='lat' dir='ltr'><strong>faceret,</strong></span> <span class='ocrx_word' id='word_1_56' title='bbox 1469 509 1541 550; x_wconf 88' lang='lat' dir='ltr'><strong>sed</strong></span> <span class='ocrx_word' id='word_1_57' title='bbox 1565 518 1611 550; x_wconf 85' lang='lat' dir='ltr'><strong>ut</strong></span> 
     </span>
     <span class='ocr_line' id='line_1_8' title="bbox 171 568 1610 620; baseline -0.008 -4"><span class='ocrx_word' id='word_1_58' title='bbox 171 575 348 616; x_wconf 82' lang='lat' dir='ltr'><strong>faceret.</strong></span> <span class='ocrx_word' id='word_1_59' title='bbox 376 572 682 615; x_wconf 79' lang='lat' dir='ltr'><strong>7⁵mirabilite1·</strong></span> <span class='ocrx_word' id='word_1_60' title='bbox 711 573 826 613; x_wconf 84' lang='lat' dir='ltr'><strong>enim</strong></span> <span class='ocrx_word' id='word_1_61' title='bbox 859 582 1049 612; x_wconf 76' lang='lat' dir='ltr'><strong>moratus</strong></span> <span class='ocrx_word' id='word_1_62' title='bbox 1080 580 1158 620; x_wconf 87' lang='lat' dir='ltr'><strong>est,</strong></span> <span class='ocrx_word' id='word_1_63' title='bbox 1190 569 1300 610; x_wconf 83' lang='lat' dir='ltr'><strong>sicut</strong></span> <span class='ocrx_word' id='word_1_64' title='bbox 1334 568 1462 616; x_wconf 88' lang='lat' dir='ltr'><strong>nosti,</strong></span> <span class='ocrx_word' id='word_1_65' title='bbox 1492 572 1610 608; x_wconf 62' lang='grc' dir='ltr'><strong>ἑλικτὰ,</strong></span> 
     </span>
     <span class='ocr_line' id='line_1_9' title="bbox 169 627 1610 685; baseline -0.007 -13"><span class='ocrx_word' id='word_1_66' title='bbox 169 637 228 679; x_wconf 53' lang='lat' dir='ltr'><strong>aaa)</strong></span> <span class='ocrx_word' id='word_1_67' title='bbox 247 633 327 673; x_wconf 69' lang='grc' dir='ltr'><strong>ὲδὲν.</strong></span> <span class='ocrx_word' id='word_1_68' title='bbox 352 631 425 671; x_wconf 88' lang='lat' dir='ltr'><strong>sed</strong></span> <span class='ocrx_word' id='word_1_69' title='bbox 449 645 525 671; x_wconf 88' lang='lat' dir='ltr'><strong>nos</strong></span> <span class='ocrx_word' id='word_1_70' title='bbox 549 640 743 671; x_wconf 84' lang='lat' dir='ltr'><strong>tenemus</strong></span> <span class='ocrx_word' id='word_1_71' title='bbox 762 638 1024 685; x_wconf 68' lang='lat' dir='ltr'><strong>praeceptum</strong></span> <span class='ocrx_word' id='word_1_72' title='bbox 1052 627 1168 678; x_wconf 83' lang='lat' dir='ltr'><strong>illud,</strong></span> <span class='ocrx_word' id='word_1_73' title='bbox 1189 631 1249 671; x_wconf 65' lang='grc' dir='ltr'><strong>τὰς</strong></span> <span class='ocrx_word' id='word_1_74' title='bbox 1268 631 1330 665; x_wconf 63' lang='grc' dir='ltr'><strong>τῶν</strong></span> <span class='ocrx_word' id='word_1_75' title='bbox 1349 628 1545 679; x_wconf 62' lang='grc' dir='ltr'><strong>κςωτέντων.</strong></span> <span class='ocrx_word' id='word_1_76' title='bbox 1566 635 1610 663; x_wconf 79' lang='lat' dir='ltr'><strong>at</strong></span> 
     </span>
     <span class='ocr_line' id='line_1_10' title="bbox 170 681 1609 739; baseline -0.006 -11"><span class='ocrx_word' id='word_1_77' title='bbox 170 686 343 737; x_wconf 85' lang='lat' dir='ltr'><strong>hercule</strong></span> <span class='ocrx_word' id='word_1_78' title='bbox 364 687 484 737; x_wconf 75' lang='lat' dir='ltr'><strong>alter,</strong></span> <span class='ocrx_word' id='word_1_79' title='bbox 515 697 612 728; x_wconf 85' lang='lat' dir='ltr'><strong>tuus</strong></span> <span class='ocrx_word' id='word_1_80' title='bbox 649 687 882 737; x_wconf 79' lang='lat' dir='ltr'><strong>familiaris,</strong></span> <span class='ocrx_word' id='word_1_81' title='bbox 909 685 1130 736; x_wconf 72' lang='lat' dir='ltr'><strong>Hortalus,</strong></span> <span class='ocrx_word' id='word_1_82' title='bbox 1155 697 1282 739; x_wconf 80' lang='lat' dir='ltr'>quam</span> <span class='ocrx_word' id='word_1_83' title='bbox 1307 681 1432 737; x_wconf 80' lang='lat' dir='ltr'><strong>plena</strong></span> <span class='ocrx_word' id='word_1_84' title='bbox 1467 695 1609 730; x_wconf 80' lang='lat' dir='ltr'>manu,</span> 
     </span>
     <span class='ocr_line' id='line_1_11' title="bbox 167 737 1605 800; baseline -0.006 -15"><span class='ocrx_word' id='word_1_85' title='bbox 167 758 298 799; x_wconf 78' lang='lat' dir='ltr'><strong>quain</strong></span> <span class='ocrx_word' id='word_1_86' title='bbox 318 745 520 800; x_wconf 80' lang='lat' dir='ltr'><strong>ingenue,</strong></span> <span class='ocrx_word' id='word_1_87' title='bbox 537 744 667 800; x_wconf 75' lang='lat' dir='ltr'><strong>qiiain</strong></span> <span class='ocrx_word' id='word_1_88' title='bbox 688 750 837 785; x_wconf 81' lang='lat' dir='ltr'><strong>ornate</strong></span> <span class='ocrx_word' id='word_1_89' title='bbox 859 753 1026 785; x_wconf 82' lang='lat' dir='ltr'><strong>nostras</strong></span> <span class='ocrx_word' id='word_1_90' title='bbox 1048 742 1193 783; x_wconf 80' lang='lat' dir='ltr'><strong>laudes</strong></span> <span class='ocrx_word' id='word_1_91' title='bbox 1218 742 1257 780; x_wconf 84' lang='lat' dir='ltr'><strong>in</strong></span> <span class='ocrx_word' id='word_1_92' title='bbox 1283 749 1396 779; x_wconf 80' lang='lat' dir='ltr'><strong>astra</strong></span> <span class='ocrx_word' id='word_1_93' title='bbox 1419 737 1605 788; x_wconf 76' lang='lat' dir='ltr'><strong>sustulit,</strong></span> 
     </span>
     <span class='ocr_line' id='line_1_12' title="bbox 170 794 1610 858; baseline -0.006 -16"><span class='ocrx_word' id='word_1_94' title='bbox 170 815 268 842; x_wconf 85' lang='lat' dir='ltr'><strong>cum</strong></span> <span class='ocrx_word' id='word_1_95' title='bbox 292 801 345 842; x_wconf 89' lang='lat' dir='ltr'><strong>de</strong></span> <span class='ocrx_word' id='word_1_96' title='bbox 367 801 509 843; x_wconf 73' lang='lat' dir='ltr'><strong>Flacci</strong></span> <span class='ocrx_word' id='word_1_97' title='bbox 543 811 744 858; x_wconf 83' lang='lat' dir='ltr'><strong>praetura,</strong></span> <span class='ocrx_word' id='word_1_98' title='bbox 774 810 817 842; x_wconf 89' lang='lat' dir='ltr'><strong>et</strong></span> <span class='ocrx_word' id='word_1_99' title='bbox 838 801 890 842; x_wconf 89' lang='lat' dir='ltr'><strong>de</strong></span> <span class='ocrx_word' id='word_1_100' title='bbox 913 800 985 842; x_wconf 91' lang='lat' dir='ltr'><strong>illo</strong></span> <span class='ocrx_word' id='word_1_101' title='bbox 1017 809 1210 856; x_wconf 84' lang='lat' dir='ltr'><strong>tempore</strong></span> <span class='ocrx_word' id='word_1_102' title='bbox 1236 795 1520 851; x_wconf 82' lang='lat' dir='ltr'>Allobrogum</span> <span class='ocrx_word' id='word_1_103' title='bbox 1545 794 1610 835; x_wconf 85' lang='lat' dir='ltr'><strong>di-</strong></span> 
     </span>
     <span class='ocr_line' id='line_1_13' title="bbox 165 854 1610 909; baseline -0.006 -9"><span class='ocrx_word' id='word_1_104' title='bbox 165 861 310 900; x_wconf 82' lang='lat' dir='ltr'><strong>ceret?</strong></span> <span class='ocrx_word' id='word_1_105' title='bbox 343 861 403 901; x_wconf 88' lang='lat' dir='ltr'><strong>sic</strong></span> <span class='ocrx_word' id='word_1_106' title='bbox 436 859 612 909; x_wconf 83' lang='lat' dir='ltr'><strong>habeto,</strong></span> <span class='ocrx_word' id='word_1_107' title='bbox 646 873 725 901; x_wconf 87' lang='lat' dir='ltr'><strong>nee</strong></span> <span class='ocrx_word' id='word_1_108' title='bbox 757 857 987 909; x_wconf 82' lang='lat' dir='ltr'><strong>amantius,</strong></span> <span class='ocrx_word' id='word_1_109' title='bbox 1021 871 1098 898; x_wconf 87' lang='lat' dir='ltr'><strong>nec</strong></span> <span class='ocrx_word' id='word_1_110' title='bbox 1131 854 1501 904; x_wconf 78' lang='lat' dir='ltr'><strong>honorificentius,</strong></span> <span class='ocrx_word' id='word_1_111' title='bbox 1534 865 1610 892; x_wconf 86' lang='lat' dir='ltr'><strong>nec</strong></span> 
     </span>
     <span class='ocr_line' id='line_1_14' title="bbox 167 910 1612 972; baseline -0.005 -16"><span class='ocrx_word' id='word_1_112' title='bbox 167 916 388 971; x_wconf 86' lang='lat' dir='ltr'><strong>copiosius</strong></span> <span class='ocrx_word' id='word_1_113' title='bbox 422 916 615 972; x_wconf 79' lang='lat' dir='ltr'><strong>potuisse</strong></span> <span class='ocrx_word' id='word_1_114' title='bbox 645 916 748 957; x_wconf 83' lang='lat' dir='ltr'><strong>dici.</strong></span> <span class='ocrx_word' id='word_1_115' title='bbox 779 916 817 957; x_wconf 89' lang='lat' dir='ltr'><strong>ei</strong></span> <span class='ocrx_word' id='word_1_116' title='bbox 850 926 892 956; x_wconf 88' lang='lat' dir='ltr'><strong>te</strong></span> <span class='ocrx_word' id='word_1_117' title='bbox 922 910 1007 957; x_wconf 83' lang='lat' dir='ltr'><strong>lioc</strong></span> <span class='ocrx_word' id='word_1_118' title='bbox 1039 914 1225 957; x_wconf 82' lang='lat' dir='ltr'><strong>scribere</strong></span> <span class='ocrx_word' id='word_1_119' title='bbox 1255 928 1280 952; x_wconf 80' lang='lat' dir='ltr'>a</span> <span class='ocrx_word' id='word_1_120' title='bbox 1311 925 1378 951; x_wconf 83' lang='lat' dir='ltr'><strong>me</strong></span> <span class='ocrx_word' id='word_1_121' title='bbox 1411 910 1490 951; x_wconf 88' lang='lat' dir='ltr'><strong>tibi</strong></span> <span class='ocrx_word' id='word_1_122' title='bbox 1521 923 1612 950; x_wconf 84' lang='lat' dir='ltr'><strong>esse</strong></span> 
     </span>
     <span class='ocr_line' id='line_1_15' title="bbox 167 968 1612 1028; baseline -0.004 -15"><span class='ocrx_word' id='word_1_123' title='bbox 167 972 365 1024; x_wconf 87' lang='lat' dir='ltr'><strong>missum,</strong></span> <span class='ocrx_word' id='word_1_124' title='bbox 389 988 488 1015; x_wconf 83' lang='lat' dir='ltr'><strong>sane</strong></span> <span class='ocrx_word' id='word_1_125' title='bbox 512 973 624 1015; x_wconf 85' lang='lat' dir='ltr'><strong>volo.</strong></span> <span class='ocrx_word' id='word_1_126' title='bbox 657 973 729 1015; x_wconf 91' lang='lat' dir='ltr'><strong>sed</strong></span> <span class='ocrx_word' id='word_1_127' title='bbox 752 973 855 1028; x_wconf 84' lang='lat' dir='ltr'><strong>qnid</strong></span> <span class='ocrx_word' id='word_1_128' title='bbox 879 982 925 1014; x_wconf 86' lang='lat' dir='ltr'><strong>tu</strong></span> <span class='ocrx_word' id='word_1_129' title='bbox 949 972 1143 1014; x_wconf 81' lang='lat' dir='ltr'><strong>scribas?</strong></span> <span class='ocrx_word' id='word_1_130' title='bbox 1174 984 1301 1025; x_wconf 84' lang='lat' dir='ltr'><strong>quem</strong></span> <span class='ocrx_word' id='word_1_131' title='bbox 1319 968 1412 1023; x_wconf 85' lang='lat' dir='ltr'><strong>jain</strong></span> <span class='ocrx_word' id='word_1_132' title='bbox 1435 982 1518 1023; x_wconf 83' lang='lat' dir='ltr'><strong>ego</strong></span> <span class='ocrx_word' id='word_1_133' title='bbox 1543 981 1612 1007; x_wconf 84' lang='lat' dir='ltr'><strong>ve-</strong></span> 
     </span>
     <span class='ocr_line' id='line_1_16' title="bbox 171 1024 1611 1087; baseline -0.005 -16"><span class='ocrx_word' id='word_1_134' title='bbox 171 1030 263 1071; x_wconf 87' lang='lat' dir='ltr'><strong>nire</strong></span> <span class='ocrx_word' id='word_1_135' title='bbox 286 1041 415 1087; x_wconf 81' lang='lat' dir='ltr'><strong>atque</strong></span> <span class='ocrx_word' id='word_1_136' title='bbox 437 1031 584 1072; x_wconf 87' lang='lat' dir='ltr'><strong>adesse</strong></span> <span class='ocrx_word' id='word_1_137' title='bbox 606 1031 804 1072; x_wconf 77' lang='lat' dir='ltr'><strong>arbitror.</strong></span> <span class='ocrx_word' id='word_1_138' title='bbox 837 1030 898 1071; x_wconf 82' lang='lat' dir='ltr'><strong>ita</strong></span> <span class='ocrx_word' id='word_1_139' title='bbox 917 1030 1034 1070; x_wconf 84' lang='lat' dir='ltr'><strong>enim</strong></span> <span class='ocrx_word' id='word_1_140' title='bbox 1058 1028 1126 1084; x_wconf 80' lang='lat' dir='ltr'><strong>egi</strong></span> <span class='ocrx_word' id='word_1_141' title='bbox 1152 1037 1294 1068; x_wconf 79' lang='lat' dir='ltr'><strong>tecum</strong></span> <span class='ocrx_word' id='word_1_142' title='bbox 1318 1024 1611 1081; x_wconf 82' lang='lat' dir='ltr'><strong>superioribus</strong></span> 
     </span>
     <span class='ocr_line' id='line_1_17' title="bbox 172 1082 1611 1144; baseline -0.005 -16"><span class='ocrx_word' id='word_1_143' title='bbox 172 1086 341 1129; x_wconf 83' lang='lat' dir='ltr'><strong>litteris.</strong></span> <span class='ocrx_word' id='word_1_144' title='bbox 367 1089 488 1129; x_wconf 81' lang='lat' dir='ltr'><strong>valde</strong></span> <span class='ocrx_word' id='word_1_145' title='bbox 507 1097 549 1128; x_wconf 88' lang='lat' dir='ltr'><strong>te</strong></span> <span class='ocrx_word' id='word_1_146' title='bbox 569 1097 792 1144; x_wconf 80' lang='lat' dir='ltr'><strong>exspecto,</strong></span> <span class='ocrx_word' id='word_1_147' title='bbox 811 1088 933 1128; x_wconf 78' lang='lat' dir='ltr'><strong>valde</strong></span> <span class='ocrx_word' id='word_1_148' title='bbox 950 1086 1169 1136; x_wconf 83' lang='lat' dir='ltr'><strong>desider03</strong></span> <span class='ocrx_word' id='word_1_149' title='bbox 1193 1097 1330 1138; x_wconf 86' lang='lat' dir='ltr'><strong>neque</strong></span> <span class='ocrx_word' id='word_1_150' title='bbox 1353 1097 1435 1138; x_wconf 76' lang='lat' dir='ltr'><strong>ego</strong></span> <span class='ocrx_word' id='word_1_151' title='bbox 1461 1082 1611 1137; x_wconf 80' lang='lat' dir='ltr'><strong>magis,</strong></span> 
     </span>
     <span class='ocr_line' id='line_1_18' title="bbox 170 1140 1613 1202; baseline -0.006 -16"><span class='ocrx_word' id='word_1_152' title='bbox 170 1158 301 1199; x_wconf 85' lang='lat' dir='ltr'>quam</span> <span class='ocrx_word' id='word_1_153' title='bbox 325 1146 418 1202; x_wconf 85' lang='lat' dir='ltr'><strong>ipsa</strong></span> <span class='ocrx_word' id='word_1_154' title='bbox 440 1160 503 1186; x_wconf 89' lang='lat' dir='ltr'><strong>res</strong></span> <span class='ocrx_word' id='word_1_155' title='bbox 525 1155 569 1186; x_wconf 83' lang='lat' dir='ltr'><strong>et</strong></span> <span class='ocrx_word' id='word_1_156' title='bbox 590 1155 756 1201; x_wconf 85' lang='lat' dir='ltr'><strong>teinpus</strong></span> <span class='ocrx_word' id='word_1_157' title='bbox 780 1144 935 1200; x_wconf 89' lang='lat' dir='ltr'><strong>poscit.</strong></span> <span class='ocrx_word' id='word_1_158' title='bbox 997 1143 1081 1185; x_wconf 89' lang='lat' dir='ltr'><strong>His</strong></span> <span class='ocrx_word' id='word_1_159' title='bbox 1104 1143 1156 1183; x_wconf 90' lang='lat' dir='ltr'><strong>de</strong></span> <span class='ocrx_word' id='word_1_160' title='bbox 1176 1140 1361 1196; x_wconf 82' lang='lat' dir='ltr'><strong>negotiis</strong></span> <span class='ocrx_word' id='word_1_161' title='bbox 1384 1140 1486 1194; x_wconf 79' lang='lat' dir='ltr'><strong>quid</strong></span> <span class='ocrx_word' id='word_1_162' title='bbox 1511 1140 1613 1179; x_wconf 81' lang='lat' dir='ltr'><strong>scri-</strong></span> 
     </span>
     <span class='ocr_line' id='line_1_19' title="bbox 171 1197 1615 1257; baseline -0.006 -13"><span class='ocrx_word' id='word_1_163' title='bbox 171 1201 272 1244; x_wconf 88' lang='lat' dir='ltr'><strong>bam</strong></span> <span class='ocrx_word' id='word_1_164' title='bbox 295 1203 348 1244; x_wconf 81' lang='lat' dir='ltr'><strong>ad</strong></span> <span class='ocrx_word' id='word_1_165' title='bbox 373 1215 429 1253; x_wconf 87' lang='lat' dir='ltr'><strong>te,</strong></span> <span class='ocrx_word' id='word_1_166' title='bbox 452 1203 532 1243; x_wconf 91' lang='lat' dir='ltr'><strong>nisi</strong></span> <span class='ocrx_word' id='word_1_167' title='bbox 558 1201 685 1254; x_wconf 82' lang='lat' dir='ltr'><strong>idem,</strong></span> <span class='ocrx_word' id='word_1_168' title='bbox 709 1202 824 1257; x_wconf 85' lang='lat' dir='ltr'>quod</span> <span class='ocrx_word' id='word_1_169' title='bbox 848 1203 991 1257; x_wconf 84' lang='lat' dir='ltr'><strong>saepe?</strong></span> <span class='ocrx_word' id='word_1_170' title='bbox 1025 1199 1268 1256; x_wconf 76' lang='lat' dir='ltr'><strong>Republica</strong></span> <span class='ocrx_word' id='word_1_171' title='bbox 1289 1197 1393 1237; x_wconf 80' lang='lat' dir='ltr'><strong>nihil</strong></span> <span class='ocrx_word' id='word_1_172' title='bbox 1417 1198 1615 1252; x_wconf 84' lang='lat' dir='ltr'><strong>despera-</strong></span> 
     </span>
     <span class='ocr_line' id='line_1_20' title="bbox 173 1254 1615 1315; baseline -0.006 -14"><span class='ocrx_word' id='word_1_173' title='bbox 173 1259 279 1312; x_wconf 80' lang='lat' dir='ltr'><strong>tius3</strong></span> <span class='ocrx_word' id='word_1_174' title='bbox 311 1260 378 1312; x_wconf 86' lang='lat' dir='ltr'><strong>iis,</strong></span> <span class='ocrx_word' id='word_1_175' title='bbox 400 1275 583 1315; x_wconf 79' lang='lat' dir='ltr'><strong>quorum</strong></span> <span class='ocrx_word' id='word_1_176' title='bbox 606 1274 751 1315; x_wconf 80' lang='lat' dir='ltr'><strong>opera,</strong></span> <span class='ocrx_word' id='word_1_177' title='bbox 776 1258 884 1300; x_wconf 87' lang='lat' dir='ltr'><strong>nihil</strong></span> <span class='ocrx_word' id='word_1_178' title='bbox 909 1257 1071 1313; x_wconf 81' lang='lat' dir='ltr'><strong>majore</strong></span> <span class='ocrx_word' id='word_1_179' title='bbox 1093 1257 1211 1299; x_wconf 88' lang='lat' dir='ltr'><strong>odio.</strong></span> <span class='ocrx_word' id='word_1_180' title='bbox 1252 1254 1361 1306; x_wconf 78' lang='lat' dir='ltr'><strong>Nos,</strong></span> <span class='ocrx_word' id='word_1_181' title='bbox 1382 1264 1428 1294; x_wconf 89' lang='lat' dir='ltr'><strong>ut</strong></span> <span class='ocrx_word' id='word_1_182' title='bbox 1450 1254 1615 1309; x_wconf 84' lang='lat' dir='ltr'><strong>opinio,</strong></span> 
     </span>
     <span class='ocr_line' id='line_1_21' title="bbox 169 1311 1615 1372; baseline -0.004 -15"><span class='ocrx_word' id='word_1_183' title='bbox 169 1324 216 1357; x_wconf 86' lang='lat' dir='ltr'><strong>et</strong></span> <span class='ocrx_word' id='word_1_184' title='bbox 245 1331 355 1372; x_wconf 85' lang='lat' dir='ltr'><strong>spes,</strong></span> <span class='ocrx_word' id='word_1_185' title='bbox 387 1326 430 1357; x_wconf 87' lang='lat' dir='ltr'><strong>et</strong></span> <span class='ocrx_word' id='word_1_186' title='bbox 460 1316 712 1372; x_wconf 83' lang='lat' dir='ltr'><strong>conjectura</strong></span> <span class='ocrx_word' id='word_1_187' title='bbox 743 1325 889 1358; x_wconf 86' lang='lat' dir='ltr'><strong>nostra</strong></span> <span class='ocrx_word' id='word_1_188' title='bbox 919 1315 1017 1366; x_wconf 83' lang='lat' dir='ltr'><strong>fert,</strong></span> <span class='ocrx_word' id='word_1_189' title='bbox 1045 1313 1291 1368; x_wconf 84' lang='lat' dir='ltr'><strong>firmissima</strong></span> <span class='ocrx_word' id='word_1_190' title='bbox 1324 1311 1615 1352; x_wconf 83' lang='lat' dir='ltr'><strong>benivolentia</strong></span> 
     </span>
     <span class='ocr_line' id='line_1_22' title="bbox 171 1366 1616 1429; baseline -0.005 -14"><span class='ocrx_word' id='word_1_191' title='bbox 171 1373 399 1415; x_wconf 86' lang='lat' dir='ltr'><strong>hominum</strong></span> <span class='ocrx_word' id='word_1_192' title='bbox 436 1375 592 1415; x_wconf 83' lang='lat' dir='ltr'><strong>muniti</strong></span> <span class='ocrx_word' id='word_1_193' title='bbox 626 1388 785 1415; x_wconf 85' lang='lat' dir='ltr'><strong>sumus.</strong></span> <span class='ocrx_word' id='word_1_194' title='bbox 818 1387 949 1429; x_wconf 83' lang='lat' dir='ltr'><strong>quare</strong></span> <span class='ocrx_word' id='word_1_195' title='bbox 983 1373 1149 1414; x_wconf 83' lang='lat' dir='ltr'><strong>advola.</strong></span> <span class='ocrx_word' id='word_1_196' title='bbox 1190 1366 1265 1411; x_wconf 87' lang='lat' dir='ltr'><strong>aut</strong></span> <span class='ocrx_word' id='word_1_197' title='bbox 1300 1369 1504 1425; x_wconf 81' lang='lat' dir='ltr'><strong>expedies</strong></span> <span class='ocrx_word' id='word_1_198' title='bbox 1537 1383 1616 1408; x_wconf 89' lang='lat' dir='ltr'><strong>nos</strong></span> 
     </span>
     <span class='ocr_line' id='line_1_23' title="bbox 175 1425 1616 1487; baseline -0.005 -15"><span class='ocrx_word' id='word_1_199' title='bbox 175 1432 292 1472; x_wconf 90' lang='lat' dir='ltr'><strong>omni</strong></span> <span class='ocrx_word' id='word_1_200' title='bbox 316 1431 528 1483; x_wconf 81' lang='lat' dir='ltr'><strong>molestia,</strong></span> <span class='ocrx_word' id='word_1_201' title='bbox 547 1439 622 1472; x_wconf 83' lang='lat' dir='ltr'><strong>aut</strong></span> <span class='ocrx_word' id='word_1_202' title='bbox 643 1432 724 1472; x_wconf 88' lang='lat' dir='ltr'><strong>eris</strong></span> <span class='ocrx_word' id='word_1_203' title='bbox 749 1431 979 1487; x_wconf 52' lang='lat' dir='ltr'><strong>particeps</strong></span> <span class='ocrx_word' id='word_1_204' title='bbox 1032 1429 1137 1471; x_wconf 87' lang='lat' dir='ltr'><strong>Ideo</strong></span> <span class='ocrx_word' id='word_1_205' title='bbox 1159 1443 1251 1469; x_wconf 83' lang='lat' dir='ltr'><strong>sum</strong></span> <span class='ocrx_word' id='word_1_206' title='bbox 1278 1427 1461 1477; x_wconf 88' lang='lat' dir='ltr'><strong>brevior,</strong></span> <span class='ocrx_word' id='word_1_207' title='bbox 1484 1425 1616 1482; x_wconf 87' lang='lat' dir='ltr'>quod,</span> 
     </span>
     <span class='ocr_line' id='line_1_24' title="bbox 172 1484 1617 1545; baseline -0.002 -17"><span class='ocrx_word' id='word_1_208' title='bbox 172 1495 222 1534; x_wconf 84' lang='lat' dir='ltr'><strong>ut</strong></span> <span class='ocrx_word' id='word_1_209' title='bbox 242 1502 382 1545; x_wconf 87' lang='lat' dir='ltr'><strong>spero,</strong></span> <span class='ocrx_word' id='word_1_210' title='bbox 405 1503 549 1529; x_wconf 87' lang='lat' dir='ltr'><strong>coram</strong></span> <span class='ocrx_word' id='word_1_211' title='bbox 576 1489 694 1529; x_wconf 90' lang='lat' dir='ltr'><strong>brevi</strong></span> <span class='ocrx_word' id='word_1_212' title='bbox 718 1498 910 1545; x_wconf 87' lang='lat' dir='ltr'><strong>tempore</strong></span> <span class='ocrx_word' id='word_1_213' title='bbox 927 1487 1137 1539; x_wconf 84' lang='lat' dir='ltr'><strong>conferre,</strong></span> <span class='ocrx_word' id='word_1_214' title='bbox 1160 1499 1256 1542; x_wconf 87' lang='lat' dir='ltr'><strong>quae</strong></span> <span class='ocrx_word' id='word_1_215' title='bbox 1281 1485 1494 1536; x_wconf 77' lang='lat' dir='ltr'><strong>volumus,</strong></span> <span class='ocrx_word' id='word_1_216' title='bbox 1515 1484 1617 1526; x_wconf 86' lang='lat' dir='ltr'><strong>lice-</strong></span> 
     </span>
     <span class='ocr_line' id='line_1_25' title="bbox 173 1544 696 1597; baseline 0 -11"><span class='ocrx_word' id='word_1_217' title='bbox 173 1545 255 1586; x_wconf 87' lang='lat' dir='ltr'><strong>bit.</strong></span> <span class='ocrx_word' id='word_1_218' title='bbox 316 1544 447 1597; x_wconf 87' lang='lat' dir='ltr'><strong>Cura,</strong></span> <span class='ocrx_word' id='word_1_219' title='bbox 473 1555 519 1587; x_wconf 84' lang='lat' dir='ltr'><strong>ut</strong></span> <span class='ocrx_word' id='word_1_220' title='bbox 543 1545 696 1587; x_wconf 81' lang='lat' dir='ltr'><strong>valeas.</strong></span> 
     </span>
    </p>
   </div>
   <div class='ocr_carea' id='block_1_3' title="bbox 1533 115 1607 149">
    <p class='ocr_par' dir='ltr' id='par_1_3' title="bbox 1533 115 1607 149">
     <span class='ocr_line' id='line_1_26' title="bbox 1533 115 1556 148; textangle 90"><span class='ocrx_word' id='word_1_221' title='bbox 1533 115 1556 148; x_wconf 64' lang='lat' dir='ltr'><strong>cv</strong></span> 
     </span>
     <span class='ocr_line' id='line_1_27' title="bbox 1559 115 1607 149; textangle 90"><span class='ocrx_word' id='word_1_222' title='bbox 1559 115 1607 149; x_wconf 64' lang='grc' dir='ltr'><strong>ἐξ</strong></span> 
     </span>
    </p>
   </div>
   <div class='ocr_carea' id='block_1_4' title="bbox 167 1654 1619 1861">
    <p class='ocr_par' dir='ltr' id='par_1_4' title="bbox 167 1654 1619 1861">
     <span class='ocr_line' id='line_1_28' title="bbox 211 1654 1615 1700; baseline -0.004 -10"><span class='ocrx_word' id='word_1_223' title='bbox 211 1661 254 1693; x_wconf 77' lang='grc'><strong>74</strong></span> <span class='ocrx_word' id='word_1_224' title='bbox 275 1660 423 1696; x_wconf 81' lang='lat' dir='ltr'><strong>mallem,</strong></span> <span class='ocrx_word' id='word_1_225' title='bbox 446 1659 602 1690; x_wconf 74' lang='lat' dir='ltr'><em>adinum</em></span> <span class='ocrx_word' id='word_1_226' title='bbox 615 1659 805 1700; x_wconf 78' lang='lat' dir='ltr'><strong>scripsisses]</strong></span> <span class='ocrx_word' id='word_1_227' title='bbox 831 1660 871 1690; x_wconf 70' lang='lat' dir='ltr'><strong>il·</strong></span> <span class='ocrx_word' id='word_1_228' title='bbox 956 1662 996 1694; x_wconf 79' lang='grc'><strong>75</strong></span> <span class='ocrx_word' id='word_1_229' title='bbox 1019 1658 1218 1690; x_wconf 73' lang='lat' dir='ltr'><strong>mirabiliter</strong></span> <span class='ocrx_word' id='word_1_230' title='bbox 1231 1660 1380 1687; x_wconf 77' lang='lat' dir='ltr'><strong>moratus</strong></span> <span class='ocrx_word' id='word_1_231' title='bbox 1397 1655 1457 1695; x_wconf 79' lang='lat' dir='ltr'><strong>est]</strong></span> <span class='ocrx_word' id='word_1_232' title='bbox 1485 1654 1615 1686; x_wconf 85' lang='lat' dir='ltr'><strong>Intelli-</strong></span> 
     </span>
     <span class='ocr_line' id='line_1_29' title="bbox 171 1698 1615 1743; baseline -0.003 -11"><span class='ocrx_word' id='word_1_233' title='bbox 171 1702 243 1732; x_wconf 80' lang='lat' dir='ltr'><strong>lum</strong></span> <span class='ocrx_word' id='word_1_234' title='bbox 255 1702 326 1732; x_wconf 85' lang='lat' dir='ltr'><strong>sine</strong></span> <span class='ocrx_word' id='word_1_235' title='bbox 341 1701 440 1732; x_wconf 89' lang='lat' dir='ltr'><strong>dubio</strong></span> <span class='ocrx_word' id='word_1_236' title='bbox 455 1702 609 1732; x_wconf 87' lang='lat' dir='ltr'><strong>vitiosum</strong></span> <span class='ocrx_word' id='word_1_237' title='bbox 623 1708 683 1732; x_wconf 80' lang='lat' dir='ltr'><strong>est.</strong></span> <span class='ocrx_word' id='word_1_238' title='bbox 700 1702 812 1743; x_wconf 79' lang='lat' dir='ltr'><strong>scripsi</strong></span> <span class='ocrx_word' id='word_1_239' title='bbox 828 1703 875 1733; x_wconf 80' lang='lat' dir='ltr'><strong>ad</strong></span> <span class='ocrx_word' id='word_1_240' title='bbox 915 1706 1000 1742; x_wconf 83' lang='lat' dir='ltr'><strong>gunt</strong></span> <span class='ocrx_word' id='word_1_241' title='bbox 1028 1701 1067 1732; x_wconf 90' lang='lat' dir='ltr'><strong>de</strong></span> <span class='ocrx_word' id='word_1_242' title='bbox 1095 1699 1308 1732; x_wconf 81' lang='lat' dir='ltr'><strong>cunctatione</strong></span> <span class='ocrx_word' id='word_1_243' title='bbox 1335 1699 1444 1729; x_wconf 80' lang='lat' dir='ltr'><strong>neseio</strong></span> <span class='ocrx_word' id='word_1_244' title='bbox 1471 1708 1546 1737; x_wconf 83' lang='lat' dir='ltr'>qua.</span> <span class='ocrx_word' id='word_1_245' title='bbox 1584 1698 1615 1728; x_wconf 83' lang='lat' dir='ltr'><strong>ei</strong></span> 
     </span>
     <span class='ocr_line' id='line_1_30' title="bbox 167 1740 1617 1785; baseline -0.003 -11"><span class='ocrx_word' id='word_1_246' title='bbox 167 1743 277 1785; x_wconf 70' lang='lat' dir='ltr'><strong>ipsum</strong></span> <span class='ocrx_word' id='word_1_247' title='bbox 303 1753 366 1774; x_wconf 81' lang='lat' dir='ltr'><strong>scr.</strong></span> <span class='ocrx_word' id='word_1_248' title='bbox 403 1749 620 1784; x_wconf 82' lang='lat' dir='ltr'><strong>opponuntur</strong></span> <span class='ocrx_word' id='word_1_249' title='bbox 647 1746 871 1784; x_wconf 66' lang='lat' dir='ltr'><strong>‚ne—ipsum.</strong></span> <span class='ocrx_word' id='word_1_250' title='bbox 915 1745 1024 1775; x_wconf 85' lang='lat' dir='ltr'><strong>sensui</strong></span> <span class='ocrx_word' id='word_1_251' title='bbox 1035 1745 1089 1775; x_wconf 89' lang='lat' dir='ltr'><strong>vix</strong></span> <span class='ocrx_word' id='word_1_252' title='bbox 1099 1749 1214 1784; x_wconf 86' lang='lat' dir='ltr'><strong>aptum</strong></span> <span class='ocrx_word' id='word_1_253' title='bbox 1228 1741 1262 1772; x_wconf 71' lang='grc' dir='ltr'><strong>τὸ</strong></span> <span class='ocrx_word' id='word_1_254' title='bbox 1270 1741 1478 1777; x_wconf 72' lang='lat' dir='ltr'><strong>mirabiliter,</strong></span> <span class='ocrx_word' id='word_1_255' title='bbox 1489 1745 1523 1771; x_wconf 87' lang='lat' dir='ltr'><strong>et</strong></span> <span class='ocrx_word' id='word_1_256' title='bbox 1535 1740 1617 1771; x_wconf 85' lang='lat' dir='ltr'><strong>illud</strong></span> 
     </span>
     <span class='ocr_line' id='line_1_31' title="bbox 169 1784 1619 1828; baseline -0.002 -11"><span class='ocrx_word' id='word_1_257' title='bbox 169 1787 241 1828; x_wconf 79' lang='lat' dir='ltr'><strong>ejus</strong></span> <span class='ocrx_word' id='word_1_258' title='bbox 256 1786 457 1818; x_wconf 82' lang='lat' dir='ltr'><strong>confusionis</strong></span> <span class='ocrx_word' id='word_1_259' title='bbox 470 1786 567 1828; x_wconf 83' lang='lat' dir='ltr'><strong>plura</strong></span> <span class='ocrx_word' id='word_1_260' title='bbox 581 1787 731 1828; x_wconf 80' lang='lat' dir='ltr'><strong>exempla</strong></span> <span class='ocrx_word' id='word_1_261' title='bbox 744 1792 875 1828; x_wconf 80' lang='lat' dir='ltr'><strong>reperta</strong></span> <span class='ocrx_word' id='word_1_262' title='bbox 917 1787 1026 1818; x_wconf 70' lang='grc' dir='ltr'><strong>ἰλικτὰ</strong></span> <span class='ocrx_word' id='word_1_263' title='bbox 1041 1788 1101 1818; x_wconf 72' lang='grc' dir='ltr'><strong>διο.</strong></span> <span class='ocrx_word' id='word_1_264' title='bbox 1125 1787 1240 1822; x_wconf 84' lang='lat' dir='ltr'><strong>inimo,</strong></span> <span class='ocrx_word' id='word_1_265' title='bbox 1261 1792 1368 1816; x_wconf 87' lang='lat' dir='ltr'><strong>mores</strong></span> <span class='ocrx_word' id='word_1_266' title='bbox 1381 1784 1525 1815; x_wconf 85' lang='lat' dir='ltr'><strong>hominis</strong></span> <span class='ocrx_word' id='word_1_267' title='bbox 1539 1788 1619 1814; x_wconf 90' lang='lat' dir='ltr'><strong>sunt</strong></span> 
     </span>
     <span class='ocr_line' id='line_1_32' title="bbox 170 1831 1005 1861; baseline 0 -1"><span class='ocrx_word' id='word_1_268' title='bbox 170 1833 261 1860; x_wconf 83' lang='lat' dir='ltr'><strong>sunt.</strong></span> <span class='ocrx_word' id='word_1_269' title='bbox 918 1831 1005 1861; x_wconf 83' lang='lat' dir='ltr'><strong>miri.</strong></span> 
     </span>
    </p>
   </div>
   <div class='ocr_carea' id='block_1_5' title="bbox 365 2057 1428 2243">
    <p class='ocr_par' dir='ltr' id='par_1_5' title="bbox 365 2057 1428 2243">
     <span class='ocr_line' id='line_1_33' title="bbox 452 2057 1336 2114; baseline -0.001 -1"><span class='ocrx_word' id='word_1_270' title='bbox 452 2060 535 2113; x_wconf 88' lang='lat' dir='ltr'><strong>M.</strong></span> <span class='ocrx_word' id='word_1_271' title='bbox 574 2059 859 2113; x_wconf 79' lang='lat' dir='ltr'>TULLII</span> <span class='ocrx_word' id='word_1_272' title='bbox 902 2057 1336 2114; x_wconf 76' lang='lat' dir='ltr'><strong>eiCERole</strong></span> 
     </span>
     <span class='ocr_line' id='line_1_34' title="bbox 365 2174 1428 2243; baseline 0.001 -2"><span class='ocrx_word' id='word_1_273' title='bbox 365 2175 425 2241; x_wconf 83' lang='lat' dir='ltr'>E</span> <span class='ocrx_word' id='word_1_274' title='bbox 469 2175 521 2241; x_wconf 89' lang='grc' dir='ltr'>Ρ</span> <span class='ocrx_word' id='word_1_275' title='bbox 564 2175 596 2241; x_wconf 95' lang='grc' dir='ltr'>Ι</span> <span class='ocrx_word' id='word_1_276' title='bbox 640 2177 684 2241; x_wconf 83' lang='lat' dir='ltr'>S</span> <span class='ocrx_word' id='word_1_277' title='bbox 724 2175 785 2242; x_wconf 91' lang='lat' dir='ltr'>T</span> <span class='ocrx_word' id='word_1_278' title='bbox 828 2176 888 2242; x_wconf 89' lang='grc' dir='ltr'>Ο</span> <span class='ocrx_word' id='word_1_279' title='bbox 940 2176 995 2242; x_wconf 89' lang='lat' dir='ltr'>L</span> <span class='ocrx_word' id='word_1_280' title='bbox 1035 2177 1093 2243; x_wconf 92' lang='lat' dir='ltr'><strong>A</strong></span> <span class='ocrx_word' id='word_1_281' title='bbox 1137 2175 1201 2242; x_wconf 82' lang='lat' dir='ltr'>R</span> <span class='ocrx_word' id='word_1_282' title='bbox 1240 2174 1305 2241; x_wconf 90' lang='lat' dir='ltr'>U</span> <span class='ocrx_word' id='word_1_283' title='bbox 1351 2175 1428 2242; x_wconf 88' lang='lat' dir='ltr'>M</span> 
     </span>
    </p>
   </div>
   <div class='ocr_carea' id='block_1_6' title="bbox 647 2297 1142 2504">
    <p class='ocr_par' dir='ltr' id='par_1_6' title="bbox 647 2297 1142 2504">
     <span class='ocr_line' id='line_1_35' title="bbox 898 2297 924 2321; baseline 0 0"><span class='ocrx_word' id='word_1_284' title='bbox 898 2297 924 2321; x_wconf 90' lang='lat' dir='ltr'>D</span> 
     </span>
     <span class='ocr_line' id='line_1_36' title="bbox 647 2366 1142 2418; baseline -0.004 0"><span class='ocrx_word' id='word_1_285' title='bbox 647 2368 696 2418; x_wconf 89' lang='lat' dir='ltr'>A</span> <span class='ocrx_word' id='word_1_286' title='bbox 724 2366 768 2416; x_wconf 88' lang='lat' dir='ltr'>T</span> <span class='ocrx_word' id='word_1_287' title='bbox 796 2368 839 2415; x_wconf 87' lang='lat' dir='ltr'>T</span> <span class='ocrx_word' id='word_1_288' title='bbox 871 2367 895 2415; x_wconf 94' lang='grc' dir='ltr'>Ῑ</span> <span class='ocrx_word' id='word_1_289' title='bbox 929 2368 969 2416; x_wconf 91' lang='lat' dir='ltr'>C</span> <span class='ocrx_word' id='word_1_290' title='bbox 1002 2367 1051 2416; x_wconf 91' lang='lat' dir='ltr'>U</span> <span class='ocrx_word' id='word_1_291' title='bbox 1084 2368 1142 2416; x_wconf 92' lang='lat' dir='ltr'>M</span> 
     </span>
     <span class='ocr_line' id='line_1_37' title="bbox 745 2460 1055 2504; baseline -0.003 -1"><span class='ocrx_word' id='word_1_292' title='bbox 745 2460 934 2504; x_wconf 87' lang='lat' dir='ltr'>LIBER</span> <span class='ocrx_word' id='word_1_293' title='bbox 967 2460 1055 2504; x_wconf 93' lang='lat' dir='ltr'>III.</span> 
     </span>
    </p>
   </div>
   <div class='ocr_carea' id='block_1_7' title="bbox 744 2568 1025 2590">
    <p class='ocr_par' dir='ltr' id='par_1_7' title="bbox 744 2568 1025 2590">
     <span class='ocr_line' id='line_1_38' title="bbox 744 2568 1025 2590; baseline 0 641"><span class='ocrx_word' id='word_1_294' title='bbox 744 2568 1025 2590; x_wconf 95' lang='lat' dir='ltr'><strong> </strong></span> 
     </span>
    </p>
   </div>
   <div class='ocr_carea' id='block_1_8' title="bbox 690 2643 1099 2684">
    <p class='ocr_par' dir='ltr' id='par_1_8' title="bbox 690 2643 1099 2684">
     <span class='ocr_line' id='line_1_39' title="bbox 690 2643 1099 2684; baseline 0.005 -2"><span class='ocrx_word' id='word_1_295' title='bbox 690 2643 1099 2684; x_wconf 86' lang='lat' dir='ltr'><strong>ARGUMENTUM.</strong></span> 
     </span>
    </p>
   </div>
   <div class='ocr_carea' id='block_1_9' title="bbox 173 2707 1621 2960">
    <p class='ocr_par' dir='ltr' id='par_1_9' title="bbox 173 2707 1621 2920">
     <span class='ocr_line' id='line_1_40' title="bbox 173 2707 1620 2760; baseline -0.001 -11"><span class='ocrx_word' id='word_1_296' title='bbox 173 2711 220 2749; x_wconf 79' lang='lat' dir='ltr'><strong>P.</strong></span> <span class='ocrx_word' id='word_1_297' title='bbox 243 2710 391 2748; x_wconf 79' lang='lat' dir='ltr'><strong>Clodius</strong></span> <span class='ocrx_word' id='word_1_298' title='bbox 409 2721 476 2760; x_wconf 86' lang='lat' dir='ltr'><strong>ope</strong></span> <span class='ocrx_word' id='word_1_299' title='bbox 495 2709 534 2747; x_wconf 90' lang='lat' dir='ltr'><strong>C.</strong></span> <span class='ocrx_word' id='word_1_300' title='bbox 556 2709 708 2747; x_wconf 79' lang='lat' dir='ltr'><strong>Coesaris</strong></span> <span class='ocrx_word' id='word_1_301' title='bbox 729 2709 908 2749; x_wconf 78' lang='lat' dir='ltr'><strong>Consulis,</strong></span> <span class='ocrx_word' id='word_1_302' title='bbox 935 2707 1114 2746; x_wconf 75' lang='lat' dir='ltr'><strong>Tribunus</strong></span> <span class='ocrx_word' id='word_1_303' title='bbox 1128 2709 1182 2759; x_wconf 81' lang='lat' dir='ltr'><strong>pl.</strong></span> <span class='ocrx_word' id='word_1_304' title='bbox 1205 2709 1425 2752; x_wconf 71' lang='lat' dir='ltr'><strong>declaratus,-</strong></span> <span class='ocrx_word' id='word_1_305' title='bbox 1443 2714 1484 2748; x_wconf 82' lang='lat' dir='ltr'><strong>ut</strong></span> <span class='ocrx_word' id='word_1_306' title='bbox 1503 2714 1620 2759; x_wconf 74' lang='lat' dir='ltr'><strong><em>magi-</em></strong></span> 
     </span>
     <span class='ocr_line' id='line_1_41' title="bbox 219 2760 1619 2810; baseline 0 -10"><span class='ocrx_word' id='word_1_307' title='bbox 219 2767 378 2802; x_wconf 74' lang='lat' dir='ltr'><strong>stratum</strong></span> <span class='ocrx_word' id='word_1_308' title='bbox 405 2764 505 2807; x_wconf 64' lang='lat' dir='ltr'><strong>iniit,</strong></span> <span class='ocrx_word' id='word_1_309' title='bbox 524 2763 621 2800; x_wconf 74' lang='lat' dir='ltr'><strong>illud</strong></span> <span class='ocrx_word' id='word_1_310' title='bbox 646 2773 759 2799; x_wconf 82' lang='lat' dir='ltr'><strong><em>unum</em></strong></span> <span class='ocrx_word' id='word_1_311' title='bbox 783 2762 977 2810; x_wconf 76' lang='lat' dir='ltr'><strong>spectavit,</strong></span> <span class='ocrx_word' id='word_1_312' title='bbox 995 2765 1037 2798; x_wconf 80' lang='lat' dir='ltr'><strong>ut</strong></span> <span class='ocrx_word' id='word_1_313' title='bbox 1064 2760 1120 2798; x_wconf 89' lang='lat' dir='ltr'><strong>M.</strong></span> <span class='ocrx_word' id='word_1_314' title='bbox 1145 2762 1306 2799; x_wconf 73' lang='lat' dir='ltr'><strong>Tullium</strong></span> <span class='ocrx_word' id='word_1_315' title='bbox 1333 2763 1619 2801; x_wconf 71' lang='lat' dir='ltr'><strong>inimicissimum</strong></span> 
     </span>
     <span class='ocr_line' id='line_1_42' title="bbox 221 2807 1621 2866; baseline 0.001 -15"><span class='ocrx_word' id='word_1_316' title='bbox 221 2827 326 2851; x_wconf 79' lang='lat' dir='ltr'><strong>suum</strong></span> <span class='ocrx_word' id='word_1_317' title='bbox 343 2816 588 2852; x_wconf 79' lang='lat' dir='ltr'><strong>ulcisceretur.</strong></span> <span class='ocrx_word' id='word_1_318' title='bbox 644 2814 777 2863; x_wconf 82' lang='lat' dir='ltr'><strong>Itaque</strong></span> <span class='ocrx_word' id='word_1_319' title='bbox 801 2814 940 2850; x_wconf 79' lang='lat' dir='ltr'><strong>duabus</strong></span> <span class='ocrx_word' id='word_1_320' title='bbox 966 2813 1115 2862; x_wconf 72' lang='lat' dir='ltr'><strong>legibus,</strong></span> <span class='ocrx_word' id='word_1_321' title='bbox 1142 2816 1297 2863; x_wconf 73' lang='lat' dir='ltr'><strong>quar‘u‘m</strong></span> <span class='ocrx_word' id='word_1_322' title='bbox 1317 2807 1436 2854; x_wconf 71' lang='lat' dir='ltr'><strong>altera</strong></span> <span class='ocrx_word' id='word_1_323' title='bbox 1448 2810 1621 2866; x_wconf 81' lang='lat' dir='ltr'><strong>frumen-</strong></span> 
     </span>
     <span class='ocr_line' id='line_1_43' title="bbox 226 2862 1621 2920; baseline 0.002 -17"><span class='ocrx_word' id='word_1_324' title='bbox 226 2871 319 2912; x_wconf 77' lang='lat' dir='ltr'><strong>tum,</strong></span> <span class='ocrx_word' id='word_1_325' title='bbox 337 2869 436 2920; x_wconf 83' lang='lat' dir='ltr'><strong>quod</strong></span> <span class='ocrx_word' id='word_1_326' title='bbox 454 2872 563 2906; x_wconf 73' lang='lat' dir='ltr'><strong>antea</strong></span> <span class='ocrx_word' id='word_1_327' title='bbox 580 2869 688 2906; x_wconf 76' lang='lat' dir='ltr'><strong>semis</strong></span> <span class='ocrx_word' id='word_1_328' title='bbox 706 2868 788 2904; x_wconf 76' lang='lat' dir='ltr'><strong>aerz&#39;s</strong></span> <span class='ocrx_word' id='word_1_329' title='bbox 807 2878 850 2903; x_wconf 88' lang='lat' dir='ltr'><strong>ac</strong></span> <span class='ocrx_word' id='word_1_330' title='bbox 879 2867 1071 2904; x_wconf 72' lang='lat' dir='ltr'><strong>trientibus</strong></span> <span class='ocrx_word' id='word_1_331' title='bbox 1098 2871 1188 2905; x_wconf 80' lang='lat' dir='ltr'><strong>esset</strong></span> <span class='ocrx_word' id='word_1_332' title='bbox 1214 2869 1253 2904; x_wconf 75' lang='lat' dir='ltr'><strong>in</strong></span> <span class='ocrx_word' id='word_1_333' title='bbox 1280 2867 1442 2914; x_wconf 76' lang='lat' dir='ltr'><strong>singulos</strong></span> <span class='ocrx_word' id='word_1_334' title='bbox 1469 2862 1621 2912; x_wconf 62' lang='lat' dir='ltr'><strong>modios,</strong></span> 
     </span>
    </p>

    <p class='ocr_par' dir='ltr' id='par_1_10' title="bbox 834 2918 967 2960">
     <span class='ocr_line' id='line_1_44' title="bbox 834 2918 967 2960; baseline 0 0"><span class='ocrx_word' id='word_1_335' title='bbox 834 2931 865 2960; x_wconf 75' lang='lat' dir='ltr'><strong>x</strong></span> <span class='ocrx_word' id='word_1_336' title='bbox 888 2918 916 2960; x_wconf 89' lang='lat' dir='ltr'>k</span> <span class='ocrx_word' id='word_1_337' title='bbox 938 2923 967 2960; x_wconf 87' lang='grc'><strong>4</strong></span> 
     </span>
    </p>
   </div>
   <div class='ocr_carea' id='block_1_10' title="bbox 1617 227 1672 265">
    <p class='ocr_par' dir='ltr' id='par_1_11' title="bbox 1617 227 1672 265">
     <span class='ocr_line' id='line_1_45' title="bbox 1617 227 1672 265; baseline 0.018 -1"><span class='ocrx_word' id='word_1_338' title='bbox 1617 227 1672 265; x_wconf 72' lang='lat'><strong>25</strong></span> 
     </span>
    </p>
   </div>
  </div>
 </body>
</html>
