1940 3231
716 126 934 166 LIBER
970 126 1078 165 XVI.
1538 132 1614 172 871

172 235 532 291 proficisceretur,
549 249 603 276 an
627 233 823 289 Capuam
847 240 1024 282 teneret,
1047 238 1091 272 et
1113 228 1354 272 Antonium
1371 230 1617 274 venientem

174 293 438 345 excluderet,
461 308 516 334 an
533 293 616 334 iret
646 291 699 335 ad
723 299 818 331 -tres
841 289 1033 345 legiones
1068 288 1393 340 Macedonicas,
1416 304 1512 343 quae
1536 291 1617 331 iter

173 352 410 393 secundum
431 365 550 392 mare
570 362 771 404 superum
793 347 985 400 faciunt3
1017 361 1121 402 quas
1144 355 1288 403 sperat
1306 361 1402 387 suas
1424 360 1529 387 esse.
1551 361 1616 388 eae

175 409 447 464 congiarium
475 408 530 450 ab
563 405 758 451 Antonio
782 405 977 460 accipere
1009 404 1253 455 noluerunt,
1276 412 1326 445 ut
1347 403 1419 444 hic
1441 403 1616 458 quidem

173 474 332 516 narrat,
368 475 413 508 et
443 465 484 506 ei
512 463 760 508 convicium
792 477 924 519 grave
954 461 1164 513 fecerunt,
1197 462 1619 515 concionantemque

173 522 454 579 reliquerunt.
475 521 579 578 quid
601 522 783 577 quaeris?
815 520 968 562 ducem
992 533 1035 561 se
1066 520 1309 576 profitetur,
1332 533 1412 561 nec
1435 533 1511 559 nos
1535 518 1617 559 sibi

174 590 302 636 putat
321 581 469 623 deesse
499 589 714 635 oportere.
777 577 991 633 Equidem
1019 578 1147 627 suasi,
1170 586 1219 619 ut
1248 577 1434 618 Romam
1467 590 1621 632 perge-

173 647 254 685 ret.
287 638 457 680 videtur
477 638 594 679 enim
614 637 722 678 mihi
744 645 787 677 et
808 634 1072 692 plebeculam
1101 636 1326 685 urbanam,
1348 643 1406 684 et,
1430 633 1463 674 si
1489 634 1620 675 fidem

174 694 343 748 fecerit,
374 695 507 738 etiam
529 695 668 737 bonos
690 694 805 736 viros
833 707 979 737 secum
1002 693 1247 734 habiturus.
1308 691 1349 734 O
1373 692 1522 743 Brute,
1545 691 1620 733 ubi

174 756 248 796 es?
289 762 496 808 quantam
529 756 691 808 ιύκαιςίοιν
713 751 905 794 amittis?
943 765 1031 792 non
1063 750 1263 806 equidem
1295 749 1381 791 hoc
1413 748 1621 800 divinavi,

173 810 248 855 sed
277 811 443 867 aliquid
464 810 549 852 tale
572 810 720 866 putavi
748 810 855 850 fore.
917 808 1048 849 Nunc
1071 818 1189 850 tuum
1215 807 1442 849 consilium
1467 806 1622 863 exqui-

175 883 245 916 ro..
303 868 548 910 Romamne
572 866 712 919 venio,
735 882 788 909 an
812 866 883 907 hic
904 881 1074 917 maneo,
1096 881 1148 907 an
1177 865 1392 922 Arpinum
1415 869 1623 917 (ἀσφάλειαν

172 925 307 970 habet
338 926 374 967 is
403 926 543 977 locus)
575 925 770 981 fugiam?
804 924 1017 975 Romam3
1050 938 1102 964 ne
1125 924 1429 974 desideremur,
1450 922 1485 963 si
1517 920 1624 977 quid

169 994 317 1031 actum
349 984 582 1027 videbitur.
613 983 698 1025 hoe
729 982 863 1039 igitur
893 981 1079 1038 explica.
1112 995 1349 1037 numquam
1381 982 1425 1021 in
1457 980 1621 1035 majore

167 1046 298 1098 cin-031¹&
319 1041 397 1084 fui.

606 1145 844 1197 CICERO
875 1144 1106 1193 ATTICO
1139 1144 1185 1186 S.
1635 1140 1664 1182 9

178 1205 362 1259 BINAE
396 1231 483 1258 uno
504 1216 575 1257 die
597 1215 704 1257 mihi
726 1216 881 1257 litterae
912 1214 966 1256 ab
990 1213 1194 1265 Octavio,
1215 1227 1331 1254 nunc
1364 1211 1555 1268 quidem,
1578 1220 1627 1253 ut

178 1274 368 1319 Romam
401 1274 547 1316 statim
581 1274 779 1316 veniam:
812 1272 919 1315 velle
941 1286 985 1313 se
1020 1286 1109 1312 rem
1145 1285 1273 1327 agere
1306 1285 1381 1327 per
1413 1280 1625 1311 senatum.

172 1334 246 1375 cui
275 1347 375 1390 ego,
399 1347 487 1374 non
520 1346 644 1388 posse
675 1341 872 1374 senatum
902 1339 1002 1371 ante
1036 1328 1133 1370 Kal.
1164 1329 1267 1371 Jan.
1303 1328 1419 1384 quod
1438 1327 1628 1384 >quidem

177 1391 241 1433 ita
272 1391 416 1432 credo.
448 1390 518 1431 ille
551 1399 695 1431 autem
730 1390 866 1440 addit,
899 1386 1065 1430 consilio
1099 1394 1182 1428 tuo.
1214 1386 1319 1442 quid
1351 1386 1514 1428 multa?
1558 1384 1628 1426 ille

176 1458 329 1504 urgetz
361 1462 445 1504 ego
467 1456 612 1490 autem
635 1451 840 1500 σκέπτομαι.
873 1460 960 1487 non
984 1445 1160 1487 confido
1184 1445 1320 1486 aetati.
1352 1444 1522 1500 ignoro,
1541 1457 1629 1499 quo

179 1507 352 1549 auimo:
384 1506 446 1547 nil
475 1506 566 1547 sine
599 1504 742 1547 Pansa
775 1514 850 1545 tuo
881 1504 996 1545 volo.
1029 1517 1193 1553 vercor,
1225 1516 1279 1542 ne
1310 1503 1453 1544 valeat
1485 1500 1629 1542 Anto-

175 1564 300 1606 nius:
333 1578 413 1605 nec
441 1579 467 1605 a
488 1562 596 1605 mari
628 1561 848 1603 discedere
883 1560 1014 1604 libet:
1051 1571 1095 1601 et
1117 1569 1280 1610 metuO,
1302 1574 1356 1600 ne
1379 1573 1477 1614 quae
1499 1562 1630 1615 οἱςιςείω

174 1636 246 1662 me
284 1622 476 1664 absente.
536 1619 722 1661 Varroni
758 1619 933 1675 quidem
969 1618 1170 1675 displicet
1209 1617 1438 1659 consilium
1478 1616 1625 1673 pueri;

176 1678 286 1720 mihi
309 1694 412 1720 non.
445 1678 590 1720 firmas
618 1677 767 1734 copias
793 1677 949 1719 habet:
983 1676 1170 1718 Brutum
1203 1674 1363 1716 habere
1383 1682 1551 1732 potest:
1584 1682 1629 1714 et

177 1752 268 1783 rem
287 1738 401 1794 gerit
423 1736 580 1793 palam.
603 1735 820 1777 centuriat
839 1734 1032 1791 Capuae3
1063 1736 1104 1769 73
1117 1733 1377 1775 dinumerat.
1401 1732 1498 1788 jam
1512 1731 1629 1787 jam·
1641 1742 1673 1773 p·
1690 1736 1765 1766 258·

178 1809 263 1850 que
298 1795 423 1836 video
464 1793 640 1835 bellum.
676 1792 731 1834 ad
766 1793 863 1834 haec
900 1792 1102 1834 rescribe.
1159 1789 1453 1832 Tabellarium
1485 1786 1673 1832 meuma·

182 1852 367 1895 Kalend.
393 1851 537 1894 Roma
557 1850 820 1909 profectum,
841 1850 934 1892 sine
956 1850 1041 1892 tuis
1061 1849 1234 1902 litteris,
1255 1849 1404 1891 miror.

617 1956 856 2001 CICERO
887 1955 1119 1999 ATTICO
1150 1955 1196 1997 S.
1655 1954 1710 1992 10

180 2020 223 2052 ⁷4
245 2016 531 2070 SEPTIMO
553 2026 622 2069 Id.
649 2027 744 2070 veni
773 2026 829 2068 ad
860 2026 996 2067 mein
1020 2025 1345 2067 Sinuessanum.
1377 2022 1532 2065 eodem
1563 2022 1635 2065 die

180 2088 313 2143 vulgo
346 2085 649 2142 loquebantur,
672 2083 915 2126 Antonium
937 2097 1188 2125 mansurum
1209 2096 1301 2124 esse
1324 2080 1521 2123 Casilini.
1552 2081 1636 2122 ita-

180 2159 266 2201 que
302 2144 468 2186 mutavi
503 2143 748 2185 consilium.
788 2141 1023 2184 statueram
1053 2141 1170 2183 enim
1209 2149 1328 2182 recta
1359 2138 1506 2195 Appia
1541 2138 1636 2180 Ro-

182 2216 314 2246 mam.
347 2201 474 2243 facile
498 2216 578 2243 *me
610 2200 680 2243 ille
701 2211 814 2242 esset
845 2208 1082 2242 assecutus.
1114 2200 1238 2241 aiunt
1269 2198 1385 2240 enim
1408 2211 1509 2238 eum
1534 2196 1635 2238 Cae-

184 2260 325 2301 sarina
349 2260 412 2300 uti
443 2258 677 2300 celeritate.
710 2258 818 2300 verti
848 2258 984 2313 igitur
1003 2271 1074 2298 me
1095 2272 1121 2298 a
1153 2255 1395 2310 Minturnis
1416 2253 1635 2311 Arpinum

185 2332 345 2359 versus.
377 2317 704 2369 constitueram,
724 2324 773 2358 ut
797 2329 852 2357 11.
877 2315 980 2357 [dus
1002 2323 1078 2356 aut
1106 2313 1272 2373 Aquini
1302 2315 1537 2364 manerem,
1560 2321 1637 2354 aut

185 2376 230 2417 in
264 2375 457 2417 Arcano.
486 2388 619 2426 nunc,
642 2374 702 2415 mi
734 2372 899 2426 Attice,
929 2382 1023 2414 tota
1054 2383 1200 2416 mente
1222 2371 1427 2413 incumbe
1449 2370 1494 2412 in
1521 2371 1636 2411 hanc

185 2448 349 2475 curam.
380 2447 541 2489 magna
574 2431 691 2473 enim
727 2446 793 2472 res
826 2439 906 2473 est.
937 2430 1020 2472 tria
1049 2439 1150 2471 sunt
1188 2438 1349 2480 autem,
1382 2442 1637 2470 maneamne

186 2489 359 2547 Arpini,
384 2506 437 2532 an
461 2488 639 2547 propius
662 2489 880 2540 accedam,
902 2503 955 2530 an
980 2488 1150 2530 veniam
1174 2487 1378 2528 Romam.
1399 2486 1516 2542 quod
1536 2500 1638 2528 cen-

189 2548 338 2601 sueris,
361 2547 534 2590 faciam.
566 2547 639 2588 sed
675 2547 1022 2603 quamprimum:
1055 2545 1181 2589 avide
1216 2552 1426 2602 exspecto
1449 2554 1544 2588 tuas
1565 2544 1639 2585 lit-

189 2615 318 2648 teras.
351 2620 400 2647 vx
425 2605 528 2647 Idus
549 2619 678 2647 mane
700 2606 745 2647 in
767 2605 1046 2646 Smuessano.
1318 2626 1319 2629 =

227 2756 269 2787 73
293 2751 497 2792 dinumerat]
523 2763 554 2784 ν.
571 2753 665 2785 Clav.
934 2751 1057 2783 lendas.
1100 2750 1206 2782 Vetus
1221 2750 1365 2787 restitui,
1378 2752 1418 2783 ut
1432 2752 1467 2780 et
1484 2747 1641 2779 Aleman-

229 2798 272 2830 74
294 2795 439 2836 Septimo
455 2794 526 2835 Id.]
553 2795 669 2827 Hicin
689 2805 754 2826 scr.
769 2798 804 2826 et
819 2795 892 2825 edd.
938 2804 1000 2825 nus
1022 2794 1114 2831 fecit,
1130 2794 1187 2833 qui
1202 2794 1248 2824 sic
1271 2793 1305 2824 in
1320 2792 1400 2823 Mss.
1423 2790 1526 2822 Paris.
1548 2801 1641 2831 repe-

190 2847 314 2878 xuagna
330 2838 469 2868 varietas
482 2842 545 2869 est.
579 2838 642 2868 Sed
659 2838 733 2870 edd.
750 2838 895 2877 anti-qui-
939 2837 984 2868 rit
998 2849 1005 2867 ι
1030 2837 1111 2867 item
1130 2836 1187 2867 ille
1200 2836 1279 2868 VII.
1294 2834 1384 2866 dedit
1397 2844 1455 2875 pro
1470 2834 1529 2866 VI.
1547 2834 1642 2866 bene.

189 2891 276 2918 ores,
298 2890 371 2920 quae
394 2884 523 2921 partem
546 2881 668 2911 mensis
689 2880 895 2922 exprimunt,
940 2885 1124 2919 utrumque
1144 2879 1249 2915 etiam
1270 2888 1322 2912 res
1345 2878 1471 2918 firmat,
1493 2887 1540 2910 sc.
1562 2877 1641 2909 sub-

190 2923 318 2957 habent
338 2923 433 2958 Idus.
456 2922 576 2957 Bosius
597 2924 743 2958 mutavit
765 2923 801 2956 in
824 2922 898 2959 Ka„
942 2922 1091 2962 scriptio.

885 2971 1016 3008 31<4
