1940 3231
272 142 350 176 638
692 138 878 177 EPIST.
905 137 984 176 AD
1010 138 1293 184 ATTICUM,

269 242 338 283 die
371 241 483 294 dedi,
505 256 592 298 quo
626 241 702 284 has
734 242 789 284 ad
822 250 879 284 te.
911 257 996 284 non
1033 244 1155 300 potui
1181 258 1267 284 non
1289 243 1404 294 dare,
1427 258 1526 286 cum
1547 254 1591 287 et
1612 248 1705 304 ipse

208 315 211 317 “
267 300 321 340 ad
355 314 422 340 me
454 301 707 356 scripsisset,
729 310 771 341 et
800 299 975 342 Balbus,
1003 315 1147 342 earum
1179 301 1425 356 exemplum
1449 303 1499 343 ad
1525 311 1567 343 te
1588 305 1700 346 misi.

248 355 391 397 ‘Nihil
424 357 607 399 arbitror
640 358 745 408 fore,
768 358 879 412 quod
917 358 1215 413 reprehendas.
1245 359 1278 399 si
1311 373 1396 413 qua
1428 370 1566 410 eruut,
1596 360 1704 402 doce

265 427 349 464 me,
371 429 456 469 quo
491 415 619 455 modo
651 429 701 454 ea
732 413 922 469 effugere
955 415 1129 469 possim.
1191 415 1329 465 Nihil,
1357 415 1539 470 inquies,
1563 417 1703 458 omni-

264 483 321 510 no
346 472 578 525 scripseris.
601 471 675 525 qui
706 470 844 526 tnagis
875 469 1058 525 effugias
1089 486 1176 521 eos,
1199 473 1305 527 7qui
1331 473 1475 513 volent
1507 474 1701 528 fingere?

265 540 557 567 verumtamen
598 529 658 567 ita
689 525 863 577 faciam,
895 527 1038 582 quoad
1077 529 1168 569 fieri
1201 530 1376 583 poterit.
1442 529 1553 570 Nam
1582 532 1699 585 quod

263 598 332 624 me
356 585 536 624 hortaris
566 584 617 624 ad
653 583 903 624 memoriam
938 583 1165 636 factorum,
1188 586 1417 636 dictorum,
1440 587 1699 642 scriptorum

262 641 392 681 etiam
426 655 645 691 meorum3
678 639 784 680 facis
817 640 954 682 amice
985 651 1030 682 tu
1065 642 1254 696 quidem,
1282 643 1475 697 mihique
1507 644 1700 699 gratissi-

261 712 405 738 mum:
439 698 510 738 sed
543 697 649 738 mihi
675 697 829 737 videris
860 696 974 739 aliud
1008 707 1052 739 tu
1086 699 1310 740 honestum
1342 714 1495 754 meque
1517 702 1698 756 dignum

263 755 304 794 in
330 754 410 794 hac
441 769 569 795 causa
592 754 805 809 judicare,
827 764 955 809 atque
979 769 1061 810 ego
1084 756 1344 797 existimem.
1368 757 1472 797 mihi
1497 759 1610 798 enim
1634 758 1701 799 ni-

261 810 322 850 hil
357 810 440 851 ulla
473 812 515 851 in
554 820 682 866 gente
714 826 931 867 umquam,
953 812 1007 852 ab
1040 811 1124 852 ullo
1157 823 1332 854 auctore
1366 814 1614 868 reipublicae
1648 830 1698 856 ac

261 868 385 918 (luce,
421 869 584 924 turpius
621 867 783 908 factum
817 882 908 909 esse
944 869 1127 919 videtur,
1157 884 1285 925 quam
1319 885 1344 910 a
1379 881 1523 911 nostro
1556 872 1698 913 amico

264 924 424 966 sactum
448 936 536 966 est:
570 925 694 979 cujus
717 939 798 980 ego
822 925 958 966 vicem
991 925 1140 966 doleo:
1171 927 1244 981 qui
1276 927 1422 966 urbem
1449 928 1632 982 reliquit,
1654 930 1698 970 id
1724 963 1732 970 .

260 991 326 1022 cst
350 982 557 1037 patriam3
583 997 659 1037 pro
683 997 766 1037 qua
787 991 829 1022 et
854 983 893 1023 in
918 997 1003 1037 qua
1027 981 1134 1023 mori
1159 982 1409 1038 praeclarum
1434 984 1531 1024 fuit.
1564 984 1697 1040 Igno-

262 1053 354 1079 rarc
377 1039 482 1079 mi'ni
501 1039 671 1089 videris,
691 1039 784 1080 haec
803 1050 965 1094 quanta
986 1040 1040 1080 sit
1062 1038 1219 1082 clades.
1235 1053 1278 1080 es
1300 1041 1412 1080 enim
1434 1041 1563 1082 etiam
1585 1048 1698 1084 nunc

261 1095 377 1136 domi
413 1106 514 1137 tuae.
538 1096 659 1147 8sed,
693 1096 840 1137 invitis
869 1095 1166 1152 perditissimis
1201 1097 1463 1146 bominibus,
1484 1112 1575 1153 esse
1602 1099 1697 1140 diu-

262 1152 346 1193 tius
380 1167 466 1193 non
500 1163 636 1209 potes.
671 1153 753 1194 hoc
786 1154 995 1204 miserius,
1025 1154 1107 1196 hoc
1141 1153 1306 1210 turpius
1329 1154 1594 1210 quidquam?
1626 1171 1698 1197 va-

262 1225 414 1266 gamur
437 1222 611 1266 egentes
630 1225 728 1252 cum
749 1210 1009 1266 conjugibus
1032 1220 1075 1252 et
1098 1211 1258 1252 liberis.
1282 1211 1323 1251 in
1345 1211 1469 1252 unius
1492 1211 1694 1263 hominis,

117 1269 492 1332 'P‚119,quotannis
527 1267 764 1324 periculose
798 1268 1065 1323 aegrotantis,
1087 1268 1231 1309 anima
1265 1269 1426 1324 positas
1449 1283 1597 1310 omnes
1620 1284 1696 1311 no-

218 1334 369 1365 a-stras
403 1340 497 1381 spes
531 1326 752 1377 habemus,
776 1330 896 1366 91ion
934 1325 1118 1381 expulsi,
1152 1325 1226 1366 sed
1261 1326 1428 1366 evocati
1468 1341 1491 1366 e
1530 1327 1693 1382 patria3

261 1396 388 1438 quam
412 1397 496 1422 non
523 1383 771 1423 servandam
795 1382 847 1423 ad
870 1382 1055 1423 reditum
1079 1392 1287 1434 nostrum,
1312 1383 1381 1423 sed
1408 1383 1694 1439 diripiendam

259 1448 303 1479 et
326 1440 673 1480 inflammandam
702 1439 967 1494 reliquimus,
991 1440 1050 1480 ita
1072 1439 1195 1480 multi
1220 1440 1445 1480 nobiscum
1471 1450 1583 1491 sunt,
1607 1455 1693 1481 non

258 1497 301 1537 in
327 1497 597 1547 suburbanis,
619 1512 702 1537 non
724 1497 767 1537 in
790 1497 942 1547 hortis,
969 1499 1100 1537 ¹0non
1121 1497 1164 1537 in
1190 1497 1282 1553 ipsa
1305 1498 1434 1538 urbe:
1458 1507 1500 1538 et
1523 1498 1554 1538 si
1579 1513 1698 1539 nunc

259 1563 372 1604 sunt,
397 1568 479 1594 non
516 1564 654 1596 erunt.
690 1569 765 1594 nos
800 1554 975 1604 interea,
999 1568 1052 1595 ne
1087 1554 1250 1609 Capuae
1285 1554 1473 1608 quidem,
1498 1555 1569 1596 sed
1609 1555 1693 1596 Lu-

255 1611 404 1653 ceriae:
437 1621 479 1651 et
501 1626 619 1652 oram
643 1612 814 1666 quidem
840 1611 1097 1652 maritimam
1114 1611 1205 1666 jam
1231 1610 1543 1665 relinquemus3
1565 1611 1692 1653 Afra-

257 1670 373 1709 nium
406 1669 771 1723 exspectabimus,
801 1677 844 1708 et
879 1667 1111 1709 Petreium.
1143 1682 1241 1708 nam
1269 1669 1358 1708 llin
1393 1668 1584 1709 Labieno
1617 1684 1691 1725 pa-

255 1740 347 1765 rum
373 1736 438 1765 est
460 1726 699 1780 dignitatis.
752 1727 787 1755 ¹²2
805 1725 890 1766 Hic
916 1734 959 1766 tu
986 1727 1025 1765 in
1053 1740 1119 1766 ine
1142 1724 1270 1775 illud;
1301 1725 1389 1775 des,
1414 1725 1455 1765 id
1479 1725 1602 1767 feras.
1626 1727 1691 1766 ni-

252 1781 389 1823 hilde
412 1797 480 1823 me
502 1783 625 1834 dico;
656 1782 727 1823 alii
753 1782 951 1823 viderint.
1014 1782 1101 1823 Hic
1123 1782 1296 1836 quidem
1320 1797 1416 1836 quac
1445 1785 1540 1823 est?
1571 1783 1689 1824 domi

252 1848 406 1880 vestrae
435 1840 550 1889 estis,
581 1850 623 1880 et
652 1839 769 1880 eritis
808 1854 956 1880 omnes
992 1840 1110 1881 boni.
1135 1839 1231 1894 quis
1266 1849 1356 1879 tuni
1392 1853 1435 1879 sc
1460 1839 1565 1879 mihi
1600 1855 1685 1880 non

252 1897 469 1938 ostendit?
501 1897 596 1951 quis
619 1911 733 1937 nunc
754 1897 874 1938 adest
899 1897 982 1937 hoc
1015 1897 1154 1937 bello?
1186 1896 1246 1936 sic
1278 1897 1392 1937 enim
1417 1896 1511 1951 jam
1543 1897 1690 1953 appel-

250 1954 425 1995 landum
459 1963 539 1995 est.
598 1953 778 1995 Vibullii
815 1961 879 1994 res
914 1963 1048 2009 gestae
1083 1962 1183 1993 sunt
1216 1953 1356 1994 adhuc
1390 1953 1609 1994 maximae.
1646 1955 1687 1995 id

253 2014 290 2041 ¹3
304 2026 359 2052 ex
385 2010 582 2066 Pompeii
616 2010 768 2052 litteris
803 2025 1067 2066 cognosces:
1101 2011 1144 2050 in
1167 2010 1322 2065 quibus
1356 2010 1689 2052 animadvertito

250 2067 369 2109 illum
403 2067 559 2118 Iocum,
583 2068 655 2109 ubi
690 2068 772 2108 erit
803 2071 917 2111 διπλῖ.
951 2067 1132 2118 videbis,
1163 2068 1217 2108 de
1252 2068 1388 2108 Cnaeo
1422 2077 1570 2108 nostro
1598 2068 1690 2123 ipse

249 2124 463 2166 Vibullius
486 2125 588 2181 quid
620 2125 855 2166 existimet.
916 2124 1017 2171 Quo
1050 2124 1183 2181 igitur
1212 2125 1305 2166 haec
1328 2133 1495 2180 spectat
1519 2127 1686 2168 oratio?

211 2293 219 2297 ,
290 2261 309 2290 7
333 2258 388 2296 qui
409 2258 515 2287 volent
529 2255 679 2297 fingere]
707 2256 759 2287 De
782 2265 848 2293 me,
871 2264 945 2294 quae
989 2255 1126 2286 vitiosus
1142 2260 1176 2286 et
1190 2256 1357 2286 obscurus.
1576 2290 1579 2292 q

249 2301 403 2335 sentiam,
417 2299 564 2330 dixerim.
1034 2301 1044 2327 l
1057 2300 1067 2327 l
1087 2299 1123 2328 in
1141 2298 1283 2329 Labieno
1292 2307 1419 2337 parum
1433 2301 1479 2326 est
1494 2297 1681 2337 dignitatis]

291 2345 309 2372 8
331 2343 396 2377 sed,
417 2342 529 2372 invitis
547 2352 583 2382 p.
604 2341 796 2377 hominihus,
819 2350 847 2370 e.
863 2340 895 2369 d.
909 2349 944 2370 n.
989 2340 1127 2379 Opinor,
1144 2341 1220 2379 quia
1241 2340 1414 2378 transfuga
1435 2344 1518 2370 erat.
1542 2349 1572 2370 v.
1588 2349 1685 2380 supra

208 2413 213 2418 ,
241 2383 295 2424 p.]
314 2384 414 2414 Venit
436 2383 518 2414 mihi
540 2385 576 2414 in
600 2388 747 2414 mentem
762 2387 820 2413 aut
835 2382 947 2421 legen·
988 2381 1068 2418 vll,
1086 2384 1134 2412 ll.

247 2426 345 2455 dum:
369 2426 436 2462 sed,
452 2427 515 2456 m'si
536 2427 604 2457 inv.
629 2431 687 2457 aut
710 2431 783 2466 post
805 2425 944 2455 homini·
1035 2426 1070 2454 12
1095 2424 1163 2455 Hic
1177 2428 1214 2454 tu
1228 2425 1263 2454 in
1277 2433 1328 2453 me
1341 2423 1428 2453 illud
1446 2423 1523 2463 &e.]
1550 2423 1614 2454 Hic
1637 2422 1684 2453 lo-

249 2468 305 2497 bus
320 2468 633 2507 interpungendum.
649 2477 716 2499 non
731 2472 805 2507 post
818 2471 894 2497 tuae.
988 2475 1045 2496 cus
1061 2467 1197 2497 vitiosus
1219 2471 1282 2502 est,
1298 2472 1338 2495 ut
1360 2475 1473 2495 omnes
1490 2465 1608 2495 videre.
1625 2474 1684 2495 nec

289 2513 309 2542 9
331 2519 394 2539 non
409 2512 546 2549 expulsi,
562 2512 618 2541 sed
632 2509 767 2549 evocati]
793 2508 882 2540 Illud
903 2509 943 2540 ad
986 2513 1037 2539 est
1052 2514 1143 2541 certa
1158 2508 1330 2539 medicina.
1365 2507 1507 2538 Videant
1522 2508 1682 2545 interpre—

210 2551 214 2554 ’
248 2551 424 2589 Caesnrem,
440 2551 501 2582 hoc
518 2552 558 2582 ad
581 2551 772 2592 Pompeium
788 2551 943 2591 pertinet.
986 2555 1048 2588 tes,
1063 2552 1117 2590 qui
1142 2550 1257 2581 velint.
1300 2549 1495 2580 Tunstauus
1518 2559 1550 2588 p.
1568 2549 1619 2579 63.
1637 2550 1682 2578 sic

292 2596 330 2623 10
345 2603 407 2623 non
422 2595 457 2623 in
470 2595 540 2632 ipsa
554 2595 647 2635 urbe]
665 2595 745 2624 urbe
760 2594 850 2624 abest
863 2593 943 2624 Mss.
985 2593 1140 2632 corrigit:
1166 2593 1234 2623 Hic
1262 2596 1299 2621 tu
1319 2593 1354 2621 in
1375 2601 1427 2622 me
1453 2591 1678 2630 (dignum-em·

245 2635 452 2674 quibusdam,
474 2636 554 2666 item
577 2637 625 2667 ed.
650 2637 746 2668 Rom.
761 2636 847 2666 vict.
863 2636 943 2666 Jen-
986 2635 1158 2666 desideras.
1203 2634 1296 2665 Illud
1309 2635 1375 2670 des,
1389 2632 1545 2672 idseras.
1561 2633 1681 2663 deside-

246 2687 346 2708 sonus
361 2679 485 2718 primus
499 2677 612 2715 edidit,
627 2684 661 2708 et
686 2682 759 2718 post
773 2687 848 2708 eum
872 2687 942 2708 om-
984 2686 1041 2707 ras
1064 2677 1218 2707 excidisse
1244 2680 1342 2716 putat
1364 2675 1405 2705 ob
1430 2675 1680 2705 similitudinem

246 2729 303 2751 nes
319 2719 359 2750 ad
374 2719 567 2751 Victor-ium.
582 2720 698 2750 urbem
711 2719 862 2759 intellige
879 2720 942 2750 Ca·
984 2719 1203 2758 sequentium,
1227 2719 1292 2754 des,
1308 2717 1343 2746 z’d
1353 2716 1465 2756 seras.
1489 2727 1565 2747 mox
1580 2729 1586 2747 ε
1611 2718 1681 2757 quis

245 2771 357 2801 puam.
402 2761 464 2792 Sed
487 2771 554 2792 non
580 2766 735 2792 constant
759 2761 820 2791 sibi
845 2761 938 2791 haec:
982 2762 1071 2792 istim
1085 2771 1118 2791 se
1133 2761 1213 2792 mihi
1228 2769 1315 2790 nunc
1329 2760 1469 2789 ostendet
1485 2760 1502 2788 ?

244 2806 341 2834 'ruelii
356 2806 518 2835 nobiscum
540 2808 692 2835 sunt—et
704 2804 731 2834 si
744 2812 833 2833 nunc
850 2807 939 2834 sunt.
1028 2806 1065 2833 13
1087 2813 1128 2833 επ·
1154 2802 1303 2843 Pompeii
1326 2801 1441 2842 literis]
1469 2801 1532 2833 Eas
1554 2800 1685 2841 adjece-

228 2848 295 2876 ·An
312 2856 374 2877 non
409 2846 529 2878 excidit
561 2847 596 2877 in
627 2846 762 2887 primo?
793 2846 843 2876 ita
876 2855 941 2876 non
984 2849 1036 2878 rat
1050 2845 1128 2877 suis.

241 2890 338 2920 mulli
356 2899 388 2919 η.
405 2894 493 2922 sunt.
537 2888 602 2921 Sed
625 2889 761 2921 omnino
785 2887 875 2920 locus
890 2894 939 2920 est
