1940 3231
710 133 928 175 LIBER
973 134 1025 172 X.

1518 137 1594 176 697

146 259 189 286 sc
213 252 474 301 putaverunt
503 242 723 286 licentiam
755 241 1049 297 cupiditatum
1078 251 1275 279 suarum:
1307 251 1490 291 quorum
1526 252 1595 279 so-

145 304 314 344 cietatis
351 312 394 343 et
417 302 634 342 sceleratae
656 298 954 341 consensionis
990 296 1093 337 fides
1115 311 1201 351 quo
1224 295 1427 350 eruperit,
1460 296 1594 336 vides.

145 361 252 402 ulter
274 360 395 401 ardet
417 360 560 400 furore
581 368 624 399 et
643 357 815 407 scelere,
833 370 912 396 nec
936 354 1118 395 remittit
1140 352 1319 408 aliquid,
1341 351 1414 392 sed
1438 352 1479 392 in
1504 352 1594 393 dies

146 418 434 475 ingravescit:
469 416 597 457 modo
632 414 760 455 Italia
791 413 986 470 expulit:
1020 426 1136 453 nunc
1171 411 1254 452 alia
1275 424 1329 450 ex
1355 418 1477 465 parte
1500 423 1595 464 per-

149 476 285 531 sequi,
308 478 344 507 21
361 485 403 515 et
426 473 509 514 alia
538 473 764 529 provincia
794 471 1038 528 exspoliare
1069 479 1277 511 conatur:
1312 466 1501 521 nec-jam
1534 480 1598 506 re-

147 543 286 584 cusat,
319 533 391 573 sed
420 531 606 586 quodam
645 530 775 571 modo
808 528 1012 586 postulat,
1042 537 1105 579 ut,
1128 525 1496 582 quemadmodum
1519 532 1599 575 est,

149 592 210 632 sic
232 591 361 631 etiam
381 589 635 644 appelletur,
660 600 882 644 tyrannus.
915 587 1035 636 alter,
1058 586 1108 637 is,
1139 585 1213 640 qui
1248 599 1323 625 nos
1355 582 1437 624 sibi
1460 596 1599 637 quon-

147 649 245 690 dam
271 647 321 688 ad
348 646 478 702 pedes
512 656 669 687 stratos
703 661 757 687 ne
790 645 1045 687 sublevabat
1079 643 1270 699 quidem,
1305 641 1379 697 qui
1415 655 1458 681 se
1491 639 1600 681 nihil

147 714 299 747 contra
322 704 451 759 hujus
480 704 746 745 voluntatem
773 705 916 744 aiebat
950 702 1092 743 facere
1117 715 1256 758 posse,
1278 700 1447 755 elapsus
1475 712 1498 740 e
1531 712 1602 738 so-

147 762 233 804 ceri
267 763 467 802 manibus
495 778 545 803 ac
568 762 696 814 ferro,
720 761 876 803 bellum
903 771 1014 800 terra
1036 774 1084 800 ac
1117 759 1224 800 mari
1248 765 1488 812 comparat,
1513 770 1600 796 non

149 820 358 875 injustum
397 819 466 860 ille
499 821 690 875 quidem,
714 820 786 860 sed
821 834 919 861 cum
957 820 1091 874 pium,
1116 826 1208 858 tum
1241 816 1371 856 etiam
1408 828 1604 855 necessa-

148 878 276 929 rium,
300 879 385 918 suis
413 890 555 919 tamen
587 879 756 918 civibus
789 876 1029 926 exitiabile,
1053 876 1134 916 nisi
1165 875 1343 924 vicerit3
1378 872 1604 913 calamito-

153 951 263 987 sum,
285 937 455 976 etiamsi
492 937 658 978 vicerit.
691 936 844 976 horum
879 949 962 989 ego
988 947 1255 974 summorum
1291 932 1601 986 imperatorum

151 1008 238 1035 non
264 994 394 1034 modo
427 1009 491 1035 res
515 1004 657 1050 gestas
692 1009 778 1034 non
802 987 1021 1047 antepono
1049 991 1170 1041 meis,
1201 990 1274 1030 sed
1298 1003 1349 1029 ne
1383 988 1604 1029 fortunam

153 1051 331 1107 quidem
364 1053 517 1108 ipsam,
538 1054 676 1106 Cli’qua
697 1051 755 1092 illi
787 1051 1108 1099 florentissima,
1132 1063 1210 1088 nos
1244 1047 1417 1088 duriore
1449 1044 1606 1086 confli-

150 1109 258 1151 ctati
286 1110 497 1151 videmur.
544 1110 654 1156 Quis
677 1110 790 1150 euim
817 1117 975 1165 potest,
998 1117 1074 1148 aut
1094 1107 1263 1147 deserta
1288 1119 1361 1161 pei·
1384 1118 1427 1144 se
1450 1103 1605 1160 patria,

155 1177 231 1208 aut
265 1183 485 1224 oppressa,
517 1168 668 1208 beatus
701 1168 821 1208 esse?
852 1177 895 1207 et
929 1165 978 1215 si,
1013 1174 1059 1205 ut
1081 1180 1159 1205 nos
1187 1178 1212 1204 a
1243 1173 1284 1203 te
1307 1162 1607 1211 admonemur,

154 1235 272 1266 recte
288 1227 331 1266 in
353 1225 432 1265 illis
446 1225 566 1266 libris
583 1225 789 1278 diximus,
804 1223 911 1265 nihil
928 1237 1020 1264 esse
1041 1224 1219 1272 bonum,
1237 1221 1318 1261 nisi
1336 1219 1453 1275 quod
1473 1219 1607 1260 hone-

156 1292 296 1334 stum3
328 1282 436 1323 nihil
455 1283 632 1333 malum,
657 1283 736 1324 nisi
761 1282 873 1338 quod
902 1293 1026 1337 turpe
1050 1282 1132 1322 sit:
1166 1289 1281 1321 certe
1303 1289 1482 1333 uterque
1505 1277 1611 1317 isto-

154 1355 249 1381 rum
274 1351 340 1381 est
369 1341 658 1392 miserrimus3
695 1355 878 1396 quorum
916 1341 1087 1395 utrique
1120 1351 1288 1393 semper
1323 1337 1474 1393 patriae
1498 1334 1612 1375 salus

156 1411 201 1439 et
222 1399 413 1455 dignitas
448 1399 660 1455 posterior
688 1414 763 1440 sua
796 1398 1110 1448 dominatione,
1133 1406 1176 1437 et
1209 1393 1460 1436 domesticis
1494 1407 1614 1434 com-

155 1457 298 1498 modis
322 1456 420 1497 fuit.
482 1456 697 1498 Praeclara
719 1457 854 1513 igitur
875 1455 1144 1497 conscientia
1166 1463 1398 1503 sustentor,
1417 1466 1517 1493 cuin
1541 1465 1615 1492 co-

159 1514 253 1571 gito
280 1529 349 1555 me
370 1514 423 1555 de
456 1515 680 1571 republica
701 1525 774 1555 aut
810 1515 1015 1555 meruisse
1038 1513 1218 1569 optime,
1247 1526 1345 1552 cum
1371 1509 1615 1566 potuerim:

159 1582 234 1614 aut
253 1582 370 1613 certe
383 1575 422 1603 23
434 1587 684 1628 numquam,
704 1573 785 1613 nisi
807 1572 968 1622 divine,
982 1573 1222 1628 cogitasse:
1242 1582 1379 1624 eaque
1395 1568 1490 1624 ipsa
1508 1577 1615 1608 tem·
1629 1592 1660 1623 p.
1680 1583 1751 1615 157.

158 1639 326 1686 pestate
344 1645 536 1671 eversam
554 1645 646 1672 esse
668 1630 997 1687 rempublicam,
1013 1644 1143 1684 quam
1160 1642 1244 1683 ego
1267 1641 1350 1668 ΧΠ·
1372 1626 1495 1667 annis
1514 1633 1614 1667 ante
1627 1636 1658 1657 a.

161 1688 476 1744 prospexerim.
500 1689 582 1730 bac
604 1689 739 1745 igitur
761 1688 1029 1730 conscientia
1052 1686 1212 1729 comite
1235 1684 1502 1742 proficiscar,
1524 1698 1618 1724 nia-

162 1761 252 1801 gno
272 1746 471 1802 equidem
487 1762 586 1788 cum
609 1747 771 1797 dolore,
788 1760 866 1787 nec
887 1755 974 1787 tam
995 1745 1036 1786 id
1053 1753 1230 1801 propter
1248 1757 1332 1794 me,
1349 1751 1425 1783 aut
1444 1753 1621 1798 propter

162 1804 339 1845 fratrem
371 1819 532 1857 meum,
568 1807 806 1860 2’4quorum
836 1804 931 1859 jam
967 1814 1066 1845 acta
1098 1814 1233 1855 aetas3
1272 1815 1401 1857 quam
1443 1808 1622 1857 propter

165 1877 337 1918 pueros,
359 1863 517 1918 quibus
540 1863 759 1904 interdum
783 1862 979 1904 videmur
1003 1871 1208 1917 praestare
1229 1860 1359 1900 etiam
1384 1857 1623 1912 rempubli-

165 1935 261 1961 cam
284 1921 509 1962 debuisse:
542 1935 726 1976 quorum
755 1921 928 1976 quidem
953 1919 1074 1971 alter,
1098 1934 1182 1960 non
1207 1927 1310 1968 tam,
1334 1916 1437 1973 quia
1459 1915 1624 1972 majore

165 1978 329 2034 pietate
360 1988 440 2030 est,
472 1993 540 2020 me
563 1979 820 2020 mirabiliter
858 1978 1108 2030 excruciat,
1139 1976 1265 2028 alter,
1293 1979 1338 2028 (o
1373 1989 1463 2015 rem
1496 1974 1625 2015 mise-

166 2037 286 2078 ram!
320 2036 428 2077 nihil
452 2037 567 2078 enim
589 2037 697 2078 mihi
720 2036 881 2078 accidit
904 2038 945 2077 in
970 2036 1089 2077 omni
1116 2034 1204 2075 vita
1226 2033 1460 2084 acerbius)
1484 2030 1626 2073 indul-

167 2095 318 2149 gentia
348 2094 550 2136 videlicet
576 2105 726 2136 nostra
755 2095 1030 2151 depravatus,
1061 2109 1113 2135 eo
1145 2105 1398 2149 progressus
1428 2099 1509 2142 est,
1538 2104 1626 2145 quo

168 2166 256 2193 non
279 2152 418 2193 audeo
441 2153 610 2203 dicere3
641 2163 685 2194 et
703 2162 912 2209 exspecto
935 2162 1031 2193 tuas
1050 2151 1230 2193 litteras.
1264 2148 1474 2205 scripsisti
1494 2149 1626 2197 enim,

168 2219 211 2250 te
253 2211 515 2268 scripturum
558 2225 650 2251 esse
692 2211 891 2267 plurima,
931 2225 1031 2252 cum
1072 2210 1212 2267 ipsum
1255 2208 1449 2249 vidisses.
1498 2219 1628 2247 omne

211 2371 248 2399 21
275 2373 306 2399 et
323 2370 392 2400 alia
411 2370 586 2409 provincia
601 2369 795 2410 e.1·spoliare]
823 2371 876 2400 Sic

167 2411 248 2442 edit.
263 2412 361 2443 Rom.
382 2423 423 2442 ex
437 2423 502 2452 quo
517 2413 550 2443 in
567 2413 617 2443 ed.
632 2413 724 2443 JenS.
748 2413 877 2443 factum

169 2459 296 2485 temere
311 2465 350 2485 ex
371 2456 441 2485 altra
453 2465 489 2495 p.
515 2466 541 2486 s.
558 2455 646 2495 quod
667 2461 782 2486 tamen
799 2466 877 2486 con-

169 2502 301 2528 stanter
315 2503 482 2528 servatum
499 2504 564 2529 cst.

215 2542 256 2570 22
281 2550 347 2579 (μνη
374 2541 424 2571 illi
443 2541 700 2582 florentissima]
739 2542 880 2572 Videtur

175 2581 229 2612 hic
253 2583 376 2623 aliquid
398 2584 521 2620 deesse,
539 2591 577 2614 ut
599 2586 672 2622 usi;
696 2584 752 2616 sed
775 2585 807 2615 id
830 2585 881 2615 in-

175 2624 284 2664 telligi
314 2631 424 2666 potest
453 2637 470 2656 e
499 2627 699 2668 comflz‘ctati:
735 2633 769 2658 et
794 2628 882 2658 sorte

176 2667 332 2698 consulto
357 2679 425 2699 uno
446 2669 508 2699 hoc
533 2671 633 2700 verbo
656 2680 733 2700 usus
757 2677 820 2707 est,
844 2675 883 2700 ut

179 2719 218 2739 eo
243 2709 313 2751 ipso
333 2711 416 2742 illud
427 2712 672 2753 florentissima
694 2713 883 2744 debilitare-

177 2757 246 2782 tur.

208 2797 263 2842 ¹23
286 2805 471 2836 nunquam,
486 2799 552 2829 uisi
571 2798 692 2836 divine,
707 2798 881 2838 cogitasse]

179 2837 289 2868 durinc
306 2848 420 2869 verum
435 2850 504 2871 esse
527 2841 622 2872 nullo
647 2842 745 2872 modo
760 2847 883 2883 potest.

181 2890 260 2911 nam
275 2890 409 2911 sensum
433 2883 646 2914 commodum
669 2894 738 2915 non
765 2885 885 2915 habere

167 2926 304 2963 potest.
358 2923 446 2955 Nam
485 2925 525 2957 de
559 2926 772 2966 praescientia
807 2937 883 2958 cum

921 2369 1052 2400 Graevio
1068 2368 1224 2409 intelligi,
1242 2368 1387 2398 alienum
1412 2370 1474 2397 est.
1496 2365 1580 2396 bene
1595 2374 1630 2396 se

921 2413 1072 2449 sensisse,
1105 2413 1291 2442 animatum
1328 2410 1428 2440 fuisse
1458 2409 1492 2439 in
1523 2418 1629 2449 remp.

922 2455 1030 2486 dicere,
1047 2456 1130 2486 vult.
1175 2454 1292 2486 Bosius
1316 2453 1420 2491 vidit3
1446 2452 1502 2491 qui
1518 2451 1630 2490 conje-

923 2500 1045 2539 cstpie,
1061 2508 1158 2528 sensu
1175 2498 1321 2537 optime:
1349 2495 1404 2525 sed
1425 2495 1524 2526 nimis
1542 2503 1630 2524 rece-

923 2541 972 2571 dit
988 2552 1007 2572 a
1028 2540 1175 2581 vulgato.
1199 2539 1260 2570 Ed.
1277 2540 1375 2570 Rom.
1399 2538 1501 2569 habet
1516 2539 1555 2568 de
1569 2547 1608 2568 ea
1621 2549 1630 2566 .-

924 2584 981 2614 sed
1003 2585 1050 2615 ita
1066 2584 1183 2614 modus
1203 2581 1371 2623 cogitandi
1389 2591 1457 2612 non
1474 2580 1631 2621 exprimi-

924 2631 993 2658 tur.
1039 2628 1230 2668 Suspicatus
1259 2634 1332 2655 sum
1362 2625 1474 2664 digne,
1503 2624 1555 2654 uti
1578 2632 1632 2652 me

926 2674 1027 2709 atque
1057 2670 1128 2710 ipsa
1157 2669 1296 2708 dignum
1325 2674 1388 2698 est.
1444 2668 1498 2697 Sic
1533 2666 1633 2703 dig-ue

928 2713 1082 2750 laudare,
1099 2713 1198 2752 digne
1213 2711 1344 2753 deflere,
1359 2716 1394 2742 et
1409 2708 1542 2740 similia.

971 2758 1014 2787 24
1035 2766 1172 2796 quorum
1180 2755 1259 2796 jam
1276 2757 1352 2785 acta
1368 2752 1460 2791 setas]
1489 2752 1543 2781 Sic
1557 2749 1631 2780 edd.

927 2808 979 2839 pr.
995 2803 1030 2829 et
1047 2801 1129 2830 Mss.
1145 2798 1280 2829 Graevii.
1295 2800 1373 2827 utut
1387 2806 1407 2826 a
1428 2795 1526 2825 Bosio
1541 2792 1633 2823 addi-

928 2847 1001 2872 tum
1018 2853 1036 2873 e
1058 2843 1140 2874 Mss.
1157 2848 1235 2873 ante
1249 2839 1341 2882 jum.
1359 2839 1387 2871 si
1400 2842 1487 2869 esset
1507 2837 1635 2882 utique!

928 2884 1061 2917 ferrem.
