1940 3231
743 106 949 146 LIBER
990 107 1076 144 vn.
1548 114 1622 152 δίῃ

171 222 347 255 acturus
370 213 464 269 ipse
483 213 555 265 sis,
590 212 766 254 scribas.
800 215 840 246 29
854 211 899 252 Si
928 211 1161 252 scriberem
1197 209 1302 265 ipse,
1324 211 1496 268 longior
1531 215 1623 272 epi-

152 271 283 324 qstha
306 271 482 322 fuisset3
515 271 588 312 sed
611 268 771 312 dictavi
798 278 973 323 propter
995 266 1319 323 lippitudinem.

609 339 844 383 CICERO
877 339 1107 382 ATTICO
1140 339 1184 381 S.

149 402 240 453 ·Α·
270 416 326 458 D.
352 432 400 459 vl
427 416 524 459 Kal.
557 415 683 456 Febr.
708 413 904 470 Capuam
937 413 1115 455 Calibus
1152 413 1444 470 proficiscens,
1465 417 1507 445 30
1521 431 1620 457 cum

169 472 320 516 leviter
343 475 555 532 lippirem,
580 472 655 512 has
687 471 849 512 litteras
871 471 986 513 dedi.
1049 472 1098 513 L.
1123 472 1271 513 Caesar
1295 473 1498 514 mandata
1521 473 1620 514 Cae-

169 531 276 572 saris
299 532 452 573 detulit
475 530 526 570 ad
549 529 807 586 Pompeium
839 545 878 571 a.
898 529 940 570 d.
966 544 1059 571 vl11
1086 528 1184 571 Kal.
1208 545 1306 571 cum
1329 530 1363 572 is
1385 541 1495 572 esset
1519 546 1617 572 cum
1632 553 1662 585 b.

169 589 420 630 consulibus
455 586 636 628 Theani.
673 589 853 643 probata
875 587 1071 629 condi-tio
1102 598 1181 638 est,
1205 588 1275 629 sed
1309 588 1384 639 ita,
1407 598 1454 630 ut
1478 588 1546 630 ille
1568 589 1621 630 de

149 645 222 685 >iis
246 646 431 702 oppidis,
454 659 552 700 quae
576 655 701 686 extra
722 660 841 686 suam
876 645 1145 701 provinciam
1170 646 1488 701 occupavisset,
1513 661 1624 703 prae-

169 702 278 743 sidia
298 703 544 744 deduceret.
579 703 619 744 id
645 703 677 743 si
706 702 894 753 fecisset,
917 717 1169 758 responsum
1193 713 1273 753 est,
1292 704 1343 744 ad
1371 705 1519 745 urbem
1546 719 1623 746 nos

169 760 380 800 redituros
404 775 509 810 esse,
532 769 574 801 et
598 775 686 801 rem
711 775 786 817 per
808 769 1004 801 senatum
1027 759 1320 802 confecturos.
1352 763 1389 792 3¹
1410 776 1535 818 spero
1558 777 1624 803 es-

140 845 145 851 ·
167 830 212 856 se
234 817 277 857 in
300 819 546 874 praesentia,
569 833 718 874 pacem
745 833 821 858 nos
846 817 1017 859 habere.
1051 833 1147 859 nam
1171 829 1214 858 et
1239 818 1359 859 illum
1385 817 1556 870 suroris,
1580 832 1625 861 et

143 874 285 915 ,hune
314 886 510 916 nostrum
544 876 767 931 copiarum
790 876 1091 932 »suppoeniten
1154 875 1231 915 Me
1264 876 1503 932 Pompeius
1540 877 1624 919 Ca-

142 944 301 988 'puam
325 933 471 974 venire
504 933 659 984 voluit,
680 944 724 975 et
762 933 967 989 adjuvare
989 933 1231 975 delectum:
1267 934 1310 975 in
1349 948 1436 989 quo
1475 950 1625 991 parum

165 990 336 1045 prolixe
379 991 642 1046 respondent
684 990 899 1047 Campani
932 990 1093 1032 coloni.
1157 991 1435 1032 Gladiatores
1479 993 1626 1035 Caesa-

166 1048 239 1097 ris,
261 1048 333 1103 qui
368 1047 534 1105 Capuae
566 1057 680 1100 sunt,
703 1049 756 1090 de
787 1048 944 1104 quibus
969 1061 1069 1089 ante
1101 1048 1153 1089 ad
1179 1059 1219 1089 te
1252 1049 1408 1089 falsum
1433 1064 1486 1091 ex
1519 1050 1629 1092 Tor-

164 1106 286 1159 quati
320 1106 472 1147 litteris
505 1106 775 1162 scripseram,
810 1121 911 1146 sane
943 1105 1171 1146 commode
1211 1105 1450 1162 Pompeius
1483 1107 1629 1149 distri-

168 1163 278 1213 buit,
304 1164 427 1205 binos
451 1164 632 1220 singulis
656 1164 851 1220 patribus
882 1162 1158 1204 familiarum.
1191 1165 1231 1194 32
1247 1174 1469 1205 scutorum
1496 1166 1537 1206 in
1564 1166 1628 1207 lu-

132 1235 136 1239 ’
169 1220 226 1261 do
253 1234 331 1262 100
359 1221 561 1263 fuerunt:
593 1221 865 1278 eruptionem
891 1220 1050 1262 facturi
1074 1221 1206 1261 fuisse
1227 1221 1502 1263 dicebantur.
1527 1238 1628 1264 sane

168 1278 355 1320 multum
379 1280 420 1320 in
443 1294 495 1320 eo
518 1279 768 1335 reipublicae
794 1279 1015 1334 provisum
1037 1288 1118 1320 est.
1180 1277 1250 1319 De
1269 1279 1526 1321 mulieribus
1550 1296 1628 1322 no-

132 1367 136 1369 *
168 1336 282 1387 stris,
305 1337 349 1377 in
371 1337 528 1393 quibus
551 1349 616 1378 est
651 1348 725 1378 tua
758 1351 894 1387 soror,
917 1351 1066 1392 quaeso
1092 1335 1251 1387 videas,
1282 1346 1330 1378 ut
1354 1338 1459 1378 satis
1493 1339 1627 1380 hone-

168 1403 283 1434 stum
307 1396 432 1436 nobis
467 1396 537 1445 sit,
571 1409 642 1435 eas
676 1394 832 1436 Romae
866 1409 973 1444 esse,
997 1409 1096 1435 cum
1119 1396 1158 1424 33
1173 1403 1329 1436 ceterae
1367 1395 1452 1436 ulla
1483 1397 1628 1452 digni-

131 1471 136 1475 -
168 1460 258 1492 tate
279 1451 569 1495 discesserint.
602 1453 686 1493 hoc
715 1452 866 1508 scripsi
899 1452 952 1493 ad
975 1467 1061 1503 effi,
1084 1461 1128 1492 et
1157 1452 1210 1493 ad
1244 1453 1452 1509 teipsum
1485 1466 1624 1496 antea.

136 1535 137 1538 =
170 1509 313 1561 velim,
337 1526 406 1552 eas
429 1511 673 1560 cohortere,
696 1520 743 1550 ut
779 1520 967 1561 exeant3
1002 1510 1239 1566 praesertim
1264 1524 1362 1551 cum
1387 1526 1439 1552 ea
1466 1512 1628 1567 praedia

170 1567 212 1607 in
237 1582 312 1609 ora
334 1568 550 1609 maritima
583 1568 835 1618 habeamus,
858 1567 928 1609 cui
961 1582 1044 1623 ego
1078 1581 1283 1624 praesum,
1306 1579 1353 1609 ut
1386 1569 1427 1611 in
1463 1570 1527 1610 his
1550 1585 1629 1626 pro

167 1639 212 1666 re
236 1635 337 1666 nata
360 1640 445 1666 non
480 1626 757 1667 incommode
781 1625 948 1682 possint
980 1639 1087 1666 esse.
1120 1640 1219 1666 nam
1243 1626 1278 1666 si
1309 1627 1410 1681 quid
1440 1625 1627 1668 offendi-

168 1697 279 1734 mus,
302 1684 399 1724 34in
424 1697 583 1740 genero
620 1693 794 1735 nostr03
827 1683 943 1739 quod
977 1683 1153 1738 quidem
1188 1697 1271 1738 ego
1296 1695 1501 1739 praestare
1541 1700 1627 1727 non

168 1741 322 1782 debeo.
355 1742 428 1782 sed
452 1741 504 1782 idv
532 1741 579 1782 fit
601 1741 756 1796 majuS,
780 1741 895 1796 quod
926 1741 1126 1782 mulieres
1152 1752 1310 1783 nostrae
1334 1755 1493 1798 praeter
1515 1754 1630 1784 cete-

169 1813 237 1839 ras
263 1798 417 1841 Romae
454 1809 765 1840 remanserunt.
800 1809 844 1840 tu
881 1799 973 1854 ipse
995 1801 1035 1830 35
1048 1814 1148 1840 cum
1173 1800 1326 1849 Sexto,
1350 1800 1459 1841 scire
1486 1801 1629 1853 velim,

172 1857 276 1912 quid
320 1857 488 1914 cogites
531 1857 584 1898 de
624 1857 841 1907 exeundo,
873 1856 926 1897 de
957 1865 1135 1912 totaque
1171 1871 1215 1898 re
1253 1857 1355 1913 qnid
1389 1859 1627 1902 existimes.

169 1915 369 1969 equidem
397 1929 543 1971 pacem
567 1914 732 1956 hortari
758 1930 844 1955 non
867 1914 1047 1956 desino:
1083 1929 1181 1970 quae
1206 1914 1272 1955 vel
1297 1914 1459 1970 injusta
1482 1917 1629 1959 utilior

169 1982 249 2024 est,
272 1987 400 2028 quam
419 1973 710 2028 justissimum
738 1972 911 2014 bellum.
945 1972 1017 2013 sed
1042 1972 1152 2024 haec,
1175 1982 1223 2014 ut
1247 1972 1334 2013 fors
1359 1972 1520 2016 tulerit.

618 2045 856 2088 CICERO
879 2044 1111 2087 ATTICO
1135 2045 1180 2087 S.
1644 2073 1690 2110 15

174 2100 274 2154 UT
296 2115 350 2155 ab
384 2115 491 2155 urbe
521 2114 714 2166 discessi,
747 2113 913 2155 nullum
948 2113 1091 2156 adhuc
1122 2113 1333 2156 intermisi
1366 2114 1496 2167 diem,
1518 2116 1754 2172 quinp.11„⁰..

168 2170 331 2228 aliquid
355 2172 407 2213 ad
432 2182 474 2214 te
501 2172 742 2214 litterarum
765 2172 937 2214 darem:
969 2186 1058 2214 non
1080 2187 1168 2229 quo
1202 2172 1407 2214 haberem
1443 2180 1666 2231 magno-²¹·

1639 373 1690 409 14

211 2289 252 2322 29
277 2286 315 2317 Si
328 2288 498 2318 scriberem
516 2287 596 2328 ipse]
629 2288 652 2319 i.
669 2288 695 2319 si
714 2288 784 2329 ipse
799 2297 874 2328 pos-
917 2290 1063 2318 veterem
1079 2286 1256 2319 lectionem
1273 2297 1331 2328 pro
1341 2287 1535 2320 Victoriana
1547 2299 1626 2320 con-

167 2338 237 2360 sen·-
264 2330 416 2361 scribere.
445 2330 531 2361 forte
557 2336 672 2362 tamen
696 2330 873 2371 legendum
910 2330 1054 2369 jectura,
1076 2335 1273 2361 secutorum.
1290 2335 1343 2361 tot
1367 2331 1566 2371 gladiatores
1590 2333 1629 2363 in

165 2373 195 2402 εἰ
222 2373 420 2413 scripsissem
452 2374 531 2413 ipse,
561 2379 698 2415 propter
734 2383 874 2413 sequens

155 2413 284 2454 suisset
297 2422 331 2445 et
346 2416 482 2446 dictavi.

212 2460 254 2489 30
276 2468 353 2488 cum
377 2459 493 2489 leviter
517 2459 686 2500 lippirem]
719 2459 773 2489 Sic
795 2458 872 2490 libri

167 2500 384 2541 antiqui‘edd.
403 2506 437 2532 et
452 2511 514 2532 scr.
530 2502 712 2532 Lambinus
727 2512 745 2532 e
759 2511 873 2532 eorm-¹

168 2549 228 2582 pta
262 2544 426 2584 scriptura
462 2544 605 2575 duorum
647 2544 752 2575 Codd.
793 2545 874 2575 fecit

158 2584 324 2625 fluenter,
340 2586 427 2627 quod
448 2587 567 2618 Bosius
583 2593 617 2618 et
639 2588 802 2618 Gruterus
825 2597 874 2618 se-

169 2629 239 2675 cuti
260 2634 352 2660 sunt.
375 2629 408 2660 id
433 2630 571 2661 verbum
593 2636 644 2661 est
667 2641 721 2671 ap.
750 2630 874 2673 Lucref

171 2674 272 2701 num.

213 2714 251 2742 31
275 2722 367 2752 spero
380 2723 445 2744 esse
456 2714 491 2745 in
501 2714 696 2755 proesentz'a]
714 2714 788 2745 Hoc
804 2715 874 2746 sine

108 2780 112 2785 .
168 2753 270 2784 dubio
293 2756 461 2788 vitiosum.
506 2757 674 2788 Victorius
697 2764 732 2790 et
746 2758 802 2789 alii
825 2763 873 2789 et-

169 2797 240 2826 iam
267 2796 408 2836 edidere,
431 2798 471 2830 de
494 2801 702 2840 conjectura,
731 2800 818 2841 quod
840 2807 874 2832 et

170 2839 320 2869 Graevius
336 2847 468 2872 secutus
481 2849 543 2872 est.
567 2843 682 2874 malim
698 2845 775 2884 ipse.

212 2883 256 2914 32
279 2887 444 2915 scutorum
469 2885 505 2918 in
528 2886 603 2917 ludo
626 2886 702 2927 &c.]
729 2886 873 2928 Reposui

917 2382 985 2403 uno
1003 2371 1162 2418 ludqesse
1175 2383 1242 2404 non
1258 2378 1414 2414 potuere:
1439 2382 1625 2412 scutorum,

918 2415 1141 2454 gladiatorum
1168 2421 1246 2447 ante
1275 2416 1402 2447 mentio
1424 2418 1567 2458 estsqui
1590 2418 1627 2450 in

917 2459 1120 2498 emptionem
1121 2457 1260 2499 facturi
1275 2458 1496 2499 intelligendi.

960 2503 1000 2532 33
1024 2506 1137 2532 ceteroe
1148 2503 1221 2532 ulla
1235 2502 1413 2541 dignitate]
1433 2502 1578 2534 Feminae
1590 2504 1626 2535 in

917 2544 1036 2583 quibus
1052 2544 1226 2584 quicquam
1245 2544 1418 2583 dignitatis
1434 2551 1531 2576 esset.

959 2588 1002 2616 34
1021 2587 1058 2616 in
1071 2596 1194 2625 genero
1209 2587 1331 2627 nostro]
1366 2587 1574 2620 Offendimus
1590 2589 1627 2620 in

917 2628 1105 2665 Dolabella,
1123 2630 1323 2661 Caesariano.
1348 2640 1387 2660 ea
1409 2630 1546 2661 offensio
1567 2642 1624 2662 au·

918 2672 1072 2711 gebatur,
1088 2673 1176 2712 quod
1191 2673 1367 2703 credebant
1387 2671 1551 2710 homines,
1569 2674 1625 2704 Ci-

918 2723 1074 2745 ceronem
1102 2715 1188 2746 clam
1223 2725 1298 2745 cum
1339 2716 1468 2746 Caesare
1504 2716 1626 2752 facere,

917 2757 995 2797 quia
1024 2767 1108 2788 uxor
1131 2759 1200 2797 ejus
1227 2763 1261 2788 et
1284 2757 1353 2788 filia
1376 2758 1492 2789 Romae
1515 2767 1627 2788 mane.

920 2800 1013 2836 bant,
1028 2811 1104 2831 cum
1123 2810 1238 2832 omnes
1253 2800 1328 2832 aliae
1341 2800 1547 2831 honestiores
1562 2799 1626 2831 dis>-

921 2844 1107 2875 cessissent.

962 2888 1002 2918 35
1026 2897 1100 2917 cum
1120 2885 1231 2925 Sexto]
1263 2884 1434 2916 Peducaeo.

865 2935 978 2970 sssl.
