1940 3231
702 141 910 181 LIBER
952 141 1021 177 Vl.
1518 144 1591 180 531

430 304 514 360 M.
550 302 832 358 TULLII
875 299 1308 357 CICERONIS

327 412 1387 483 EPISTOLARUM

835 542 890 568 AD

627 620 674 668 A
703 620 746 668 T
774 620 817 668 T
847 620 872 667 I
901 619 943 668 C
974 619 1023 668 U
1055 619 1131 678 M,

719 734 910 778 LIBER
934 734 1014 776 VI.

654 913 1062 952 ARGUMENTUM.

140 981 216 1026 Qui
242 978 307 1018 has
334 978 390 1017 M.
415 979 530 1016 Tullii
557 979 728 1028 epistolas
754 980 795 1015 in
823 979 931 1014 libros
949 978 1151 1021 distribuit,
1172 980 1201 1015 is
1221 979 1310 1016 mihi
1327 981 1482 1026 videtur,
1504 983 1589 1022 libri

192 1035 288 1071 alius
315 1034 463 1070 initium
491 1032 574 1068 hinc
599 1033 757 1068 maxime
771 1029 920 1080 fecisse,
942 1032 1038 1079 quod
1057 1031 1110 1067 lice
1129 1032 1213 1068 aliis
1235 1033 1457 1077 Consulibus,
1478 1048 1589 1084 quam

190 1087 388 1136 superioris
419 1086 504 1122 libri
537 1086 682 1133 scriptae
705 1083 879 1133 fuerint.-
916 1095 1043 1132 nempe
1077 1083 1122 1120 L.
1150 1084 1310 1121 AEmilio
1345 1086 1508 1125 Paullo.-
1547 1090 1588 1127 C.

193 1140 350 1177 Claudio
368 1138 576 1175 Marcello.-
605 1148 734 1185 quem
728 1136 921 1172 Suetonius
948 1136 1072 1172 Marci
1096 1136 1272 1173 Marcelli
1293 1140 1500 1186 patruelem
1515 1140 1586 1191 fa·

192 1194 271 1233 cit,·
302 1193 395 1235 Dio,
413 1192 623 1230 sobrinum;
652 1190 767 1225 velex
787 1189 943 1225 aliorum
962 1190 1144 1237 opinione,
1152 1189 1329 1238 fratrem.
1378 1192 1452 1228 Hic
1472 1194 1588 1240 igitur

191 1246 283 1282 liber
309 1249 447 1281 certum
474 1246 728 1290 argumentum
754 1242 894 1278 nullum
924 1241 1042 1284 habet,
1061 1244 1159 1290 quod
1177 1244 1225 1279 ad
1243 1243 1371 1293 Remp
1389 1247 1587 1293 pertineat.

192 1298 293 1337 Nam
319 1297 451 1333 bellum
479 1295 710 1338 Parthicum,
731 1293 830 1341 cujus
849 1295 907 1331 liic
926 1297 1058 1331 mentio
1065 1296 1131 1345 fit,
1150 1297 1188 1331 in
1207 1301 1304 1332 metu
1318 1298 1456 1344 potius,
1475 1311 1587 1346 quam

189 1363 231 1387 re
258 1352 341 1398 ipsa
356 1348 464 1399 fuit:
494 1361 574 1384 cum
592 1360 686 1384 anno
712 1349 909 1397 superiore,
931 1350 993 1396 qui
1020 1349 1065 1384 ab
1091 1349 1158 1384 illo
1186 1354 1298 1397 coepto
1317 1355 1470 1397 quartus
1485 1351 1584 1400 fuit,

179 1404 298 1454 finem
325 1403 516 1450 acceperit.
571 1402 634 1436 De
660 1401 763 1437 rebus
781 1401 941 1443 urbanis,
961 1402 1058 1449 quod
1075 1402 1202 1437 odiosa
1219 1404 1385 1450 quiedam.
1402 1415 1440 1439 se
1459 1404 1584 1442 Cicero

191 1457 336 1493 audisse
351 1455 488 1494 scribit,
511 1454 584 1490 tale
590 1453 686 1503 fuit.
725 1453 844 1490 Caesar
861 1466 941 1489 cum
959 1459 1153 1497 vereretur,
1173 1466 1218 1490 ne
1233 1467 1271 1490 se
1287 1457 1406 1504 iniqui
1422 1457 1480 1493 sui
1494 1469 1584 1505 pro-

191 1510 312 1545 vincia
339 1512 449 1555 atque
475 1508 632 1543 exercitu
660 1507 889 1554 spoliarent:
917 1508 1039 1555 sicque
1066 1512 1265 1554 cogeretur,
1293 1510 1326 1544 si
1354 1509 1479 1545 consul
1493 1510 1588 1559 fieri

188 1561 310 1604 vellet,
325 1561 495 1610 privatus
514 1572 557 1595 ac
578 1571 736 1608 praesens
759 1563 910 1607 petere:
939 1559 984 1595 L.
1004 1560 1182 1596 Paullum
1199 1561 1379 1597 consulem
1397 1567 1433 1597 et
1454 1562 1492 1600 C.
1514 1563 1586 1600 Cu-

186 1615 326 1650 rionem
344 1613 529 1649 tribunum
554 1613 609 1661 pl.
628 1615 739 1649 antea
754 1613 829 1648 suis
847 1612 1048 1649 actionibus
1066 1614 1311 1656 adversantes,
1328 1616 1464 1662 grandi
1490 1627 1585 1652 mer-

188 1667 273 1703 cede
288 1667 358 1702 sibi
376 1666 611 1702 conciliavit:
641 1677 794 1713 quorum
818 1677 929 1713 opera
944 1664 1097 1714 factum
1115 1671 1180 1710 est,
1199 1671 1241 1702 ut
1258 1668 1432 1703 retineret
1449 1671 1584 1705 exerci-

188 1724 277 1757 tum.
334 1719 432 1756 Nam
460 1731 541 1755 cum
568 1719 612 1754 de
629 1718 694 1754 illo
713 1719 930 1754 remittendo
948 1717 1161 1767 referretur,
1192 1719 1301 1755 Curio
1321 1722 1375 1756 ita
1393 1725 1446 1756 est
1464 1732 1585 1758 assen-

184 1784 257 1815 sus,
285 1773 319 1808 si
343 1772 478 1819 reliqui
505 1783 647 1819 quoque
673 1771 922 1807 dimitterent:
960 1772 1177 1821 Pompeium
1204 1776 1334 1808 notans
1360 1774 1438 1809 sine
1464 1774 1584 1812 dubio,

187 1825 269 1861 Hoc
287 1837 382 1861 anno
404 1824 527 1860 Cicero
547 1825 590 1860 de
606 1824 797 1873 provincia
815 1825 964 1860 decessit
984 1836 1034 1860 111
1060 1825 1219 1861 Kalend.
1240 1825 1339 1861 Sext.
1359 1830 1470 1874 atque
1489 1826 1581 1865 Idib.

189 1879 268 1914 Oct.
290 1878 444 1915 Athenis
452 1876 549 1926 fuit,
569 1878 665 1913 unde
679 1881 865 1924 postrema
886 1877 969 1913 libri
989 1875 1093 1924 liujus
1112 1878 1267 1926 epistola
1285 1879 1374 1914 data
1394 1883 1457 1915 est.
1510 1879 1582 1916 Re-

187 1931 290 1979 liqua
306 1935 391 1967 sunt
407 1932 557 1979 privata
574 1935 684 1979 atque
712 1930 908 1967 domestica
923 1946 935 1966 .·
965 1931 1008 1966 de
1031 1930 1154 1966 Tullia
1176 1931 1380 1967 Dolabella.²
1399 1931 1583 1969 collocan-

187 1985 236 2020 da
247 1999 259 2020 :
289 1988 325 2020 et
341 1984 427 2020 aliis
444 1984 558 2021 rebus.

571 2066 808 2109 CICERO
838 2065 1070 2109 ATTICO
1102 2067 1147 2108 S.

132 2126 321 2190 ACCF
329 2144 386 2187 ΡΙ
403 2154 496 2187 tuas
514 2145 680 2188 litteras
702 2161 740 2187 a.
763 2145 807 2187 d.
829 2145 1030 2202 quintum
1049 2144 1312 2187 Terminalia
1336 2146 1578 2200 Laodiceae,

130 2221 237 2263 quas
259 2205 344 2261 legi
362 2203 660 2269 libentissime,
680 2203 949 2261 plenissimas
965 2205 1139 2255 amoris,
1160 2204 1460 2256 humanitatis,
1482 2205 1580 2247 offi-

132 2265 204 2316 cii,
227 2262 483 2320 diligentiae.
514 2261 580 2303 his
616 2262 751 2319 igitur
784 2261 1080 2318 respondebo:
1113 2262 1174 2303 sic
1208 2262 1322 2302 enim
1361 2262 1576 2318 postulas:

131 2337 212 2364 nec
252 2325 432 2375 οἰκονομίαν
474 2334 617 2361 meam
633 2297 914 2372 ῦίι]5ῑίωειιῃ;
957 2319 1031 2361 sed
1072 2320 1268 2361 ordinem
1310 2321 1577 2362 conservabo

131 2390 271 2422 tuum.
334 2377 673 2420 Recentissimas
696 2393 721 2420 a
751 2377 969 2434 Cybistris
997 2386 1039 2419 te
1072 2392 1187 2419 meas
1221 2377 1384 2418 litteras
1418 2378 1578 2420 habere

131 2438 208 2489 ais,
232 2452 270 2479 a.
293 2437 336 2478 d.
369 2451 399 2478 x
433 2435 532 2477 Kal.
556 2436 718 2478 Octob.
741 2435 888 2477 datas:
921 2445 964 2476 et
994 2435 1102 2477 scire
1134 2435 1214 2487 vis,
1238 2445 1331 2476 tuas
1364 2450 1447 2493 ego
1471 2451 1577 2493 quas

133 2495 389 2552 acceperim.
413 2508 562 2536 omnes
585 2493 688 2546 fere,
707 2508 812 2550 quas
835 2508 1164 2545 commemoras,
1190 2503 1347 2549 praeter
1367 2508 1453 2545 eas,
1472 2509 1578 2550 quas

133 2554 285 2595 scribis
325 2551 498 2594 Lentuli
536 2553 680 2609 pueris
713 2560 758 2593 et
791 2550 1060 2607 Equotutico
1092 2560 1136 2593 et
1170 2550 1404 2593 Brundisio
1440 2553 1577 2594 datas.

132 2626 263 2666 quare
295 2626 383 2652 non
416 2613 546 2666 οἴχεται
579 2618 654 2652 tua
683 2609 908 2660 industria,
930 2609 1048 2665 quod
1070 2609 1242 2661 vereris,
1266 2609 1337 2651 sed
1372 2610 1579 2666 praeclare

131 2669 334 2724 ponitur3
366 2669 400 2709 si
422 2669 598 2725 quidem
631 2668 676 2710 id
705 2667 850 2725 egisti,
872 2677 921 2707 ut
949 2682 1032 2724 ego
1066 2666 1315 2709 delectarer.
1338 2682 1439 2709 narn
1462 2667 1579 2709 nulla

131 2740 177 2766 re
206 2741 302 2767 sum
333 2726 570 2768 delectatus
606 2726 762 2783 magiS.
824 2725 955 2772 Quod
985 2739 1126 2766 meam
1154 2729 1338 2774 βαθίιτντοι
1361 2725 1405 2766 in
1427 2724 1577 2781 Appio

130 2783 228 2834 tibi,
248 2783 490 2827 libertatem
513 2785 646 2826 etiam
667 2785 710 2826 in
735 2784 874 2826 Bruto
896 2783 1056 2840 pr30bo
1083 2782 1357 2824 vehementer
1380 2783 1575 2838 g1audeo

127 2856 179 2883 ac
202 2851 398 2898 putaram
423 2857 560 2884 secus.
611 2842 783 2908 Appius
806 2840 922 2882 enim
945 2841 999 2882 ad
1021 2855 1090 2882 me
1114 2855 1169 2882 ex
1192 2840 1346 2881 itinere
1368 2840 1434 2881 bis
1459 2848 1578 2881 terve

126 2903 437 2956 ὗπομεμψιμοίξονς
466 2899 631 2944 llttel‘as
667 2899 861 2949 miserat,
890 2899 1007 2975 quOd
1041 2898 1243 2955 quaedam
1274 2913 1298 2939 a
1333 2912 1377 2939 Se
1415 2897 1579 2953 consti„-

803 2968 831 2999 Ρ
854 2970 883 3013 p
905 2961 932 2998 3

1605 337 1637 367 p.
1654 329 1706 359 84.

1598 2078 1615 2114 l
