1940 3231
198 1469 232 1501 Ρ.
247 1462 320 1491 285.

328 155 403 190 964
748 152 931 191 EPIST.
958 152 1034 190 AD
1061 152 1330 194 BRUTUM.

327 256 442 296 enim
474 255 692 307 usitatum,
716 256 788 297 sed
818 257 944 298 etiam
978 259 1275 313 quotidianum
1308 266 1387 310 est,
1418 258 1576 315 aliquid
1608 261 1766 304 audire

326 313 380 353 de
414 323 468 358 te
491 313 603 367 quod
635 328 710 369 pro
738 327 883 355 nostra
913 314 1125 369 dignitate
1155 316 1336 357 fidelitei
1363 328 1491 371 atque
1517 318 1757 360 honoiifice

328 369 502 419 dixeris,
524 382 597 411 aut
620 370 784 412 f·ece1is.
843 371 903 411 At
932 371 1092 422 dolore,
1113 382 1319 426 quantum
1344 374 1487 414 animo
1513 375 1754 416 maximum

329 440 482 482 capere
506 442 691 482 possum,
714 428 861 468 eadem
887 427 955 467 illa
979 443 1018 482 1)(
1009 443 1073 468 vus
1106 430 1315 484 epistolae,
1338 431 1509 494 ³⁶²³Ptae.
1537 432 1590 472 ad
1623 431 1757 473 Octa-

332 484 448 524 vium
472 485 524 524 (16
548 486 686 534 nobis,
709 483 867 525 affecit.
929 485 1000 525 Sic
1031 485 1144 525 enim
1177 486 1235 526 1111
1265 488 1420 542 gratias
1443 502 1536 543 agls
1557 489 1610 529 de
1631 503 1756 545 repu-

332 540 460 590 blica,
501 552 585 581 tun
619 541 883 604 suppliciter,
912 556 961 581 ·16
991 542 1188 592 (16101556,
1221 544 1342 597 (quid
1373 545 1585 586 5611001οΡ
1625 546 1758 601 pudet

333 598 592 638 conditionis
622 613 670 637 ac
691 599 899 639 tortunae:
933 598 1003 638 sed
1035 609 1176 639 tamen
1209 600 1477 642 scribendum
1500 611 1564 642 est
1577 603 1609 654 ς)
1638 617 1760 643 com*

333 656 508 694 mendas
531 666 717 694 nostiam
754 655 931 695 salutem
955 655 1030 705 illi,
1062 659 1100 690 59
1114 671 1209 710 quae
1233 667 1369 697 mone
1390 673 1473 712 qua
1499 673 1583 699 non
1615 659 1758 714 perni-

334 711 490 751 ciosior
505 714 516 752 ,Ρ
550 720 596 751 ut
629 726 799 766 prmsus
833 726 918 767 piae
942 721 983 753 te
1005 712 1129 762 feras,
1158 727 1245 753 non
1268 714 1477 755 sublatam
1499 716 1760 757 dominatio-

332 782 445 816 nem,
468 769 539 809 sed
560 768 780 809 domiuum
804 778 1115 810 commutatum
1138 784 1242 810 esse.
1293 770 1436 811 Verba
1457 781 1530 813 tua
1533 787 1759 836 recogno-

333 839 418 874 sce,
450 836 492 865 et
530 827 637 866 aude
670 840 839 881 116Γ·11·6,
873 826 1093 866 servientis
1125 827 1325 868 adversus
1357 842 1500 883 legem
1531 829 1632 870 istas
1666 844 1759 871 esse

334 896 493 936 pleces.
546 883 690 923 Unum
714 884 774 924 ais
798 897 902 932 esse,
925 884 1038 938 quod
1062 885 1115 924 ab
1137 899 1188 924 eo
1212 884 1450 940 postuletur
1471 895 1514 925 et
1536 896 1759 941 exspecte-

334 949 426 980 tur:
459 949 507 980 ut
533 954 604 980 eos
635 939 763 990 cives,
788 940 840 980 de
871 941 1026 994 quibus
1049 941 1128 981 viii
1161 941 1278 992 boni,
1300 942 1567 1006 populusque
1599 942 1760 985 Roma-

331 1010 412 1036 nus
442 997 547 1037 bene
576 997 810 1046 existimet,
834 998 971 1037 5511105
997 997 1111 1038 velit.
1173 998 1314 1045 Quid.
1308 1002 1320 1029 Ρ
1352 999 1385 1039 51
1417 999 1539 1050 nolit,
1561 1014 1648 1041 non
1677 1001 1761 1042 eri-

331 1056 457 1095 mus?
489 1053 638 1108 Atqui,
662 1069 743 1095 non
769 1068 873 1104 esse,
897 1070 1025 1118 quain
1048 1069 1138 1095 esse
1160 1070 1234 1111 per
1256 1055 1390 1107 illum,
1413 1066 1602 1112 praestat.
1647 1056 1759 1114 Ego,

332 1110 497 1150 medius
523 1111 661 1161 fidius,
686 1124 768 1152 non
793 1112 1009 1162 existimo,
1034 1122 1119 1152 tam
1142 1128 1289 1154 omnes
1309 1113 1409 1154 deos
1432 1128 1601 1154 aversos
1622 1128 1713 1155 esse
1734 1129 1761 1156 a

334 1167 469 1208 salute
500 1167 644 1224 populi
679 1168 878 1220 Romani,
901 1179 948 1209 ut
979 1169 1186 1210 Octavius
1216 1170 1400 1211 orandus
1431 1171 1486 1211 sit
1517 1186 1593 1227 pro
1625 1171 1762 1212 salute

331 1224 585 1280 cujusquam
619 1226 741 1275 civis,
764 1241 848 1266 non
881 1226 1021 1267 dicam
1055 1241 1129 1282 pro
1160 1227 1459 1269 liberatoribus
1483 1229 1598 1270 orbis
1629 1237 1762 1270 terra-

331 1296 441 1322 rum.
500 1282 634 1324 Juvat
666 1283 780 1323 6111111
813 1283 1042 1338 magnifice
1072 1283 1213 1338 loqui:
1245 1294 1289 1325 et
1314 1295 1429 1326 certe
1449 1285 1586 1337 decet,
1607 1286 1756 1326 adver-

333 1354 403 1380 sus
438 1340 697 1395 ignorantes,
719 1339 821 1395 quid
855 1353 930 1395 pio
959 1355 1130 1396 quoque
1162 1342 1414 1393 timendum,
1436 1353 1510 1383 aut
1537 1358 1563 1383 a
1590 1357 1765 1398 quoque

334 1397 565 1451 petendum
590 1397 658 1438 sit.
720 1396 820 1438 Hoc
847 1408 907 1448 tu,
931 1396 1100 1448 Cicero,
1124 1413 1247 1453 posse
1277 1399 1420 1440 fateris
1449 1399 1696 1450 Octavium,
1718 1409 1764 1441 et

336 1453 392 1494 illi
425 1454 587 1495 amicus
617 1456 689 1496 es?
720 1464 808 1504 aut,
831 1455 864 1494 si
894 1469 960 1495 me
986 1469 1131 1495 carum
1162 1456 1201 1496 11(
1205 1457 1304 1507 1065,
1330 1457 1391 1497 vis
1423 1456 1576 1498 Romae
1600 1457 1760 1509 videri;

316 1523 447 1562 ‘cum,
472 1521 518 1552 ut
541 1511 599 1551 ibi
621 1526 711 1552 esse
735 1526 917 1575 possem,
939 1513 1303 1554 commendandus
1327 1528 1458 1569 puero
1484 1514 1544 1554 illi
1578 1513 1760 1556 fuerim?

336 1568 418 1609 Cui
437 1568 539 1623 quid
561 1568 654 1624 agis
675 1570 798 1625 grati·
791 1583 850 1618 15,
872 1583 922 1619 51,
946 1578 992 1610 ut
1013 1583 1091 1610 1105
1111 1570 1248 1610 salvos
1267 1585 1357 1612 esse
1373 1571 1475 1611 velit
1492 1580 1536 1612 et
1557 1572 1761 1627 patiatur,

333 1626 574 1682 rogtndum
617 1628 772 1682 putas?
814 1625 883 1666 An
925 1625 1006 1667 1106
1047 1641 1123 1682 pro
1159 1628 1366 1668 beneficio
1399 1637 1464 1669 est
1500 1628 1761 1693 habendum,

333 1660 450 1738 quod
481 1696 539 1734 se,
577 1697 704 1737 quam
745 1682 1000 1734 Antonium,
1033 1698 1123 1724 esse
1160 1685 1370 1735 maluerit,
1401 1701 1425 1726 a
1455 1700 1541 1740 quo
1574 1686 1656 1726 ista
1684 1699 1761 1741 pe-

334 1741 464 1780 tenda
499 1743 667 1781 essent?
700 1739 871 1780 Vindici
913 1740 1085 1795 quidem
1128 1741 1276 1783 alienae
1316 1742 1636 1806 dominationis,
1674 1756 1762 1782 non

333 1797 510 1847 vicario,
546 1797 692 1852 ecquis
725 1796 952 1852 supplicat,
988 1807 1034 1838 ut
1066 1798 1230 1853 optime
1264 1800 1425 1840 meritis
1457 1798 1510 1839 de
1541 1799 1762 1854 republica

333 1853 461 1895 liceat
488 1868 578 1895 6556
605 1853 760 1895 salvis?
794 1853 883 1894 Ista
904 1869 1003 1895 vero
1037 1855 1307 1897 imbecillitas
1337 1865 1381 1897 et
1409 1855 1665 1911 desperatio,
1687 1871 1762 1897 cu-

327 1911 401 1966 jus
437 1911 563 1966 eulpa
591 1926 676 1952 non
708 1911 844 1966 magis
877 1911 920 1951 in
952 1920 994 1953 te
1021 1913 1191 1963 residet,
1212 1928 1341 1968 quam
1366 1914 1409 1954 in
1431 1913 1630 1954 omnibns
1652 1912 1761 1964 aliis,

334 1979 377 2009 et
402 1968 648 2009 Caesarem
641 1984 683 2009 10
705 1968 987 2024 cupiditatem
1009 1969 1127 2024 regni
1157 1970 1350 2025 impulit:
1384 1980 1427 2010 et
1447 1970 1641 2011 Antonio
1665 1979 1764 2026 post.

336 2026 555 2067 interitum
586 2025 698 2065 illius
732 2026 954 2081 persuasit,
976 2035 1024 2066 ut
1046 2025 1260 2068 interfecti
1296 2027 1434 2068 locum
1459 2041 1669 2083 occupare
1688 2042 1762 2068 co-

333 2092 530 2124 nal-:etur
553 2091 596 2122 et
611 2097 726 2123 nunc
741 2083 1059 2138 puerumistum
1073 2084 1245 2135 extulit,
1258 2093 1305 2124 ut
1326 2085 1610 2140 tujudicareS,
1628 2083 1765 2140 preci-

336 2140 414 2180 bus
445 2153 536 2180 esse
568 2139 878 2204 impetrandam
909 2140 1087 2182 salutem
1117 2115 1272 2182 talibtis
1293 2143 1418 2183 vnis:
1452 2141 1763 2182 misericordia-

335 2212 418 2252 que
449 2197 586 2247 unius,
610 2197 682 2237 vix
718 2197 846 2237 etiam
882 2212 998 2238 nunc
1021 2199 1114 2249 tiri,
1147 2207 1262 2239 tutos
1296 2198 1386 2239 foie
1418 2213 1511 2248 nos,
1537 2199 1650 2239 haud
1681 2198 1766 2239 ulla

336 2255 418 2295 alia
455 2269 512 2295 re.
574 2253 741 2300 Quodsi
778 2254 998 2295 Romanos
1033 2270 1111 2296 nos
1143 2269 1234 2296 esse
1267 2256 1632 2297 meminissemus:
1675 2270 1763 2296 non

336 2311 539 2352 audacius
582 2311 792 2351 dominari
833 2322 1039 2367 cuperent
1083 2314 1338 2377 60postremi
1383 2312 1592 2363 homiues,
1633 2327 1763 2367 quam

337 2368 380 2409 id
404 2383 480 2409 nos
507 2368 853 2423 prohiberemus.
886 2383 1024 2424 neque
1047 2383 1182 2424 magis
1205 2370 1394 2411 irritatus
1416 2379 1526 2410 esset
1547 2369 1762 2410 Antonius

336 2440 470 2480 regno
495 2426 693 2473 CaeSiris,
716 2439 844 2479 quam
874 2427 931 2466 ob
959 2426 1149 2481 ejusdem
1185 2436 1364 2468 mortem
1399 2428 1638 2468 deterritus
1697 2424 1763 2465 Tu

336 2482 509 2536 quidem
543 2457 792 2530 consui-nis,
828 2492 872 2523 et
910 2493 1127 2524 tantorum
1160 2484 1366 2525 scelerum
1399 2484 1556 2524 vindex
1589 2483 1763 2537 (quibus

335 2539 564 2594 oppiessis,
589 2553 750 2588 κ’·61601,
773 2554 824 2579 06
856 2540 896 2580 111
932 2541 1060 2581 01616
1085 2550 1254 2596 tempus
1279 2541 1411 2582 dilata
1432 2541 1487 2581 sit
1508 2542 1582 2580 abs
1607 2551 1647 2580 te
1669 2554 1764 2595 pei-

335 2596 504 2645 nicies,)
526 2596 598 2650 qui
621 2606 741 2650 potes
763 2596 915 2637 intueri
939 2612 1035 2652 quae
1055 2612 1249 2654 σ6556115,
1263 2598 1387 2639 simul
1409 2607 1452 2638 et.
1473 2598 1554 2637 ista
1575 2597 1640 2637 vel
1664 2611 1762 2652 pio-

340 2656 451 2702 bare,
476 2652 541 2692 vel
573 2652 632 2691 ita
662 2653 844 2694 demisse
873 2668 923 2694 ac
954 2631 1081 2695 facile
1112 2655 1215 2710 pati,
1240 2665 1286 2695 ut
1323 2653 1543 2710 probantis
1574 2653 1763 2709 speeiem

334 2710 522 2751 habeas,
511 2721 523 2740 Γ
584 2709 714 2756 Quod
736 2719 880 2751 autem
903 2711 983 2752 tibi
1007 2726 1107 2753 cum
1130 2711 1321 2752 Antonio
1343 2712 1560 2770 piivatum
1586 2711 1756 2752 odium.
1749 2712 1763 2743 Ρ-

373 2826 414 2858 59
429 2823 512 2862 quoe]
531 2821 624 2853 Salus
636 2823 676 2853 ab
688 2822 824 2853 Octavio
839 2823 1027 2863 impetrata,
1070 2823 1208 2855 Octavio
1225 2826 1355 2855 servari.

332 2866 543 2905 perniciosior
560 2871 595 2895 et
614 2866 741 2896 tristior
753 2871 803 2895 est
818 2872 923 2896 morte
938 2876 1026 2896 acer·
1113 2867 1154 2896 (io
1168 2870 1324 2906 postremi
1339 2866 1493 2907 homines]
1518 2866 1651 2900 Nauius
1668 2865 1766 2907 preffi

334 2908 475 2938 bissima.
497 2907 586 2938 malo
608 2907 726 2939 millies
749 2907 845 2946 mori,
866 2918 963 2948 quam
985 2908 1027 2940 ab
1071 2920 1107 2942 ac
1122 2909 1301 2950 diguitatis.

1919 1134 1932 1190 aa·

1906 1468 1940 2180 *amum*
1903 1215 1933 1463 ..sare-e»-

1907 2385 1932 2502 ,fic-'Q'

1910 2754 1925 2798 -·;.
1903 2533 1930 2740 war-„mv-
