1940 3231
681 127 890 167 LIBER
923 128 996 167 ΙΙΙ,
1488 133 1564 169 943

128 230 230 281 sint,
272 232 433 276 nescio.
499 231 569 275 De
600 232 758 274 virtute
791 241 835 273 et
870 232 1083 289 gravitate
1122 230 1319 283 Caesaris,
1357 247 1484 288 quam
1517 235 1564 278 in

129 304 300 332 summo
328 291 474 333 dolore
504 290 784 340 adhibuisset,
809 304 1008 346 magnam
1037 303 1093 330 ex
1115 290 1296 344 epistola
1318 299 1390 330 tua
1412 294 1561 347 accepi

129 347 410 403 voluptatem.
472 347 601 395 Quod
635 362 703 388 me
736 348 979 401 institutum
1011 348 1062 388 ad
1096 346 1215 387 illurn
1251 346 1403 403 po'erna
1428 348 1561 401 jubes

129 405 357 458 perficere;
389 405 469 447 etsi
497 406 707 446 distentus
730 420 827 446 cuin
852 420 996 460 opera,
1020 415 1110 445 tum
1141 405 1283 444 animo
1307 419 1398 445 suni
1422 405 1560 446 inulto

128 462 283 517 magis,
305 463 507 518 quoniam
544 471 684 503 tamen
717 476 771 503 ex
803 463 998 518 epistola,
1028 476 1158 517 quam
1189 463 1241 502 ad
1275 472 1313 502 te
1346 463 1559 514 miseram,

126 521 335 574 cognovit
358 520 518 571 Caesar,
540 534 608 560 me
629 519 790 574 aliquid
810 534 900 560 esse
917 534 1133 569 exorsum,
1154 530 1338 559 revertar
1360 519 1411 560 ad
1436 520 1558 559 insti-

126 583 294 629 tutum3
327 577 454 631 idque
488 577 705 633 perficiam
730 577 796 618 his
819 576 1180 633 supplicationum
1205 577 1354 617 otiosis
1377 577 1552 617 diebus:

122 633 280 687 quibus
299 634 634 690 Messalam-jam
652 644 860 685 nostrum,
878 634 1148 689 reliquosque
1168 634 1358 674 molestia
1375 635 1551 686 levatos,
1565 636 1599 669 b.

122 690 399 732 vehementer
426 693 623 747 gaudeo:
654 706 837 747 eumque
872 692 988 747 quod
1021 702 1183 732 certum
1213 692 1430 732 consulem
1454 707 1554 733 eum

124 745 323 789 Domitio
368 750 614 800 numeratis,
655 749 763 789 nihil
804 765 829 790 a
870 759 1015 789 nostra
1056 749 1261 804 opinione
1302 749 1554 791 dissentitis.

121 801 218 859 Ego
243 805 475 847 Messalam
501 806 661 848 Caesari
686 807 915 861 praestabo.
978 806 1060 847 Sed
1087 806 1321 847 Memmius
1355 807 1395 837 65
1414 807 1453 846 in
1481 807 1556 848 ad-

120 871 251 903 ventu
285 862 468 905 Caesaris
500 864 631 905 habet
659 878 804 920 spem:
838 864 882 904 in
905 878 990 919 quo
1013 864 1131 904 iilum
1157 873 1260 919 puto
1291 878 1449 905 errare:
1483 864 1555 905 hic

119 919 295 973 quidem
316 921 462 978 friget.
523 922 730 963 Scaurum
753 930 896 962 autem
925 921 1188 977 jampriden]
1221 921 1454 978 Pompeius
1478 922 1555 962 ab-

111 975 238 1030 jecit.
262 992 326 1019 res
348 981 541 1035 prolatae.
565 979 617 1020 ad
642 979 934 1035 interregnum
957 979 1136 1020 comitia
1154 979 1353 1020 adducta.
1388 979 1556 1020 Rumor

117 1033 342 1076 dictatoris
373 1036 632 1092 injucundus
664 1036 811 1078 bonis:
845 1037 950 1077 mihi
982 1036 1112 1077 etiam
1136 1037 1288 1092 magis,
1312 1037 1461 1091 66quae
1493 1036 1556 1077 lo-

118 1102 325 1146 quuntur.
370 1094 452 1136 Sed
480 1104 568 1135 tota
591 1108 654 1134 res
676 1102 720 1134 et
740 1094 927 1145 timetur,
951 1104 994 1135 et
1016 1093 1270 1149 refrigeseit.
1321 1094 1555 1150 Pompeius

116 1147 243 1204 plane
265 1164 308 1190 se
326 1161 456 1207 negat
477 1152 603 1193 velle:
628 1161 754 1192 antea
769 1151 860 1207 ipse
877 1150 983 1192 mihi
1003 1166 1087 1193 non
1108 1152 1309 1207 negabat.
1341 1152 1379 1185 67
1397 1151 1555 1192 Hirrus

114 1216 266 1248 auctor
279 1207 370 1248 fore
387 1209 567 1251 videtur.
601 1209 641 1250 O
656 1209 713 1250 dii
729 1224 857 1264 quain
878 1209 1072 1265 ineptus!
1097 1224 1225 1265 quam
1243 1224 1286 1249 se
1301 1209 1392 1264 ipse
1406 1224 1554 1249 amans

115 1263 207 1304 sine
229 1264 375 1307 rivali!
407 1267 446 1298 63
462 1266 662 1307 Crassum
686 1267 939 1319 Junianum,
965 1267 1183 1307 hominem
1213 1267 1320 1307 mihi
1343 1267 1554 1317 deditum,

112 1334 191 1377 per
213 1336 280 1363 me
301 1323 521 1366 deterruit.
544 1324 661 1376 velit,
678 1324 801 1376 nolit,
819 1325 926 1366 seire
942 1325 1117 1366 difficile
1140 1333 1218 1365 est.
1252 1324 1385 1365 Hirro
1410 1333 1555 1365 tamen

115 1389 286 1434 agente,
309 1380 420 1423 nolle
444 1397 487 1422 se
508 1397 594 1424 non
618 1382 835 1438 probabit.
886 1381 1016 1423 Aliud
1035 1382 1117 1423 hoc
1142 1392 1334 1437 tempore
1354 1382 1405 1422 de
1429 1396 1556 1437 repu-

114 1435 227 1478 blica
241 1437 660 1494 nihilloquebantur.
684 1441 893 1496 agebatur
905 1440 1079 1495 quidem
1096 1449 1210 1480 certe
1226 1440 1347 1480 nibil.
1381 1439 1553 1480 Serrani

113 1492 357 1537 Domestici
389 1496 465 1538 filii
497 1497 625 1538 funus
657 1497 976 1553 perluctuosum
1010 1495 1093 1538 fuit
1123 1513 1161 1538 a.
1184 1497 1224 1538 d.
1253 1512 1329 1538 ux
1366 1496 1550 1539 Kalend.

110 1549 323 1594 Decemb.
355 1553 395 1588 69
412 1554 623 1596 Lauclavit
647 1564 766 1611 pater
788 1555 948 1610 scripto
972 1569 1083 1596 meo.
1136 1555 1266 1596 Nunc
1289 1555 1341 1595 de
1365 1553 1549 1595 Milone.

110 1606 345 1666 Pompeius
360 1611 396 1651 ei
414 1611 518 1652 nihil
535 1612 707 1654 tribuit:
727 1615 821 1653 70et
834 1611 980 1653 omnia
995 1612 1166 1654 Guttae:
1191 1611 1382 1667 dicitque
1397 1626 1440 1651 se
1455 1625 1551 1666 per-

107 1663 337 1719 fecturum,
359 1670 395 1701 71
414 1680 461 1710 ut
492 1669 534 1710 in
568 1669 640 1711 illo
674 1669 821 1711 Caesar
852 1670 1089 1712 incumbat.
1123 1671 1204 1711 hoo
1237 1669 1381 1710 horret
1405 1668 1547 1711 Milo:

105 1736 186 1766 nec
209 1724 390 1780 injuria:
424 1737 481 1777 et,
504 1727 538 1768 si
562 1727 631 1768 ille
653 1728 839 1768 dictator
860 1727 1000 1769 factus
1023 1728 1092 1780 sit,
1117 1742 1239 1783 paene
1262 1727 1435 1768 diffidit.
1474 1725 1548 1767 In-

106 1789 385 1824 tercessorem
416 1784 643 1826 dictaturae
680 1785 714 1825 si
746 1784 913 1840 juverit
949 1800 1094 1836 manu,
1127 1796 1170 1826 et
1207 1785 1410 1841 praesidio
1451 1799 1545 1835 suo,

105 1836 364 1896 Pompeium
398 1842 554 1883 metuit
576 1842 814 1884 inimicum.
838 1843 870 1883 si
901 1858 986 1884 non
1010 1842 1198 1898 juverit:
1233 1843 1370 1893 timet,
1391 1856 1446 1883 ne
1468 1855 1546 1897 per

104 1894 193 1937 vim
233 1898 486 1953 perferatur.
546 1899 690 1941 Ludos
730 1909 910 1957 apparat
942 1899 1420 1956 magnificentissimos:
1465 1900 1544 1952 sic,

102 1951 295 2010 inquam,
327 1965 376 1998 ut
407 1971 535 1998 nemo
567 1960 900 2000 sumtuosiores:
934 1958 1061 1999 stulte
1093 1959 1172 2009 bis,
1206 1967 1369 2012 terque,
1400 1959 1440 1990 72
1455 1972 1544 1998 non

103 2012 371 2065 postulatus:
407 2014 471 2056 vel
498 2015 599 2071 quia
630 2031 786 2057 munus
818 2016 1099 2072 magnificum
1132 2016 1321 2066 dederat,
1344 2014 1410 2055 vel
1441 2015 1546 2070 quia

102 2067 328 2111 facultates
352 2086 440 2113 non
461 2082 597 2125 erant,
619 2076 658 2107 73
674 2074 740 2115 vel
761 2074 863 2129 quia
885 2074 1105 2129 magister,
1130 2073 1195 2114 vel
1217 2074 1317 2129 quia
1343 2081 1545 2129 potuerat

100 2127 356 2182 magistrum
395 2144 453 2182 se,
492 2145 578 2172 non
622 2131 791 2172 aedilem
831 2141 995 2188 putare.
1057 2131 1218 2173 Omnia
1254 2131 1341 2172 fere
1373 2130 1540 2187 scripsi.

101 2182 232 2238 Cura,
254 2186 312 2228 mi
335 2188 554 2230 carissime
575 2188 719 2241 frater,
743 2197 792 2230 ut
814 2190 970 2231 valeas.

613 2273 1018 2312 ARGUMENTUM.
1549 2275 1578 2316 9

334 2336 448 2375 Varia
467 2338 510 2374 cle
528 2338 630 2375 rebus
643 2339 800 2387 publicis
819 2344 854 2375 et
873 2339 1077 2375 domesticis
1091 2340 1295 2387 perscribit.

133 2463 176 2495 65
196 2465 233 2496 iu
247 2466 392 2498 adventa
418 2467 566 2509 Caesavis]
591 2479 625 2501 v.
640 2479 739 2510 supra
753 2469 793 2500 ad
877 2473 918 2504 70
939 2473 970 2500 et
985 2469 1110 2508 omnia]
1137 2469 1233 2500 Forte
1249 2474 1285 2500 ac
1299 2470 1410 2500 omnia
1425 2469 1465 2500 G.

92 2516 143 2548 ep.
156 2508 191 2537 2.
877 2515 915 2545 71
934 2517 972 2543 αἱ
988 2514 1026 2543 iu
1039 2513 1094 2543 illo
1115 2512 1224 2543 Ccesar
1240 2512 1423 2552 incumbat]
1450 2512 1535 2542 Puto

135 2550 177 2580 66
198 2559 269 2589 quoe
283 2552 475 2593 loquuntur]
500 2555 550 2585 De
573 2554 738 2587 dictatura
759 2559 791 2585 et
834 2556 871 2585 in
884 2554 1072 2592 delendum,
1096 2562 1134 2585 ut
1157 2557 1213 2585 illo
1232 2556 1416 2586 incumbere
1437 2555 1479 2585 sit
1496 2554 1535 2586 il-

92 2591 132 2626 de
147 2592 260 2623 futuro
274 2593 446 2626 dictatore.
835 2596 899 2633 luc,
914 2598 948 2628 in
964 2607 1035 2628 eam
1049 2607 1120 2628 rem
1137 2608 1174 2629 ae
1191 2602 1330 2638 partem.

132 2635 172 2668 67
196 2634 325 2666 Hirrus
339 2643 454 2669 auctor
455 2638 536 2678 fhre
553 2640 597 2681 v.]
621 2640 789 2671 Tribunus
875 2643 916 2675 72
938 2649 1002 2670 non
1019 2641 1219 2681 postulat-us]
1246 2640 1377 2681 Conjeei
1395 2649 1457 2670 non
1471 2649 1531 2680 po·

89 2680 162 2710 tum
181 2677 294 2718 plebis.
829 2684 978 2720 stulatos,
1004 2692 1082 2713 nam
1104 2684 1174 2714 ludi
1193 2685 1406 2723 postulantur
1427 2693 1448 2713 a
1472 2692 1532 2723 po-

132 2720 172 2751 68
200 2719 354 2752 Crassum
374 2722 578 2766 Junianum]
604 2726 656 2757 De
677 2724 741 2756 hoe
756 2736 785 2756 v.
830 2726 919 2765 pulo,
937 2735 1003 2755 non
1020 2726 1051 2760 ii,
1069 2726 1123 2765 qui
1140 2726 1251 2757 edant.

88 2761 182 2796 Clav,
871 2771 910 2803 73
932 2770 982 2799 vel
995 2770 1072 2809 quia
1087 2770 1246 2807 mag-ister
1262 2768 1336 2808 δια]
1364 2767 1445 2798 Haee
1461 2776 1530 2798 non

128 2805 170 2839 69
207 2804 379 2838 Laudavic
411 2813 510 2849 patet·
544 2811 663 2851 scripto
699 2810 781 2851 meo]
829 2810 991 2850 intelligo,
1021 2821 1082 2841 nee
1105 2811 1267 2849 explicare
1290 2820 1443 2851 possum:
1468 2819 1530 2842 nee

83 2845 256 2884 Oratione,
282 2858 382 2887 quam
409 2851 449 2885 de
473 2852 596 2893 ,scripto
620 2854 783 2892 recitavit,
829 2853 1001 2886 Manutius
1015 2854 1186 2885 satisfacit.

85 2889 175 2921 seda
191 2900 242 2922 me
259 2891 392 2934 scripta.
