1940 3231
324 141 402 176 858
748 135 931 174 EPIST.
958 135 1036 174 AD
1063 135 1349 181 ATTJCUM,

325 251 418 284 tum
453 239 640 297 abjicere
674 240 888 283 nolebam.
951 240 1019 282 De
1058 240 1246 293 Mundo,
1275 240 1309 281 si
1344 241 1448 297 quid
1487 243 1610 286 scies.
1672 243 1759 286 Re-

325 299 476 355 scripsi
499 299 553 340 ad
581 299 727 340 omnia
758 309 845 339 tua.
877 313 991 340 nunc
1022 309 1169 339 nostra
1199 299 1360 354 accipe.
1425 300 1615 347 Quintus
1645 301 1757 342 filius

327 371 461 412 usque
485 355 712 397 Puteolos:
745 356 896 408 (mirus
927 356 1049 405 civis,
1071 356 1111 389 76
1125 366 1170 396 ut
1200 365 1247 397 tu
1280 356 1535 410 Favonium,
1557 358 1757 399 Asinium

325 415 487 465 dicas:)
518 422 562 454 et
581 412 752 468 quidem
784 412 888 452 duas
919 412 976 453 ob
1007 426 1171 464 causaS,
1194 422 1238 454 et
1269 423 1316 454 ut
1347 428 1530 466 mecum,
1553 425 1596 456 et
1616 419 1653 450 77
1666 419 1759 456 σπεί-

325 476 452 512 σασθαι
488 470 579 510 vult
609 484 707 510 cum
741 469 878 509 Bruto
909 478 952 509 et
985 468 1150 510 Cassio.
1213 470 1296 511 Sed
1330 480 1375 511 tu
1409 472 1512 527 quid
1543 473 1633 514 ais?
1665 472 1757 513 scio

323 528 442 568 enim
479 536 521 567 te
559 526 813 567 familiarem
844 540 935 566 esse
967 525 1208 567 Othonum.
1236 528 1348 568 78ait
1377 528 1448 570 hic
1480 529 1561 570 sibi
1592 528 1757 574 ,Iuliam

324 585 449 626 ferre.
485 583 771 625 constitutum
802 583 919 623 euim
949 597 1039 623 esse
1071 583 1315 624 discidium.
1347 587 1550 639 quaesivit
1590 602 1644 627 ex
1687 600 1757 626 me

323 650 459 698 pater,
489 640 626 695 qualis
656 650 768 681 esset
798 639 926 681 fama.
958 639 1065 690 dixi,
1098 639 1205 680 nihil
1235 655 1335 681 sane
1367 657 1434 684 me
1464 644 1632 685 audisse
1663 648 1758 696 (ne-

324 699 511 740 sciebam
535 697 665 749 enim,
685 699 1017 752 curquaereret,)
1032 697 1110 738 nisi
1135 697 1187 738 de
1208 711 1295 748 ore,
1314 706 1358 738 et
1379 710 1513 755 patre.
1533 702 1606 742 sed
1625 714 1756 757 quor-

301 770 408 806 ·sus‚
430 755 634 810 inquam?
667 765 710 795 at
732 754 816 805 ille,
838 754 974 796 filium
1000 754 1116 795 velle.
1149 764 1239 795 tum
1269 769 1368 810 ego,
1398 758 1478 798 etsi
1508 758 1753 809 ἓέὃελυττόμην,

322 823 465 854 tamen
498 812 652 868 negavi
685 819 835 867 putare
864 826 933 852 me
971 810 1042 852 illa
1078 825 1170 852 esse
1200 826 1323 853 vera:
1355 815 1524 858 79σκοπὶς
1554 812 1657 865 (hoc
1688 822 1754 853 est

318 870 455 921 enim)
469 869 569 911 huic
590 879 737 910 nostro
759 868 867 910 nihil
891 869 1096 925 praebere.
1119 869 1190 909 illa
1210 877 1354 910 autem
1375 873 1411 909 οὐ
1428 873 1523 924 mag&
1540 875 1647 910 τοῦτο.
1668 883 1753 925 ego

319 936 464 968 tamen
496 926 703 982 suspicor,
733 926 865 977 hunc,
892 936 940 967 ut
971 926 1092 978 solet,
1122 926 1358 967 allucinari.
1391 927 1464 967 sed
1486 925 1613 966 velim
1634 941 1754 982 quae-

317 999 410 1026 ras:
442 983 589 1038 (facile
619 993 764 1025 autem
795 993 917 1040 potes
933 985 964 1034 z)
995 994 1037 1024 et
1069 998 1136 1024 mc
1167 984 1407 1032 certiorem.
1470 982 1663 1024 Obsecro
1695 993 1752 1034 te,

317 1042 421 1097 quid
454 1051 519 1082 est
551 1041 662 1082 hoc?
696 1041 877 1097 Signata
902 1040 997 1096 jam
1029 1040 1226 1097 epistola,
1262 1040 1495 1091 Formiani,
1529 1041 1603 1095 qui
1639 1041 1751 1096 apud

314 1113 386 1140 me
422 1099 650 1150 cenabant,
683 1098 944 1140 80Plancum
978 1112 1036 1149 se,
1075 1100 1263 1149 aiebant,
1299 1097 1414 1138 hunc
1457 1097 1753 1148 Buthrotium,

316 1156 469 1212 pridie,
501 1170 630 1212 quam
675 1155 758 1198 hoc
797 1156 1052 1206 scribebam,
1092 1156 1134 1197 id
1167 1165 1231 1197 est
1270 1170 1353 1196 1111
1398 1154 1560 1206 Nonam,
1595 1155 1751 1196 vidisse

317 1214 614 1265 8¹demissum,
639 1213 729 1254 sine
760 1212 974 1269 phaleris:
1007 1213 1196 1254 servulos
1226 1222 1370 1254 autem
1401 1212 1557 1264 dicere,
1571 1227 1678 1260 *eum
1708 1222 1753 1253 et

315 1271 532 1327 agripetas
554 1271 717 1326 ejectos
749 1286 775 1311 a
808 1270 1066 1312 Buthrotiis.
1100 1280 1256 1313 macte.
1292 1271 1365 1311 sed
1395 1271 1551 1312 amabo
1576 1279 1633 1322 te,
1656 1283 1750 1326 per-

316 1329 456 1371 scribe
477 1328 584 1370 mihi
607 1337 748 1369 totum
771 1328 1012 1385 negotium.

1051 1491 1158 1523 nullos
1173 1491 1315 1533 amplius
1329 1495 1457 1523 sumtus
1472 1493 1506 1522 in
1522 1491 1628 1522 filium
1641 1491 1748 1523 facere

354 1494 395 1527 76
416 1497 455 1522 ut
470 1496 507 1522 tu
522 1491 717 1529 Favonium,
733 1492 885 1522 Asinium
899 1491 1002 1532 dicas]

1050 1535 1179 1572 debeat,
1197 1534 1253 1565 illo
1270 1535 1423 1575 conjugio
1438 1535 1532 1565 inito.

311 1536 390 1567 Non
410 1535 492 1565 bene
514 1535 733 1575 compositum
758 1544 828 1574 par,
845 1534 1006 1565 Favonius

310 1585 345 1609 et
360 1577 503 1608 Asinius.
549 1577 701 1617 Conjeci:
727 1576 911 1607 Favonium
927 1579 1009 1607 alte-

309 1630 399 1657 rum,
427 1619 529 1650 etiam
558 1618 641 1650 illud
668 1623 706 1650 ut
733 1623 770 1649 tu
795 1628 862 1649 non
887 1619 1007 1659 placet.

310 1663 425 1694 malim
440 1661 550 1692 abesse
564 1665 689 1698 toturn,
705 1667 764 1692 aut
778 1661 896 1692 saltem
911 1666 961 1693 ut.

353 1709 392 1739 77
415 1715 470 1735 ew.
482 1706 555 1735 vult
576 1714 652 1734 cum
673 1704 737 1736 Br.
753 1708 784 1734 et
805 1703 853 1743 C.]
878 1703 929 1734 Ad
951 1714 1006 1735 eo-

309 1756 383 1778 rum
401 1750 509 1787 partes
523 1747 663 1777 transire
676 1757 685 1777 ι
709 1746 796 1786 quod
810 1750 845 1778 et
858 1749 936 1778 ante
952 1748 1006 1788 ja-

309 1793 427 1820 ctarat.
444 1799 495 1829 ep.
516 1792 564 1823 19.

351 1835 391 1865 78
414 1832 463 1862 aie
479 1832 530 1861 hic·
542 1830 601 1861 sihi
616 1829 712 1871 J.f.]
740 1830 804 1861 Hic
823 1834 874 1861 est
887 1830 1005 1870 Quinti

307 1873 408 1905 filius.
451 1873 575 1904 Julian]
606 1873 748 1904 Othonis
778 1883 914 1904 uxorem
944 1873 1004 1904 sibi

308 1917 441 1957 nuptias
455 1925 528 1946 suas
544 1915 671 1946 offerre.

350 1963 391 1994 79
413 1959 519 1993 mouths
543 1960 575 1988 Ῑι.
591 1968 618 1988 e.
634 1967 659 1988 e.
675 1959 750 1989 kuic
771 1968 805 1989 n.
818 1958 903 1988 nihil
916 1966 1005 1997 proe-

307 2001 394 2044 bere]
412 2002 509 2034 Pater
523 2000 606 2032 nihil
620 2000 710 2032 aliud
724 2005 864 2042 spectat,
881 2000 942 2032 nisi
965 2004 1003 2032 ut

1093 1580 1135 1608 80
1163 1578 1478 1608 Plancum—hune
1513 1576 1746 1615 Buthrotium]

1051 1619 1226 1651 Diversum
1243 1620 1284 1650 ab
1307 1619 1379 1656 illo,
1395 1621 1486 1660 quus
1507 1629 1606 1660 supra
1628 1619 1663 1648 in
1684 1618 1747 1649 hac

1048 1662 1188 1702 epistola
1200 1662 1339 1699 mentio,
1354 1662 1566 1703 praepositum
1577 1661 1663 1702 agris
1678 1661 1746 1693 Bu-

1047 1704 1180 1736 throtiis
1198 1704 1388 1735 dividendis.

1090 1749 1127 1778 81
1154 1748 1330 1778 demissum
1353 1747 1422 1776 sine
1444 1744 1606 1786 phaleris]
1631 1744 1748 1776 demis-

1046 1798 1120 1819 sum
1135 1789 1227 1821 valde
1249 1789 1415 1829 abjectum
1435 1789 1560 1826 animo,
1575 1789 1644 1819 sine
1658 1788 1747 1828 pha·

1047 1832 1125 1862 [eris
1145 1842 1229 1873 equo
1251 1836 1402 1869 vectum3
1427 1836 1465 1861 ut
1486 1833 1671 1872 appareret,
1693 1840 1746 1861 re-

1047 1880 1158 1914 pente,
1171 1884 1254 1915 equo
1269 1883 1337 1904 non
1351 1877 1482 1910 ornato,
1493 1873 1528 1904 in
1541 1873 1606 1904 iter
1617 1882 1652 1904 se
1665 1882 1745 1903 con·

1044 1916 1172 1956 tulisse,
1201 1917 1252 1949 vel
1278 1916 1381 1948 latere
1407 1915 1503 1948 velle.
1526 1915 1568 1948 cf.
1590 1913 1684 1952 XVI,
1713 1917 1742 1946 l.

1045 1959 1122 1992 init.
