1940 3231
674 140 889 179 LIBER
926 138 999 178 ἹΧ.
1498 146 1581 185 677

132 262 267 304 quam
302 248 335 289 si
359 245 649 289 Tusculanum
686 243 945 286 refecissem.
978 241 1018 273 56
1034 240 1146 282 volui
1172 239 1287 282 H-S.
1324 241 1381 282 D.
1405 245 1475 299 egi
1503 259 1579 300 per

136 306 340 361 praedem,
365 305 435 346 ille
457 306 589 353 daret,
610 301 732 342 Antii
756 316 855 342 cum
886 300 1065 341 haberet
1094 298 1270 338 venale:
1304 299 1457 340 noluit.
1504 302 1576 343 sed

136 377 251 403 nunc
282 363 428 403 omnia
449 362 531 402 ista
558 360 705 415 jacere
727 367 834 413 puto
871 365 1047 414 propter
1074 369 1302 396 numorum
1322 357 1577 399 maritantem.

135 419 243 460 mihi
285 420 457 474 quidem
481 417 562 457 erit
593 415 880 472 aptissimum,
904 415 968 455 vel
991 414 1115 454 nobis
1144 412 1303 469 potiuS,
1333 412 1370 452 si
1395 422 1440 453 tu
1464 428 1578 455 eme-

133 477 205 518 ris.
250 477 322 517 sed
359 475 449 530 ejus
484 472 721 514 dementias
755 487 859 514 cave
892 481 1157 513 contemnas.
1194 469 1313 510 valde
1344 479 1410 509 est
1446 485 1578 512 venu-

136 544 264 574 stum.
296 545 554 587 quamquam
579 530 684 570 mihi
711 530 793 570 ista
814 529 1069 584 omniajam
1103 527 1274 568 addicta
1298 527 1489 568 vastitati
1515 529 1577 568 vi-

132 591 302 631 den-tur.
344 587 566 643 Respondi
591 586 784 642 epistolis
807 587 968 628 tribus:
1003 585 1074 626 sed
1097 593 1305 640 exspecto
1325 584 1443 626 alias.
1475 600 1575 626 nam

130 662 199 689 me
221 646 361 687 adhuc
384 654 469 686 tuae
492 645 646 686 litterae
670 653 979 685 sustentarunt.
1030 642 1087 683 D.
1116 641 1403 683 Liberalibus.

572 717 805 759 CICERO
836 715 1065 758 ATTICO
1098 715 1142 757 S..

134 774 334 827 NIHIL
356 785 585 837 habebam,
607 786 723 841 quod
746 786 991 827 scriberem.
1023 797 1162 839 neque
1183 783 1299 823 enim
1322 782 1424 823 novi
1446 782 1573 838 quid·
1592 750 1606 784 l

130 857 258 900 quam
283 843 516 895 audieram,
540 852 583 884 et
604 843 656 885 ad
682 852 776 884 tuas
801 857 950 884 omnes
973 843 1272 897 rescripseram
1299 840 1450 896 pridie.
1485 841 1572 891 sed,

1613 749 1642 784 O

127 915 229 955 cum
250 914 317 941 me
339 901 553 956 aegritudo
577 915 661 942 non
686 900 824 942 solum
847 914 998 941 somno
1020 900 1221 955 privaret,
1246 911 1394 938 verum
1427 911 1478 938 ne
1512 898 1571 938 vi·
1587 915 1617 945 b,

128 958 263 1014 gilare
284 958 458 1013 quidem
483 957 574 998 sine
593 973 764 999 summo
786 958 934 999 dolore
957 966 1189 1013 pateretur,
1214 966 1354 995 tecum
1382 966 1427 995 ut
1450 956 1572 1009 quasi

127 1015 338 1072 loquerer,
360 1015 403 1055 in
431 1030 517 1070 quo
546 1030 635 1057 uno
667 1015 910 1070 acquiesco,
933 1013 1016 1055 hoc
1049 1012 1192 1054 neseio
1225 1012 1343 1067 quid,
1369 1011 1484 1052 nullo
1508 1027 1573 1053 ar-

127 1082 336 1129 gumento
371 1073 612 1129 proposito,
644 1073 830 1114 scribere
862 1071 1044 1113 institui.
1106 1069 1267 1110 Amens
1299 1068 1404 1109 mihi
1442 1068 1573 1110 fuisse

131 1130 281 1171 videor
304 1145 326 1170 a
358 1129 589 1185 principio,
610 1138 654 1170 et
686 1144 753 1172 me
783 1143 869 1170 una
902 1129 994 1170 haec
1017 1142 1081 1168 res
1114 1136 1300 1181 torquet,
1331 1126 1445 1181 quod
1471 1141 1572 1178 non,

129 1187 331 1229 omnib-us
356 1188 398 1227 in
422 1187 547 1228 rebus
574 1187 806 1237 labentem,
829 1184 894 1228 vel
919 1185 1062 1242 potius
1093 1195 1286 1225 ruentem
1313 1182 1569 1238 Pompeium

130 1254 350 1299 tamquam
375 1259 483 1284 unus
508 1242 786 1300 manipularis
809 1254 980 1285 secutus
1003 1242 1099 1283 sim.
1132 1242 1219 1282 vidi
1243 1240 1462 1281 hominem
1487 1256 1568 1282 xrv

130 1302 229 1344 Kal.
269 1300 394 1341 Febr.
435 1301 608 1357 plenum
650 1300 909 1343 formidinis.
953 1300 1024 1342 illo
1064 1300 1158 1355 ipso
1200 1298 1269 1339 die
1308 1298 1435 1349 sensi,
1468 1300 1569 1354 quid

125 1367 289 1416 ageret.
355 1373 588 1414 numquam
642 1359 748 1399 mihi
801 1367 951 1414 postea
997 1357 1183 1413 placuit;
1237 1370 1315 1396 nec
1367 1369 1571 1412 umquam

127 1420 166 1451 57
183 1416 296 1457 aliud
330 1415 371 1456 in
406 1415 489 1456 alio
524 1430 699 1472 peccare
736 1415 918 1457 destitit.
959 1414 1064 1456 nihil
1097 1413 1268 1454 interim
1301 1413 1352 1454 ad
1378 1427 1444 1455 me
1469 1416 1573 1455 scri-

128 1475 244 1525 bere,
280 1472 384 1513 nihil
419 1473 498 1514 nisi
537 1473 684 1530 fugam
718 1474 925 1529 cogitare.
967 1473 1069 1528 quid
1094 1471 1278 1527 quaeris?
1310 1471 1420 1511 sieut
1453 1470 1477 1507 ἐν
1504 1476 1570 1517 τοῖς

127 1530 285 1582 {gamar}
325 1530 512 1571 alienant
563 1531 814 1581 immundae,
860 1530 1047 1580 insulsae,
1101 1528 1342 1570 indecorae:
1395 1527 1456 1567 sic
1501 1540 1570 1566 me

102 1583 240 1624 ..illius
282 1584 398 1643 fugae
440 1587 805 1644 negligentiaeque
841 1587 1092 1629 deformitas
1130 1585 1286 1628 avertit
1319 1585 1372 1625 ab
1409 1597 1567 1624 amore.

127 1640 234 1682 nihi]
258 1644 372 1684 enim
395 1644 577 1701 dignum
601 1645 804 1696 faciebat,
826 1659 957 1700 quare
993 1644 1086 1701 ejus
1123 1642 1239 1699 fugae
1274 1643 1478 1682 comitem
1502 1655 1570 1681 me

123 1698 423 1757 adjungerem.
467 1717 582 1744 nune
613 1703 797 1759 emergit
832 1717 979 1753 amor;
1019 1715 1134 1747 nunc
1169 1699 1426 1741 desiderium
1460 1698 1569 1739 ferre

126 1769 213 1797 non
238 1773 437 1814 possum;
477 1775 592 1802 nunc
624 1760 729 1801 mihi
754 1759 861 1802 nihil
895 1759 1008 1810 libri,
1033 1758 1140 1802 nihil
1169 1757 1340 1808 litterae,
1364 1755 1470 1797 nihil
1493 1756 1570 1797 do-

125 1814 267 1856 ctrina
304 1816 502 1873 prodest:
537 1818 596 1859 ita
625 1818 715 1859 dies
753 1827 796 1860 et
836 1827 998 1867 noctae„
1036 1820 1075 1847 53
1090 1826 1310 1870 tamquam
1353 1814 1443 1854 avis
1485 1813 1570 1864 illa,

128 1884 244 1913 mare
267 1885 523 1930 prospect03
555 1875 724 1916 evolare
746 1875 890 1930 cupio.
954 1874 1039 1925 Do,
1062 1874 1117 1914 do
1141 1887 1294 1930 poenas
1315 1871 1570 1915 temeritatis

128 1942 264 1972 meae:
297 1932 376 1972 etsi
400 1948 496 1988 quae
520 1932 604 1974 fuit
639 1933 711 1974 illa
732 1933 977 1976 temeritas?
1008 1931 1111 1988 quid
1143 1931 1225 1971 feci
1250 1944 1334 1970 non
1373 1928 1571 1969 conside-

127 1987 366 2030 ratissime?
397 1991 431 2031 si
453 1991 568 2031 enim
587 1990 694 2032 nihil
719 1999 875 2047 praeter
894 1989 1040 2046 fugam
1061 1996 1337 2043 quaereretur,
1364 1985 1568 2042 fugissem

125 2043 434 2089 libentissime:
472 2048 544 2088 sed
568 2062 703 2104 genus
729 2047 824 2088 belli
848 2046 1131 2089 crudelissimi
1154 2054 1197 2086 et
1219 2043 1413 2094 maximi,
1436 2044 1569 2099 quod,

124 2102 239 2142 nond
249 2117 318 2143 um
342 2103 490 2146 vident
510 2104 722 2156 homines,
736 2104 860 2160 quale
879 2104 1072 2145 futurum
1096 2103 1196 2154 sint,
1217 2101 1455 2158 perhorrui.
1469 2115 1567 2155 quae

126 2158 256 2200 minae
280 2161 556 2218 municipiis?
587 2177 685 2217 quae
717 2162 973 2203 nominatim
999 2161 1100 2202 viris
1133 2161 1285 2201 bonis?
1318 2173 1415 2213 quae
1447 2158 1569 2200 deni-

126 2229 209 2270 que
241 2218 457 2270 omnibus,
491 2218 563 2275 qui
600 2220 927 2263 remansissent?
966 2233 1095 2275 quam
1126 2218 1277 2258 crebro
1307 2215 1424 2266 illud,
1448 2214 1567 2256 Sulla

120 2273 272 2327 potuit,
307 2289 379 2331 ego
410 2291 492 2317 uon
515 2275 694 2331 potero?
732 2276 849 2318 Mihi
886 2287 1030 2317 autem
1066 2275 1285 2317 haeserunt
1321 2273 1415 2314 illa:
1457 2273 1566 2313 male

123 2329 399 2386 Tarquinius,
425 2334 498 2389 qui
534 2333 781 2384 Porsenam,
813 2335 884 2390 qui
910 2333 1144 2375 Octavium
1181 2330 1428 2372 Mamilium
1461 2345 1564 2370 con-

130 2397 194 2429 tra
224 2390 436 2446 patriam3
469 2391 601 2447 impie
637 2390 907 2443 Coriolanus,
930 2392 1001 2447 qui
1026 2389 1236 2435 auxilium
1269 2388 1394 2445 petiit
1416 2401 1440 2428 a
1463 2388 1567 2429 Vol-

165 2502 206 2533 56
226 2505 314 2534 volui
329 2504 406 2536 HS.
422 2505 481 2547 9.]
508 2504 709 2544 Intelligunt
727 2506 822 2545 quin-
912 2508 949 2539 57
974 2505 1070 2536 alind
1089 2505 1124 2534 in
1147 2502 1226 2542 alio]
1253 2512 1299 2532 se.
1323 2511 1463 2541 genere:
1489 2502 1511 2531 i.
1536 2511 1565 2531 e.

123 2546 256 2581 gerenies.
301 2547 365 2578 Sed
386 2549 434 2578 ita
455 2548 596 2578 efficitur
617 2557 747 2578 summa
770 2558 823 2588 pe·
867 2548 901 2579 in
925 2549 1015 2579 omni
1042 2556 1160 2586 genere
1191 2554 1299 2575 reruni
1326 2548 1564 2584 susceptarum.

123 2586 230 2617 euniae
253 2590 370 2629 major,
398 2600 498 2628 quam
523 2600 581 2630 pro
605 2590 663 2621 tali
689 2591 822 2630 praedi0.
867 2590 928 2619 Sed
950 2597 1064 2623 tamen
1093 2588 1276 2628 suspicatus
1304 2595 1376 2616 sum
1406 2586 1502 2615 aliud
1526 2595 1566 2615 ez

123 2629 298 2660 Manutius
323 2631 482 2672 intelligit
504 2633 693 2672 quingentis
720 2632 821 2663 milli·
865 2634 940 2666 alio.
967 2641 1042 2662 nam
1058 2630 1147 2661 iuius
1162 2630 1278 2660 forniae
1291 2628 1483 2668 exemplum
1498 2637 1565 2657 non

122 2671 193 2700 bus.
239 2668 279 2702 ln
300 2672 353 2704 ed.
370 2674 467 2705 Rom.
482 2679 557 2714 post
573 2674 643 2705 HS.
670 2679 721 2705 est
735 2674 824 2705 lacu-
868 2675 984 2714 reperi.

126 2722 178 2744 na.
202 2717 237 2744 et
259 2716 420 2754 sequitur,
434 2721 465 2747 et
487 2727 563 2747 cum
578 2717 623 2758 Q.
649 2718 713 2756 egi.
760 2717 822 2749 Lo·
909 2720 948 2747 58
972 2721 1143 2756 tamquam
1166 2715 1236 2745 avis
1257 2712 1332 2752 illa]
1363 2712 1426 2742 Illa
1454 2720 1499 2741 sc.
1514 2721 1564 2750 ap.

123 2764 180 2786 cus
207 2761 257 2785 cst
283 2762 476 2798 corruptus:
513 2769 573 2790 nec
601 2769 678 2789 eum
707 2769 824 2791 sanare
869 2758 1041 2792 Platonem
1057 2769 1109 2798 ep.
1126 2762 1158 2791 9.
1177 2757 1232 2786 ubi
1256 2765 1289 2786 se
1305 2755 1385 2785 dicit
1400 2753 1564 2783 inclusum

122 2806 266 2836 possum.
311 2799 466 2831 Ceterum
495 2803 573 2840 quia
603 2803 734 2832 numeri
770 2812 822 2842 ap.
866 2801 984 2838 hortis,
999 2801 1090 2831 velut
1105 2810 1215 2835 cavea,
1229 2797 1411 2838 prospicere
1426 2801 1521 2825 extra
1532 2801 1567 2827 et

124 2839 259 2870 Latinos
275 2849 343 2870 non
358 2852 416 2882 per
430 2843 569 2882 primam
584 2843 673 2873 verbi
688 2844 822 2879 literam
866 2844 997 2874 avolare
1023 2852 1155 2883 cupere.
1180 2850 1258 2871 nam
1282 2840 1344 2869 icta
1366 2847 1440 2868 eum
1466 2837 1568 2868 Bosio

119 2883 364 2922 exprimuntur,
380 2884 434 2914 sed
450 2895 507 2924 per
522 2886 629 2923 signa,
645 2886 758 2927 scripsi
774 2885 821 2918 D.
867 2885 1053 2925 intelligere
1068 2882 1299 2915 adverbialiter
1312 2889 1372 2920 pro
1390 2881 1481 2917 illac,
1499 2889 1567 2916 non

121 2936 137 2954 e
153 2933 217 2964 quo
232 2930 265 2956 et
283 2924 327 2967 Ω.
343 2927 432 2957 nasoi
450 2927 571 2965 potuit.
867 2928 1041 2967 patiuntur
1056 2930 1178 2963 cetera,
1194 2933 1300 2962 mare,
1318 2923 1447 2954 evolare
1461 2923 1566 2963 cupio,

784 2975 912 3011 xxss
