1940 3231
769 129 978 169 LIBER
1013 129 1102 170 XV.
1581 135 1660 172 845

207 231 415 289 gationiS,
438 241 499 287 ut,
521 248 622 277 eum
642 235 760 286 velis,
787 235 982 287 introire,
1003 235 1137 286 exire,
1161 233 1316 277 liceat:
1348 236 1388 266 83
1401 234 1518 290 quod
1539 249 1658 278 nune

209 290 318 332 mihi
349 291 541 333 additum
578 302 657 335 est.
692 292 802 334 bella
822 301 888 334 est
909 301 1054 335 autem
1077 291 1208 348 hujus
1233 291 1349 348 juris
1369 292 1656 348 quinquennii

204 346 395 390 licentia.
418 365 678 407 quamquam
701 350 805 404 quid
834 350 886 391 de
908 350 1207 407 quinquennio
1231 350 1453 406 cogitem?
1483 361 1657 395 contra-

205 404 252 447 hi
276 407 382 448 mihi
405 409 630 464 negotium
655 407 838 449 videtur.
863 409 934 450 sed
956 413 1156 462 βλάσφημοι
1178 408 1418 450 mittamus.

645 496 883 540 CICERO
913 497 1146 540 ATTICO
1178 498 1223 540 S.
1675 504 1725 541 12

207 550 390 607 BENE
422 565 665 608 mehercule
686 567 739 608 de
763 567 998 609 Buthroto.
1031 578 1077 609 at
1106 583 1189 624 ego
1211 567 1417 609 Tironem
1439 566 1492 608 ad
1517 565 1653 608 Dola·
1664 575 1697 607 b.

203 621 361 664 bellam
381 638 478 664 cum
503 623 673 676 litteris,
695 625 1017 681 quiajusseraS‚
1040 625 1257 667 miseram.
1276 625 1380 681 quid
1405 627 1560 666 nocet?
1583 624 1654 666 De

202 680 415 731 8'inlustris
448 692 594 723 autem
627 681 881 725 Antiatibus
912 684 1014 724 satis
1046 684 1224 725 videbar
1262 683 1389 739 plane
1417 682 1654 738 scripsisse,

202 747 252 777 ut
285 752 372 779 non
404 739 638 792 dubitares,
674 752 817 783 essent
850 741 954 798 quin
988 741 1117 783 otiosi
1152 740 1303 793 futuri,
1338 740 1542 796 usurique
1577 741 1654 782 be-

201 793 361 837 neficio
393 795 575 840 Antonii
610 799 942 841 contumelioso.
992 798 1167 841 Cassius
1202 799 1531 840 frumentariam
1561 813 1654 841 rem

199 855 527 909 aspernabatur.
550 871 644 897 eam
676 857 858 899 Servilia
880 857 1144 898 sublaturam
1175 871 1230 898 ex
1255 867 1428 898 senatus
1450 856 1653 899 consulto

197 922 245 955 sse
261 925 354 952 esse
373 912 562 955 dicebat.
586 918 626 946 85
643 924 787 965 noster
809 930 926 966 vero,
946 920 1005 956 καὶ
1021 918 1127 967 μέλω
1145 920 1269 967 σεμνὸς,
1284 915 1327 955 in
1342 914 1508 964 Asiam,
1533 923 1652 970 post-

200 981 384 1024 eaquam
420 971 526 1013 mihi
556 983 622 1013 est
651 987 863 1025 assensus,
888 982 984 1014 tuto
1016 986 1059 1012 se
1085 970 1240 1012 Romae
1264 986 1354 1013 esse
1387 987 1474 1012 non
1509 987 1652 1028 posse.

200 1024 326 1068 ludos
361 1029 475 1070 enim
499 1031 653 1071 absens
675 1030 817 1072 facere
843 1031 1046 1072 malebat.
1069 1030 1216 1069 statim
1239 1042 1384 1070 autem
1409 1044 1451 1070 se
1473 1030 1652 1082 iturum,

201 1083 330 1127 simul
352 1102 402 1128 ac
424 1086 624 1129 ludorum
646 1099 902 1145 apparatum
926 1088 994 1138 iis,
1016 1087 1090 1142 qui
1114 1089 1303 1128 curaturi
1328 1097 1494 1140 essent3
1518 1088 1652 1130 tradi-

202 1141 349 1184 disset.
384 1145 558 1201 navigia
581 1145 830 1202 colligebat.
862 1155 954 1187 erat
984 1145 1153 1186 animus
1186 1144 1228 1184 in
1255 1160 1398 1186 cursu.
1422 1146 1585 1187 interea
1606 1146 1652 1188 in

199 1199 362 1242 eisdem
383 1201 489 1244 locis
512 1214 633 1244 erant
658 1202 808 1245 futuri.
849 1204 1011 1245 Brutus
1035 1201 1212 1258 quidem
1236 1217 1279 1243 se
1303 1204 1447 1244 aiebat
1461 1203 1653 1245 Asturae.

202 1257 253 1298 L.
288 1259 465 1314 quidem
499 1260 718 1303 Antonius
749 1262 983 1303 liberaliter
1014 1260 1169 1301 litteris
1203 1260 1293 1302 sine
1325 1276 1428 1303 cura
1459 1275 1528 1302 me
1559 1275 1653 1302 esse

190 1313 337 1370 jubet.
361 1317 501 1360 habeo
528 1333 658 1360 unum
684 1319 971 1361 beneficium:
996 1317 1175 1358 alterum
1202 1317 1399 1370 fortasse,
1416 1319 1458 1360 ni
1483 1319 1525 1360 in
1543 1318 1655 1360 Tus-

197 1372 400 1416 culanum
426 1377 606 1419 venerit.
629 1392 655 1418 o
686 1378 866 1434 negotia
897 1391 981 1418 non
1013 1375 1211 1418 ferenda!
1245 1392 1343 1432 quae
1368 1378 1568 1418 feruntur
1589 1387 1653 1418 ta-

199 1445 316 1472 lnen.
343 1436 403 1471 τᾶν
423 1433 450 1472 δ’
473 1436 584 1473 αἰτίαν
612 1438 671 1474 τῶν
696 1438 827 1489 Βξέτων
848 1437 896 1479 τίς
915 1436 1023 1488 εἶχεν.)
1061 1433 1323 1488 Οςῐίῑΐὶᾶῠο,
1355 1444 1401 1476 ut
1436 1435 1656 1492 perspexi,

200 1488 304 1530 satis
327 1489 508 1544 ingenii,
537 1491 639 1531 satis
665 1491 824 1532 animi:
856 1491 1173 1547 videbaturque
1205 1507 1310 1548 erga
1342 1502 1514 1534 nostros
1544 1494 1653 1549 ἕξωοις

199 1545 262 1587 ita
295 1546 403 1598 fore,
429 1557 476 1588 ut
502 1562 580 1588 nos
609 1547 829 1599 vellemus,
852 1549 1083 1590 animatus.
1108 1549 1181 1590 sed
1204 1550 1308 1605 quid
1332 1551 1452 1592 aetati
1474 1552 1654 1592 creden-

198 1604 302 1646 dum
333 1605 404 1656 sit,
426 1604 530 1660 quid
555 1606 738 1657 nomini,
761 1606 865 1661 quiri
891 1606 1135 1658 hereditati,
1159 1609 1263 1662 quid
1286 1613 1480 1661 κατηχήσω,
1505 1609 1654 1665 magni

198 1661 369 1703 consilii
403 1673 481 1704 est.
510 1663 690 1705 vitricus
722 1664 896 1719 quidem
934 1664 1042 1705 nibil
1063 1666 1295 1716 censebat3
1326 1680 1455 1721 quem
1477 1665 1654 1709 Asturae

199 1720 402 1761 vidimus.
435 1720 508 1761 sed
542 1730 686 1763 tamen
719 1721 896 1763 alendus
921 1732 1010 1764 est:
1043 1732 1102 1774 et,
1124 1733 1173 1764 ut
1197 1723 1302 1764 nihi]
1326 1723 1458 1775 aliud,
1483 1725 1538 1766 ab
1561 1724 1655 1766 An-

197 1778 320 1819 tonio
343 1778 654 1834 sejungendus.
716 1778 953 1822 Marcellus
987 1780 1206 1836 praeclare,
1228 1782 1269 1812 86
1283 1782 1317 1822 si
1348 1782 1549 1838 praeeipit
1575 1797 1655 1824 no-

196 1845 286 1877 stro
310 1837 470 1879 nostri:
504 1837 574 1878 cui
597 1837 773 1893 quidem
798 1837 868 1879 ille
890 1839 1062 1880 deditus
1084 1838 1193 1879 mihi
1220 1839 1461 1881 videbatur.
1497 1840 1654 1882 Pansae

196 1904 343 1948 autem
370 1904 415 1936 et
438 1893 589 1937 Hirtio
614 1910 701 1936 non
734 1895 866 1937 nimis
899 1897 1118 1938 credebat.
1151 1897 1268 1938 bona
1297 1897 1478 1950 indoles,
1502 1900 1552 1938 ἐὰν
1580 1899 1655 1938 διαι-

191 1968 293 2004 μ“”ῃ’
636 2005 876 2048 CICERO
907 2005 1139 2049 ATTICO
1172 2007 1217 2048 s,
1674 2018 1724 2055 13

199 2062 464 2117 OCTAVO
491 2073 590 2116 Kal,
613 2074 718 2116 duas
741 2091 765 2116 a
788 2085 830 2116 te
852 2076 999 2131 accepi
1026 2076 1247 2132 epistolas.
1273 2076 1545 2132 respondebo
1568 2074 1655 2131 igi-

193 2142 264 2174 tur
300 2132 432 2188 priori
474 2132 603 2188 prius,
662 2132 890 2175 Assentior
922 2134 1018 2185 tibi,
1040 2144 1089 2175 ut
1119 2149 1199 2175 nec
1221 2134 1353 2176 duces
1391 2134 1540 2185 simus,
1572 2147 1653 2175 nec

196 2204 353 2247 agmen
377 2204 615 2246 cogamu53
646 2189 868 2232 faveamus
889 2203 1049 2233 tamen.
1093 2195 1131 2226 87
1148 2192 1407 2234 Orationem
1431 2192 1509 2232 tibi
1535 2191 1649 2232 misi.

193 2249 290 2305 ejus
313 2247 611 2289 custodiendae
633 2248 970 2305 etproferendae
995 2250 1224 2291 arbitrium
1256 2260 1395 2291 tuum.
1417 2250 1491 2291 sed
1513 2263 1650 2306 quan-

193 2307 252 2348 do
275 2306 395 2348 illum
415 2306 545 2356 diem,
567 2320 666 2347 cum
694 2316 738 2348 tu
762 2308 972 2349 edendam
997 2311 1152 2364 putes?
1176 2308 1395 2359 Inducias‚
1416 2323 1523 2364 quas
1546 2307 1784 2352 501·ἰ-,Ρ·244·

195 2365 278 2415 bis,
301 2379 388 2405 non
412 2363 610 2420 intelligo
633 2364 726 2405 fieri
750 2380 892 2421 posse.
917 2366 1067 2407 melior
1088 2378 1154 2408 est
1174 2370 1455 2418 ammonam-loa:
1477 2380 1565 2421 qua
1583 2379 1652 2407 me
1664 2365 1695 2386 a.

195 2437 374 2464 usurum
397 2423 599 2464 arbitror.
637 2422 767 2469 Quod
792 2424 945 2465 scribis
970 2427 1009 2455 88
1023 2423 1216 2480 legiones
1239 2425 1345 2465 duas
1370 2423 1654 2476 Brundisium

195 2480 387 2533 venisse3
419 2496 496 2522 vos
519 2480 668 2521 omnia
701 2481 835 2537 prius.
857 2482 1018 2524 scribes
1041 2482 1193 2538 igitur,
1216 2482 1428 2538 quidquid
1451 2481 1655 2524 audieris.

237 2613 277 2642 83
311 2612 397 2651 quod
428 2621 518 2642 nunc
547 2613 630 2642 mihi
659 2612 812 2642 additum
838 2611 898 2652 est]
943 2614 1022 2644 stris
1035 2613 1179 2653 legatur,
1195 2618 1235 2644 ut
1258 2618 1309 2644 est
1331 2614 1367 2644 in
1391 2613 1473 2645 Mss.
1489 2613 1591 2645 Paris.
1606 2614 1656 2645 ita

195 2656 281 2685 Cum
299 2654 444 2693 Legatus
459 2654 645 2685 Dolabella!
660 2654 768 2685 factus
782 2664 866 2685 sum.
945 2663 1013 2686 est:
1039 2657 1173 2694 nostris,
1198 2656 1319 2695 Bruto,
1345 2657 1459 2688 Cassio
1478 2657 1538 2688 ἃς.
1557 2657 1655 2688 bene·

238 2699 278 2728 84
300 2698 419 2728 nostris
444 2697 651 2738 Antiatibus]
677 2697 798 2736 Bruto,
825 2699 904 2730 Cas-
946 2699 1060 2729 volum
1075 2709 1156 2730 esse.

194 2739 244 2770 sio
260 2740 320 2770 ἃς.
338 2738 377 2769 de
393 2739 509 2779 quibus
525 2750 576 2779 ep.
593 2750 703 2781 super.
990 2745 1029 2776 87
1058 2741 1248 2773 Orationem
1264 2747 1288 2774 t.
1302 2742 1391 2783 misi]
1417 2753 1449 2773 v.
1464 2752 1516 2782 ep.
1530 2744 1562 2773 3.
1578 2745 1611 2773 4.

238 2785 278 2813 85
301 2786 409 2812 noster
423 2782 511 2822 vero]
537 2783 675 2814 Brutus.
990 2787 1030 2816 38
1054 2785 1189 2824 legionis
1210 2785 1242 2816 d.
1265 2785 1311 2817 B.
1329 2785 1465 2825 venisse]
1491 2785 1520 2815 E
1540 2784 1653 2816 Mace-

201 2859 204 2862 *
236 2825 277 2856 86
297 2825 326 2855 si
348 2826 502 2865 proecz'pit
529 2831 637 2857 nostro
663 2826 780 2866 nostri]
806 2826 902 2857 Acci·
946 2826 1046 2858 donia
1063 2837 1108 2858 sc.
1125 2828 1284 2859 adductas
1302 2839 1321 2859 a
1337 2829 1374 2859 C.
1389 2828 1557 2859 Antonio:
1581 2837 1658 2869 quae

193 2867 292 2907 piunt
316 2868 359 2908 Ω.
375 2867 540 2904 Ciceroni,
561 2869 603 2909 Ω.
626 2869 712 2900 filio.
729 2868 846 2900 melius
862 2869 904 2900 ad
947 2869 1064 2903 deinde
1079 2870 1119 2903 ad
1132 2871 1311 2904 Octavium
1325 2871 1497 2903 transiere.

192 2910 370 2943 Octavium
394 2909 546 2948 trahunt,
561 2911 692 2952 sedita,
708 2918 746 2943 ut
759 2916 835 2954 post
849 2922 904 2943 no-
