1940 3231
305 155 384 190 663
717 150 900 190 EPIST.
928 151 1005 190 AD
1032 152 1318 197 ATTICUM,

303 254 440 297 millia
462 267 573 296 xxx.
596 262 639 296 et
668 256 878 307 consuleS,
899 256 984 297 duo
1012 265 1055 297 et
1077 257 1238 298 tribuni
1262 255 1411 314 plebis,
1432 262 1476 297 et
1497 264 1726 311 senatores,

305 312 379 367 qui
404 311 575 354 fuerunt
595 327 692 354 cum
715 328 780 363 ρο,
803 328 950 354 omnes
972 328 1069 354 cum
1101 316 1307 356 uxoribus
1329 322 1371 355 et
1391 313 1550 354 liberis.
1612 313 1727 356 Con-

260 370 521 414 b.sce11disse
551 370 708 411 dicitur
738 384 775 410 a.
799 370 840 411 d.
867 385 913 411 ιν
939 370 1086 411 Nonas
1120 370 1251 412 Mart.
1274 386 1328 412 ex
1360 386 1410 411 ea
1435 370 1503 411 die
1526 370 1643 412 fuere
1666 386 1730 411 se-

304 428 586 483 ptemtriones
610 426 738 467 venti.
762 441 904 476 naveS,
927 427 1080 481 quibus
1103 443 1200 469 usus
1225 443 1310 469 non
1332 437 1410 478 est,
1433 442 1580 468 omnes
1605 430 1641 458 ¹4
1654 437 1730 468 aut

304 484 565 539 praecidisse,
587 492 660 524 aut
682 483 921 523 incendisse
942 484 1105 524 dicunt.
1127 485 1179 525 de
1200 485 1280 527 hac
1303 500 1345 526 re
1373 484 1524 525 litterae
1558 484 1607 524 L.
1631 483 1730 525 Me-

303 539 405 581 tello
438 541 610 581 tribuno
641 539 776 594 plebis
809 539 1003 594 Capuam
1035 540 1171 582 allatae
1204 553 1302 583 sunt
1332 543 1385 582 ab
1415 541 1567 582 Clodia
1589 555 1730 592 socru,

303 611 400 652 quae
425 597 516 652 ipsa
539 596 720 636 transiit.
743 605 841 636 ante
872 596 1078 637 sollicitus
1104 612 1218 639 eram
1243 609 1285 639 et
1307 600 1509 654 angebar,
1532 599 1642 639 sicut
1663 612 1728 638 res

304 655 467 695 scilicet
489 653 582 708 ipsa
603 653 802 708 cogebat,
821 667 917 693 curn
941 654 1120 694 consilio
1151 655 1366 710 explicare
1397 655 1503 696 nihil
1534 668 1727 711 possem:

302 725 417 752 nune
439 721 596 760 autem,
616 719 843 765 postquam
868 709 1099 765 Pompeius
1118 722 1161 753 et
1177 712 1370 753 consules
1391 727 1444 753 ex
1469 712 1594 754 Italia
1611 711 1728 754 exie-

302 776 417 819 runt,
441 781 526 808 non
548 780 698 822 angor,
721 767 793 807 sed
816 767 943 807 ardeo
966 767 1136 810 dolore:

923 832 1005 870 013>ss
1020 850 1077 882 μοι
1096 832 1172 886 ἧτος

653 883 835 934 ”Εμπεδον,
854 885 936 921 ἀλλ’
954 885 1195 934 ἀλαλὺκτημοιι
1213 900 1222 921 t

301 969 388 996 non
431 969 538 1005 sum,
580 954 770 1009 inquam,
807 953 911 994 mihi
954 954 1093 1004 crede,
1131 954 1286 994 mentis
1327 968 1529 1010 compos3
1562 962 1732 997 tantum.

301 1011 407 1053 mihi
441 1012 660 1053 dedecoris
691 1011 911 1051 admisisse
935 1011 1093 1051 videor.
1157 1014 1192 1042 ¹5
1210 1011 1286 1053 Me
1311 1025 1394 1052 non
1424 1012 1608 1067 primum
1629 1027 1730 1054 cum

302 1068 528 1124 Pompeio,
546 1068 847 1124 qualicumque
869 1068 1047 1109 consilio
1071 1083 1162 1118 USO,
1181 1068 1335 1109 deinde
1356 1083 1456 1110 cum
1480 1069 1601 1110 bonis
1623 1076 1731 1121 esse,

299 1127 496 1181 quamvis
517 1141 644 1167 causa
663 1136 819 1166 temere
844 1125 1061 1166 instituta?
1086 1125 1319 1181 praesertim
1339 1141 1436 1167 cum
1457 1126 1484 1166 ii
1506 1126 1601 1181 ipsi,
1618 1141 1725 1182 quo-

301 1198 394 1224 rum
426 1197 507 1238 ego
540 1198 666 1224 causa
699 1182 887 1223 timidius
921 1197 987 1222 me
1020 1183 1203 1223 fortunae
1235 1183 1574 1234 committebam,
1605 1198 1732 1235 uxor,

300 1241 401 1291 filia,
437 1240 665 1281 Cicerones
700 1240 832 1294 pueri,
856 1254 923 1279 me
955 1239 1055 1279 iliud
1089 1239 1206 1294 sequi
1239 1239 1443 1282 mallent?
1475 1240 1556 1281 hoc
1589 1249 1728 1296 turpe,

299 1308 343 1338 et
385 1312 449 1338 me
489 1298 713 1352 indignum
754 1298 984 1352 putarent?
1014 1311 1113 1336 nam
1147 1296 1337 1342 Quintus
1374 1297 1546 1352 quidem
1583 1297 1729 1348 frater,

299 1354 508 1409 quidquid
526 1355 631 1394 milii
657 1354 855 1410 placeret,
874 1353 916 1393 id
937 1362 1099 1394 rectum
1120 1368 1164 1394 se
1184 1363 1332 1409 putare
1346 1354 1501 1405 aiebat,
1522 1354 1565 1394 id*
1583 1354 1728 1395 animo

299 1412 544 1466 aequissimo
577 1413 847 1466 sequebatur.
871 1419 963 1450 tuas
994 1424 1108 1451 nune
1130 1411 1331 1466 epistolas
1355 1411 1428 1451 16a
1450 1411 1588 1467 primo
1611 1410 1724 1468 lego.

296 1467 365 1509 hae
399 1483 465 1509 me
497 1467 684 1523 paullum
717 1476 922 1508 recreant.
946 1468 1095 1521 primae
1127 1477 1303 1508 monent
1324 1476 1367 1508 ct
1394 1478 1561 1523 rogant,
1583 1482 1637 1508 ne
1658 1483 1728 1509 me

293 1525 538 1580 projiciam.
563 1525 774 1581 proximae
806 1534 847 1565 te
879 1525 1063 1580 gaudere
1094 1525 1340 1575 ostendunt,
1362 1539 1430 1565 me
1461 1526 1727 1566 remansisse.

293 1596 365 1623 eas
389 1597 487 1623 cum
509 1582 621 1638 lego,
641 1583 782 1623 minus
801 1581 906 1622 mihi
931 1582 1065 1637 turpis
1085 1581 1246 1632 videor,
1271 1584 1305 1614 ¹7
1317 1581 1389 1622 sed
1413 1591 1497 1622 tam
1516 1581 1604 1632 diu,
1623 1582 1728 1623 dum

292 1637 420 1695 lego:
469 1639 622 1680 deinde
670 1639 852 1695 emergit.
896 1652 1062 1679 rursum
1104 1638 1241 1687 dolor,
1281 1647 1324 1678 et
1363 1645 1506 1693 αἰσχροῦ
1544 1642 1729 1687 <omma-120.

292 1696 574 1750 quamobrem
606 1697 785 1736 obsecro
816 1704 871 1747 te,
895 1695 951 1735 mi
983 1693 1095 1747 Tite,
1117 1696 1233 1751 eripe
1256 1695 1359 1735 mihi
1384 1695 1497 1735 hunc
1519 1694 1727 1745 dolorem,

291 1762 365 1793 aut
400 1754 541 1794 minue
573 1753 736 1803 saltem,
758 1762 832 1793 aut
863 1751 1171 1803 consolatione,
1194 1761 1269 1792 aut
1299 1751 1494 1801 consilio,
1516 1760 1590 1792 aut
1620 1766 1726 1806 qua-

288 1824 477 1865 cumque
507 1825 550 1851 re
582 1821 718 1866 potes.
750 1809 853 1865 quid
887 1819 931 1849 tu
963 1818 1106 1850 autem
1148 1809 1315 1866 possis?
1347 1817 1420 1850 aut
1449 1808 1553 1863 quid
1594 1807 1726 1849 homo

287 1867 546 1922 quisquam?
579 1868 650 1909 vix
692 1867 810 1908 Deus
841 1866 949 1921 jam.
1011 1865 1223 1921 Equidem
1260 1865 1362 1906 illud
1404 1864 1572 1916 molior,
1611 1865 1728 1920 quod

289 1933 336 1964 tu
361 1939 509 1966 mones
532 1939 760 1981 sperasque
783 1923 872 1964 fieri
898 1937 1037 1979 posse,
1061 1932 1108 1964 ut
1130 1923 1235 1964 mihi
1261 1922 1408 1964 Caesar
1430 1922 1655 1972 concedat,
1677 1931 1730 1963 ut

289 1981 443 2033 absim,
462 1996 559 2022 cum
583 1981 742 2036 aliquid
767 1981 809 2021 in
833 1990 982 2021 senatu
1005 1988 1155 2022 contra
1178 1979 1363 2021 Cnaeum
1385 1988 1552 2035 agatur.
1575 1979 1648 2020 sed
1670 1978 1727 2019 ti-

287 2051 401 2089 meo,
431 2053 484 2080 ne
516 2054 602 2080 non
636 2039 876 2094 impetrem.
910 2038 1028 2078 venit
1059 2038 1114 2078 ab
1147 2052 1197 2078 eo
1233 2037 1431 2088 Furnius,
1455 2041 1522 2089 (ut
1551 2035 1726 2090 quidem

157 2106 276 2146 p-139.
290 2095 413 2146 scias,
443 2110 551 2151 quos
583 2096 828 2150 sequamur)
860 2095 917 2139 Q.
943 2093 1095 2135 Titinii
1133 2094 1271 2134 filium
1301 2108 1398 2135 cum
1432 2093 1604 2134 Caesare
1634 2107 1727 2134 esse

240 2158 272 2180 a.
288 2154 484 2194 nuntiat:
518 2153 590 2194 sed
621 2152 740 2193 illurn
773 2151 956 2206 majores
987 2151 1095 2192 mihi
1127 2151 1286 2206 gratias
1317 2164 1458 2207 agere,
1479 2164 1607 2204 quam
1637 2149 1727 2190 vel-

285 2208 385 2250 lem.
421 2209 525 2265 quid
566 2218 710 2251 autem
752 2223 819 2250 me
857 2216 995 2264 roget,
1034 2209 1202 2263 (paucis
1241 2207 1311 2248 ille
1350 2207 1524 2263 quidem
1565 2206 1726 2258 verbis,

285 2267 359 2308 sed
392 2270 419 2308 ἐν
446 2269 612 2321 boveiam)
647 2280 862 2322 cognosce
900 2280 954 2306 ex
994 2265 1127 2321 ipsius
1162 2264 1358 2321 epistola.
1398 2279 1466 2305 me
1506 2263 1726 2314 miserum,

284 2324 402 2379 quod
427 2332 472 2364 tu
498 2338 582 2365 non
607 2323 794 2365 valuisti.
826 2337 911 2363 una
940 2321 1199 2364 fuissemus:
1232 2321 1460 2363 consilium
1490 2328 1606 2362 certe
1635 2334 1723 2362 non

287 2381 494 2422 defuisset

596 2435 662 2473 Σῦν
679 2451 713 2473 τε
731 2434 779 2473 317
796 2436 964 2487 ἔςχομένῳ.

284 2505 359 2547 sed
384 2513 480 2546 acta
499 2519 553 2546 ne
583 2519 786 2562 agamus3
817 2504 981 2571 reliqua
1008 2518 1222 2560 paremus.
1254 2518 1323 2546 me
1355 2503 1497 2545 adhuc
1518 2503 1614 2545 haec
1636 2503 1722 2545 duo

332 2648 370 2676 14
391 2649 451 2676 aut
468 2643 665 2685 praecidisse]
690 2655 720 2676 v.
735 2644 827 2677 Clav.
843 2645 878 2675 in
895 2655 982 2686 proe-
1025 2645 1194 2684 temporis,
1209 2645 1406 2682 initiumque
1420 2644 1504 2673 facio
1519 2653 1538 2673 a
1550 2644 1670 2684 prima,
1683 2649 1723 2674 ut

286 2688 404 2719 cidere.
1026 2686 1180 2716 nonnulli
1199 2687 1318 2726 corrigi
1334 2685 1475 2716 voluere.
1498 2685 1554 2716 sed
1575 2695 1660 2726 saepe
1677 2687 1724 2724 εἰς

333 2733 369 2762 15
392 2730 448 2761 Me
477 2739 540 2760 non
564 2728 727 2768 primum]
759 2728 875 2758 Delevi
906 2738 982 2759 cum
1025 2732 1059 2759 et
1077 2739 1099 2759 α
1111 2729 1229 2768 primo.

286 2772 417 2802 Graevio
439 2782 478 2802 ne
499 2771 533 2801 in
556 2770 663 2807 illene,
682 2770 768 2810 quod
784 2770 870 2801 Vict.
894 2770 983 2800 addi·
1069 2774 1104 2804 17
1129 2771 1183 2801 sed
1198 2774 1268 2800 tam
1283 2770 1352 2806 diu,
1369 2769 1447 2798 dum
1463 2768 1546 2808 lego]
1573 2773 1644 2809 tam
1665 2770 1722 2800 diu

286 2814 348 2845 dit.
378 2814 567 2854 Superiores
580 2822 694 2844 omnes
710 2814 765 2845 Ale
780 2822 842 2843 non
853 2824 863 2841 .·
887 2811 982 2851 idque
1025 2812 1106 2843 mihi
1124 2812 1162 2843 de
1173 2812 1280 2852 glossa
1295 2816 1482 2851 suspectum
1498 2820 1625 2853 semper
1638 2811 1703 2843 fuit
1712 2823 1723 2856 :¹

286 2855 471 2895 elegantius
487 2861 549 2887 est.
1025 2864 1103 2888 nam
1119 2854 1150 2886 id
1167 2858 1218 2887 est
1232 2855 1267 2887 in
1281 2854 1375 2886 dum.

333 2898 370 2930 16
391 2907 413 2930 a
436 2899 545 2939 primo
573 2896 658 2939 lego]
689 2897 716 2930 i.
744 2908 772 2928 e.
799 2907 839 2929 ex
869 2895 982 2929 ordine
