1940 3231
690 136 906 178 mnan
941 136 1008 174 vr.
1489 142 1566 183 ⁶03

135 256 261 304 porta
294 261 380 289 non
415 244 509 302 plus
545 242 716 293 extulit,
749 255 878 296 quam
916 240 1047 282 domo
1085 253 1174 289 sua,
1213 239 1476 282 adniteretur
1511 242 1569 284 de

138 304 371 360 triumpho,
394 317 518 358 aequo
549 302 692 343 animo
723 312 873 340 essem.
904 311 1020 339 nunc
1044 310 1143 340 vero
1173 303 1310 352 αἰσχρὸν
1329 304 1469 352 maz-gv.
1493 300 1568 343 sed

135 363 314 418 explora
346 375 434 402 rem
469 367 627 400 totam:
662 365 722 406 ut,
758 370 844 410 quo
874 355 943 397 die
972 353 1190 410 congressi
1223 355 1396 403 erimus,
1426 359 1566 397 consi-

134 419 239 460 lium
261 432 412 474 capere
435 415 659 471 possimus.
718 412 779 455 At
801 411 960 464 multa;
992 412 1066 466 qui
1088 421 1130 452 et
1154 424 1441 467 properarem,
1462 421 1507 451 et
1527 414 1566 454 ei

134 476 296 518 litteras
327 475 485 523 darem,
519 471 592 526 qui
625 478 699 511 aut
738 484 922 520 mecum,
954 478 1029 511 aut
1059 468 1203 525 paullo
1232 477 1332 511 ante
1362 477 1566 515 venturus

135 543 261 574 esset.
323 531 474 572 Cicero
498 528 577 569 tibi
601 527 827 584 plurimam
857 527 1036 569 salutem
1059 526 1179 567 dicit.
1204 534 1249 567 tu
1271 525 1386 568 dices
1410 525 1567 566 utrius-

133 606 218 647 que
239 587 431 631 nostrfim
455 585 595 627 verbis
618 593 661 625 et
685 584 807 627 Piliae
831 594 932 635 tuae,
955 593 997 624 et
1016 583 1132 627 filiae.

573 668 806 710 CICERO
829 666 1057 708 ATTICO
1081 667 1124 707 S.
1577 678 1606 717 9

133 734 208 787 IN
232 744 397 785 Piraeea
418 757 516 783 cum
547 744 731 783 exissem
760 741 870 798 prid.
895 740 996 782 Idus
1022 740 1183 782 Octob.
1206 740 1353 796 accepi
1377 740 1430 780 ab
1453 737 1566 782 Aca-¹

134 815 214 853 sto,
238 816 359 843 servo
393 815 504 852 meo,
528 800 671 841 statim
705 810 798 840 tuas
822 799 982 839 litteras
1002 815 1010 840 :
1045 814 1148 854 quas
1173 799 1346 854 quidem
1369 812 1466 838 cum
1490 813 1566 839 ex-

131 870 388 915 spectassem
422 860 515 913 jam
554 858 642 909 diu,
676 858 909 898 admiratus
945 870 1054 907 sum,
1090 865 1136 897 ut
1169 856 1256 897 vidi
1289 855 1565 911 obsignatam

131 917 372 973 epistolam,
395 916 649 957 brevitatem
673 915 779 971 ejus,
803 924 849 954 ut
871 914 1032 969 aperui,
1057 927 1196 954 rursus
1213 916 1377 966 ο-ὑγχυσιν
1400 913 1562 954 litteru-

130 973 281 1026 larum,
323 974 364 1004 26
377 989 473 1029 quae
513 973 651 1014 solent
694 983 777 1013 tuae
819 971 1194 1026 compositissimae
1236 981 1279 1013 et
1317 970 1565 1018 clarissimae

133 1046 224 1072 esse
245 1050 253 1074 :
286 1047 350 1082 ac,
385 1046 437 1072 ne
472 1031 618 1081 multa,
641 1029 826 1086 cognovi
863 1043 916 1068 ex
947 1042 1013 1078 eo,
1036 1028 1150 1082 quod
1174 1028 1234 1068 ita
1256 1028 1500 1083 scripseras,
1523 1038 1566 1069 te

133 1088 320 1130 Romam
351 1090 516 1130 venisse
545 1104 582 1129 a.
605 1088 646 1128 d.
670 1102 762 1128 xli.
789 1085 970 1126 Kalend.
996 1084 1155 1126 Octob.
1178 1099 1276 1126 cum
1312 1083 1436 1125 febri.
1472 1100 1567 1141 per-

133 1161 279 1187 cussus
314 1147 600 1195 vehementer,
624 1159 702 1185 nec
732 1144 886 1199 magis,
908 1157 1036 1198 quam
1070 1142 1215 1193 debui,
1237 1142 1381 1182 statim
1416 1157 1566 1196 quaero

130 1218 185 1244 ex
210 1204 384 1245 Acasto.
414 1204 482 1244 ille
517 1213 560 1244 et
591 1202 669 1244 tibi
693 1212 735 1242 ct
769 1201 849 1241 sibi
876 1201 1027 1251 visum,
1050 1210 1093 1240 et
1116 1200 1175 1240 ita
1197 1213 1240 1240 se
1263 1199 1378 1239 domi
1402 1213 1455 1240 ex
1481 1201 1564 1241 tuis

131 1262 312 1312 audisse,
337 1272 383 1302 ut
406 1260 511 1301 nihil
541 1270 651 1300 esset
687 1258 974 1300 incommode.
997 1258 1037 1299 id
1065 1257 1288 1298 videbatur
1310 1258 1564 1312 approbare,

130 1319 244 1373 quod
281 1330 370 1360 erat
405 1318 445 1358 in
480 1327 690 1368 extremo,
723 1315 975 1358 febriculam
1009 1325 1100 1355 tum
1134 1324 1175 1355 te
1203 1314 1434 1355 habentem
1462 1317 1565 1356 scri-

129 1377 277 1431 psisse.
311 1376 383 1417 sed
414 1376 554 1416 amavi
589 1385 746 1425 tamen,
780 1373 1099 1427 admiratusque
1138 1387 1246 1422 sum,
1279 1371 1393 1427 quod
1427 1371 1564 1414 nihilo

132 1433 273 1474 minus
309 1434 361 1474 ad
395 1447 463 1473 me
498 1442 571 1473 tua
608 1446 735 1472 manu
773 1431 1027 1486 scripsisses.
1067 1443 1197 1484 quare
1233 1429 1285 1471 de
1325 1428 1406 1469 hoc
1446 1431 1608 1471 satis.b.

130 1505 254 1546 spero
285 1491 414 1541 enim,
437 1505 534 1545 quae
569 1499 643 1530 tua
670 1489 898 1544 prudentia
919 1498 963 1528 et
986 1487 1270 1542 temperantia
1299 1495 1377 1537 est,
1401 1494 1444 1526 et
1466 1487 1562 1529 her-

129 1547 238 1600 cule,
260 1557 308 1588 ut
329 1562 397 1588 me
420 1547 550 1602 jubet
571 1545 769 1597 Acastus,
793 1545 965 1587 confido
990 1554 1030 1585 te
1053 1544 1163 1599 jam,
1186 1555 1234 1585 ut
1256 1544 1467 1597 volumus,
1491 1561 1563 1587 va-

127 1604 228 1646 lere.
288 1604 328 1645 A
350 1604 569 1646 Turannio
593 1613 634 1645 te
665 1603 881 1659 accepisse
907 1616 1022 1643 meas
1054 1603 1215 1642 litteras
1246 1604 1429 1657 gaudeo,
1449 1623 1564 1660 mgna-

127 1667 288 1715 φὺλοιξον,
313 1662 347 1704 si
378 1676 447 1702 me
477 1676 608 1713 amaS,
637 1666 690 1705 τὴν
710 1668 749 1700 ⁶27
761 1669 819 1702 τοῦ
837 1667 986 1716 ongean-ov
1005 1663 1197 1711 φιλοτιμίαν
1217 1665 1402 1703 αὐτότατος.
1436 1661 1562 1709 hanc,

127 1735 225 1775 quae
249 1718 489 1760 mehercule
511 1719 619 1761 mihi
642 1733 801 1773 magno
824 1716 960 1758 dolori
990 1724 1080 1756 est:
1113 1716 1245 1758 dilexi
1277 1719 1391 1761 enim
1423 1719 1564 1761 homi-

128 1791 243 1818 nem.
280 1791 476 1832 procura,
509 1775 902 1832 quantulacumque
933 1783 1012 1825 est,
1046 1772 1314 1815 Praecianam
1350 1776 1565 1818 heredita-

127 1843 231 1886 tem,
255 1848 427 1890 prorsus
461 1834 528 1875 ille
562 1848 615 1874 ne
644 1834 847 1889 attingat.
870 1833 1000 1882 dices,
1024 1845 1176 1871 numos
1205 1833 1310 1873 mihi
1343 1848 1450 1890 opus
1473 1850 1565 1876 esse

129 1891 182 1933 ad
215 1902 468 1948 apparatum
503 1891 740 1947 triumphi:
772 1892 815 1931 in
838 1905 939 1946 quo,
964 1899 1010 1930 ut
1043 1889 1258 1944 praecipis‚
1282 1905 1359 1932 nec
1393 1906 1461 1937 me
1482 1899 1564 1933 aaz»

127 1948 173 1989 in
207 1950 451 2005 expetendo
484 1963 736 2005 cognosces,
770 1963 848 1989 nec
879 1951 1006 1996 ἄτυφον
1038 1947 1080 1986 in
1106 1947 1366 2001 abjiciendo.
1430 1949 1563 1991 Intel-

128 2005 215 2052 lexi
249 2021 303 2047 ex
335 2007 418 2047 tuis
450 2007 618 2058 litteris,
642 2016 683 2047 te
717 2021 771 2047 ex
805 2005 1025 2046 Turannio
1047 2003 1228 2055 audisse,
1252 2020 1276 2045 a
1298 2020 1365 2047 me
1389 2008 1562 2062 provin-

129 2063 241 2105 ciam
266 2064 387 2105 fratri
413 2065 629 2105 traditam.
651 2063 802 2105 adeon'
824 2077 906 2119 ego
940 2076 1026 2104 non
1050 2076 1352 2117 perspexeram
1376 2065 1562 2120 pruden-

130 2120 232 2162 tiam
268 2121 505 2163 litterarum
536 2124 735 2163 tuarum?
766 2123 886 2174 ἐπέχειν
921 2129 961 2162 te
991 2120 1222 2161 scribebas.
1245 2121 1346 2176 quid
1373 2132 1463 2163 erat
1484 2123 1562 2164 du-

129 2178 341 2220 bitatione
372 2179 568 2235 dignum,
592 2179 626 2220 si
649 2188 759 2220 esset
781 2178 1030 2233 quidquam,
1065 2192 1140 2219 cur
1166 2177 1351 2233 placeret
1370 2178 1561 2231 fratrem,

129 2246 174 2278 et
205 2236 332 2278 talem
363 2237 551 2287 fratrem,
583 2236 794 2291 relinqui?
825 2239 972 2282 ἀθέτησις
995 2237 1077 2276 ista
1096 2234 1202 2276 mihi
1227 2244 1314 2287 tuna,
1337 2251 1421 2278 non
1444 2242 1558 2291 ἐποχὴ,

128 2294 369 2341 videbatur.
392 2295 596 2335 monebas
627 2294 679 2335 de
711 2294 767 2342 Q.
793 2292 1003 2335 Cicerone
1026 2306 1174 2348 puerO,
1195 2303 1244 2340 ut
1265 2309 1362 2337 eum
1385 2295 1560 2349 quidem

127 2353 377 2408 neutiquam
401 2352 698 2407 relinquerem.
720 2355 835 2404 τούμὸν
852 2353 959 2406 ἕνειξον
986 2354 1063 2402 ἐμοί.
1087 2350 1236 2394 eadem
1259 2352 1419 2403 omnia,
1435 2353 1555 2407 quasi

126 2409 331 2453 collocuti
345 2420 548 2461 essemus,
564 2410 764 2451 vidimus.
783 2407 967 2448 nonfuit
985 2407 1230 2449 faciendum
1251 2409 1387 2461 aliter,
1406 2425 1560 2466 meque

128 2473 295 2524 ἒπιχςονίοι
314 2473 415 2522 ἐποχὴ
438 2477 512 2509 tua
534 2467 805 2511 dubitatione
824 2465 1036 2510 liberavit.
1060 2465 1132 2506 sed
1156 2475 1262 2522 puto
1280 2476 1321 2509 te
1343 2468 1560 2524 accepisse

124 2526 179 2567 de
200 2527 280 2567 hac
303 2540 346 2567 re
367 2525 610 2582 epistolam,
635 2525 841 2580 scriptam
870 2522 1125 2564 accuratius.
1187 2523 1284 2581 Ego
1315 2525 1558 2568 tabellarios

165 2650 207 2681 26
239 2660 308 2690 quae
335 2652 436 2681 solent
463 2655 528 2681 tuae
553 2650 820 2690 compositissimae
859 2652 990 2688 apertas
1008 2647 1134 2679 literas:
1153 2653 1217 2679 tuce
1232 2650 1293 2682 int.
1312 2661 1388 2683 cum
1404 2662 1424 2682 a
1440 2652 1557 2692 teipso

127 2692 201 2731 δια]
220 2693 299 2724 Mss.
318 2693 449 2733 quidam
465 2694 701 2733 copiosissimae:
724 2691 770 2722 sic
785 2696 820 2721 et
862 2691 967 2722 literae
981 2692 1110 2731 scriptae
1126 2697 1216 2723 sunt.

127 2734 178 2764 ed.
192 2735 285 2766 dens.
302 2743 336 2766 et
351 2746 425 2775 (μω
438 2746 477 2766 ex
493 2746 531 2766 ea
554 2736 686 2766 fluxere.
702 2734 820 2774 probat
904 2736 942 2768 27
967 2734 1019 2764 τοῦ
1036 2735 1165 2777 pugnavi]
1185 2735 1299 2775 praem]
1327 2735 1496 2767 Philotimi
1519 2735 1558 2765 li.

125 2776 244 2806 Junius
256 2783 303 2814 et,
315 2782 354 2808 ut
369 2778 508 2816 videtur,
524 2778 685 2813 Graevius:
703 2782 741 2807 ut
756 2776 818 2810 hoe
862 2777 956 2811 berti.
980 2787 1055 2809 mox
1078 2778 1162 2814 dices
1187 2779 1309 2810 iterum
1333 2779 1394 2809 int.
1419 2776 1558 2809 Philoti-

124 2825 312 2859 opponatur
332 2820 498 2858 brevitati,
513 2827 551 2851 ut
573 2820 727 2856 alterum,
749 2820 817 2849 cla·
861 2829 928 2856 mo,
945 2830 1018 2849 cum
1036 2820 1124 2850 volet
1141 2820 1233 2853 inam
1244 2821 1475 2858 hereditatem,
1492 2818 1555 2849 vel-

124 2861 273 2898 rissimoe,
289 2863 482 2893 confusioni.
527 2863 589 2892 Sed
611 2862 663 2892 hie
687 2861 725 2892 de
748 2861 818 2892 sola
861 2868 899 2894 ut
915 2872 988 2893 meo
1004 2864 1149 2900 nomine,
1165 2864 1305 2902 exigere.

124 2903 320 2936 confusione
353 2914 459 2937 sermo
487 2909 550 2943 est,
581 2904 715 2945 cognita
744 2909 819 2946 post
1087 2906 1089 2909 ⁴
