1940 3231
703 138 910 179 LIBER
951 138 1003 177 X.
1496 147 1573 184 703

123 255 189 298 ter
223 262 300 290 nos
334 245 548 289 scribendi
584 244 674 286 fieri
708 253 879 300 tempus
903 257 1009 284 esse.
1044 241 1133 294 sed,
1164 256 1263 284 cum
1291 242 1343 284 acl
1369 257 1438 285 me
1459 261 1574 304 saepe

125 320 224 348 mea
244 305 385 348 Tullia
407 305 581 354 scribat,
604 316 744 353 orans,
764 311 825 352 ut,
850 301 955 357 quid
978 302 1021 342 in
1046 299 1265 357 Hispania
1287 311 1476 356 geratur,
1498 311 1710 353 ex-p.160.

127 373 348 420 spectem;
381 372 423 403 et
445 374 612 416 semper
635 359 868 410 adscribat,
892 359 1006 400 idem
1031 358 1165 399 videri
1190 358 1269 399 tibi
1289 377 1300 411 3
1332 358 1462 413 idque
1486 361 1577 416 ipsc
1590 369 1620 390 ἃ·

127 422 257 463 etiam
293 436 349 462 ex
380 419 463 461 tuis
486 417 638 459 litteris
663 416 976 458 intellexerim:
1010 431 1096 457 non
1130 426 1238 472 puto
1260 430 1352 456 esse
1375 416 1578 470 alienum,

130 494 202 520 me
225 480 278 520 ad
301 489 358 529 te,
380 476 484 532 quid
507 475 559 515 de
580 489 631 515 ea
653 488 697 514 re
720 475 918 526 sentiam,
941 475 1143 515 scribere.
1196 472 1439 515 Consilium
1465 474 1580 517 istud

131 546 237 578 tunc
270 543 381 577 esset
414 532 616 589 prudens,
639 541 687 572 ut
717 532 823 573 mihi
848 533 1032 584 videtur,
1055 532 1089 572 si
1122 541 1288 572 nostras
1316 531 1503 572 rationes
1527 532 1582 575 ad

131 593 471 650 Hispaniensem
504 604 651 630 casum
683 590 1051 631 accommodaturi
1086 604 1300 642 essemus;
1336 590 1454 644 quod
1487 589 1582 631 fieri

130 652 275 693 dicitis
298 658 514 705 oportere.
536 661 710 688 necesse
731 656 796 688 est
817 648 948 699 enim,
971 657 1059 699 aut,
1092 648 1135 688 id
1157 647 1272 703 quod
1296 647 1487 689 maxime
1510 662 1583 689 ve-

128 709 221 759 lim,
255 710 295 741 59
312 706 410 762 pelli
448 705 568 746 illum
604 706 659 746 ab
698 704 939 761 Hispania3
971 714 1046 746 aut
1079 705 1191 746 trahi
1222 705 1264 746 id
1290 704 1475 757 bellum;
1507 716 1582 747 aut

131 766 279 816 istum,
315 774 363 804 ut
393 763 611 804 confidere
648 763 831 813 videtur,
864 762 1186 820 apprehendere
1215 762 1467 818 Hispanias.
1489 764 1530 794 60
1547 764 1583 804 si

131 822 340 883 pelletui·;
385 836 516 877 quam
555 829 718 877 gratus,
761 831 835 862 aut
876 836 1005 876 quam
1044 820 1254 862 honestus
1290 832 1380 861 tum
1413 822 1494 861 erit
1529 822 1584 863 ad

131 880 392 936 Pompeium
417 891 563 919 noster
586 879 821 931 adventus3
853 893 951 920 cum
978 879 1117 934 ipsum
1140 879 1377 920 Curionem
1399 878 1452 920 ad
1482 893 1582 920 euin

133 939 415 980 transiturum
451 939 632 992 putem?
666 936 699 976 si
734 936 917 981 trahitur
952 937 1134 988 bellum3
1176 937 1279 992 quid
1316 946 1583 992 exspectem,

131 1004 209 1037 aut
240 1010 372 1051 quam
405 995 508 1036 diu?
541 994 809 1049 relinquitur,
847 1002 908 1045 ut,
949 994 982 1035 si
1018 995 1234 1035 vincimur
1268 995 1309 1035 in
1351 993 1583 1050 Hispania,

132 1053 420 1109 quiescamus.
462 1052 506 1093 id
548 1067 631 1108 ego
673 1061 825 1093 contra
868 1059 998 1107 puto:
1048 1052 1178 1093 istum
1217 1052 1333 1092 enim
1373 1052 1584 1094 victorem

131 1111 272 1168 magis
306 1110 634 1165 relinquendum
674 1119 795 1164 puto,
825 1109 861 1140 61
881 1124 1009 1164 quam
1039 1109 1206 1151 victum
1240 1119 1284 1150 et
1310 1109 1584 1152 dubitantem

130 1170 287 1226 magis,
323 1183 452 1225 quam
486 1167 692 1208 fidentem
731 1167 818 1208 suis
855 1168 996 1208 rebus.
1037 1182 1137 1208 nam
1171 1168 1335 1208 caedem
1372 1167 1512 1218 video,
1548 1169 1584 1210 si

132 1227 302 1277 vicerit,
339 1235 383 1266 et
421 1226 631 1281 impetum
669 1225 712 1265 in
746 1224 1014 1280 privatorum
1058 1225 1278 1281 pecuniaS,
1321 1233 1365 1265 et
1405 1225 1585 1267 exulum

133 1284 335 1335 reditum,
370 1292 414 1324 et
449 1281 617 1324 tabulas
652 1296 800 1333 novaS,
833 1292 878 1323 et
915 1282 1262 1338 turpissimorum
1302 1282 1500 1335 honores,
1541 1294 1586 1325 et

129 1356 314 1398 regnum
348 1356 436 1382 non
469 1339 600 1381 modo
626 1339 829 1382 Romano
852 1340 1035 1392 homini,
1059 1341 1132 1382 sed
1164 1356 1216 1382 ne
1242 1340 1384 1381 Persae
1409 1341 1584 1397 quidem

131 1401 335 1455 cuiquam
361 1397 599 1441 tolerabile.
621 1397 810 1439 &tacita
839 1412 930 1439 esse
964 1399 1125 1455 poterit
1147 1399 1386 1455 indignitas
1409 1401 1588 1441 nostra?

133 1459 226 1515 pati
265 1466 473 1513 poterunt
505 1454 636 1506 oculi,
671 1469 741 1496 me
770 1471 869 1497 cum
899 1456 1092 1498 Gabinio
1126 1457 1382 1498 sententiam
1415 1457 1588 1500 dicere?

131 1524 177 1556 et
198 1515 371 1571 quidem
395 1514 516 1556 illum
541 1513 685 1569 rogari
709 1514 855 1568 prius?
889 1524 1048 1570 praesto
1067 1529 1158 1555 esse
1180 1515 1220 1546 63
1234 1515 1436 1556 clientem
1461 1524 1587 1556 tuum

135 1572 374 1615 Cloelium?
404 1572 445 1603 64
461 1571 513 1613 C.
537 1570 655 1611 Ateii
687 1570 990 1628 Plaguleium?
1021 1575 1215 1614 ceteros?
1248 1573 1418 1613 sedeur
1442 1573 1586 1613 inimi-

134 1646 211 1672 cos
247 1629 437 1685 colligo?
468 1628 542 1685 qui
579 1642 697 1670 meos
733 1630 1012 1682 necessarios,
1035 1645 1060 1671 a
1093 1645 1161 1671 me
1181 1630 1397 1681 defensos,
1420 1645 1500 1672 nec
1524 1631 1587 1671 vi-

136 1689 237 1730 dere
260 1688 302 1730 in
326 1688 446 1729 curia
468 1687 560 1728 sine
582 1686 744 1738 dolore,
768 1702 847 1729 nec
869 1688 1027 1729 versari
1051 1689 1163 1729 inter
1183 1703 1256 1730 eos
1281 1689 1372 1729 sine
1404 1689 1566 1730 dedeco

134 1760 181 1788 re
213 1755 383 1803 potero.
419 1745 550 1801 quid?
582 1744 615 1785 si
651 1759 705 1786 ne
736 1745 777 1786 id
802 1745 978 1802 quidem
1010 1756 1076 1787 est
1097 1746 1387 1803 exploratum,
1411 1745 1518 1797 fore,
1542 1755 1590 1786 ut

134 1804 244 1846 mihi
274 1803 428 1856 liceat3
460 1803 677 1857 (scribunt
699 1803 814 1844 enim
843 1804 897 1846 ad
921 1818 989 1845 me
1012 1804 1138 1846 amici
1164 1805 1271 1862 ejus,
1297 1819 1364 1846 me
1389 1803 1449 1845 illi
1473 1803 1589 1846 nullo

132 1934 227 1975 esset]
254 1934 337 1967 ΕΜ.
354 1945 404 1977 pr.
420 1934 545 1966 babent
559 1945 659 1976 quas.-
683 1939 761 1966 nent
769 1945 841 1967 rum

886 1935 962 1968 dam
985 1936 1044 1973 sic,
1061 1936 1259 1977 cest-:lentem
1277 1938 1385 1976 magis
1405 1938 1473 1968 suis
1487 1937 1592 1973 rebus,

134 1978 229 2008 bene.
244 1985 326 2018 puto
342 1978 551 2009 scribendum
567 1988 635 2010 esse
650 1988 762 2019 quum.
779 1980 841 2009 int.

886 1989 985 2019 quam
1009 1979 1226 2017 dubitantem,
1243 1980 1329 2020 quod
1354 1991 1413 2010 nec
1431 1989 1520 2011 nunc
1542 1979 1591 2010 di-

136 2021 262 2051 literas.

178 2067 218 2097 59
234 2063 317 2104 pelli
338 2063 438 2093 istum
461 2063 503 2094 ab
526 2062 781 2103 Hisp.—istum‚
807 2068 845 2094 ut

134 2106 221 2147 conf.
237 2106 368 2136 videtur
393 2105 470 2145 &c.]
494 2105 573 2136 Non
588 2111 700 2147 potest
715 2112 844 2137 utrum-

135 2158 201 2189 que
227 2151 329 2179 istum
353 2158 468 2178 verum
496 2158 576 2180 esse.
598 2159 658 2189 pro
681 2149 844 2180 alterutro

136 2191 346 2222 scribendum
362 2192 470 2228 illum,
485 2197 525 2222 ut
537 2196 572 2221 et
585 2191 664 2222 alibi
678 2191 843 2232 distingu-

136 2239 242 2265 untur
257 2234 292 2264 in
308 2234 358 2264 his
371 2234 532 2273 epistolis,
543 2243 619 2264 cum
633 2244 688 2264 eos
706 2244 772 2265 non
786 2245 844 2275 ap-

138 2276 243 2316 pellat
271 2276 461 2308 nominibus
490 2278 568 2308 suis.
595 2278 671 2316 quia
700 2283 774 2319 post
802 2277 842 2308 de

136 2319 267 2351 Caesare
295 2323 346 2350 est
374 2320 487 2356 istum,
514 2320 604 2360 prius
633 2320 679 2350 sic
701 2321 841 2358 correxi,

134 2362 223 2401 quod
239 2362 279 2394 ad
295 2362 490 2403 Pompeium
509 2363 663 2403 pertinet.

179 2405 221 2436 60
242 2406 270 2436 si
293 2405 451 2445 pelletur]
485 2405 746 2444 Intelligendum
777 2406 841 2441 ille,

135 2452 195 2479 aut
209 2449 312 2479 etiam
328 2447 528 2485 addendum,
545 2447 630 2488 quod
643 2448 696 2479 hic
709 2454 845 2490 propter

130 2491 277 2531 pelletur
291 2490 387 2522 facile
403 2490 552 2521 excidere
567 2491 691 2531 potuit.

179 2533 200 2563 6
208 2537 215 2563 i
236 2543 336 2573 quam
352 2534 488 2570 victam,
504 2538 535 2565 et
547 2534 752 2564 dubitantem
765 2533 841 2573 &c.]

138 2574 221 2606 Haec
244 2580 275 2606 et
300 2576 506 2607 dubitantem
531 2577 589 2608 &c.
612 2577 846 2616 conjungenda

137 2625 217 2648 sunt
232 2628 306 2648 cum
322 2620 446 2649 victum
458 2631 467 2648 :
484 2628 560 2649 nam
576 2618 602 2650 si
613 2620 844 2659 sejungantur,

135 2665 177 2691 ut
194 2670 316 2691 novum
339 2662 382 2692 sit
405 2662 603 2698 membrum,
620 2668 732 2693 textus
749 2662 844 2692 vitio-

136 2712 192 2734 sus
215 2710 276 2741 est,
301 2707 339 2734 ut
360 2705 463 2735 sensit
486 2704 681 2741 Lambinus,
697 2706 754 2745 qui
771 2715 843 2735 cor-

139 2746 202 2785 rigi
232 2745 374 2783 volebat,
404 2751 435 2777 et
465 2748 679 2788 confidentem
721 2749 843 2787 magis,

137 2797 240 2828 quam
260 2787 462 2829 ‹lq'ffi'dentem
484 2791 579 2821 rebus
599 2792 678 2822 suis.
723 2791 793 2831 Ego
809 2796 844 2822 et

137 2831 207 2870 ipse
232 2831 284 2861 hic
311 2831 458 2862 haesitavi
480 2834 594 2864 eadem
621 2833 660 2865 de
685 2833 795 2869 caiisa,
812 2841 847 2865 et

138 2875 279 2915 conjeci,
308 2876 601 2916 transpositionem
628 2886 698 2908 esse
725 2877 847 2909 facien-

886 2022 1017 2061 splicet.
1034 2031 1111 2052 nain
1136 2023 1183 2053 ita
1199 2025 1304 2061 major
1316 2024 1369 2054 'est
1385 2023 1591 2054 concinnitas

887 2074 904 2094 e
920 2064 1137 2095 similitudine
1154 2067 1388 2097 membrorum.

930 2108 971 2139 652
995 2113 1020 2138 t.
1041 2119 1068 2138 e.
1080 2118 1115 2147 p.
1133 2109 1317 2147 indignum
1328 2109 1456 2149 nostra]
1476 2110 1530 2140 Sic
1542 2116 1594 2142 est

887 2160 904 2179 e
921 2152 1125 2181 correctione
1138 2151 1227 2182 Vict.
1243 2161 1277 2182 et
1294 2152 1409 2182 Lami).
1436 2153 1517 2184 Edd.
1533 2163 1591 2184 au-

886 2197 956 2222 tem
974 2203 1022 2233 pr.
1037 2194 1073 2224 in
1089 2194 1126 2224 z'd
1140 2194 1286 2232 digniffas
1301 2201 1424 2231 nostra,
1441 2195 1527 2235 quod
1544 2206 1593 2227 re-

887 2235 984 2266 tineri
1004 2237 1075 2267 vult
1090 2237 1286 2268 Tuustallus
1308 2248 1339 2278 p.
1355 2239 1408 2271 96.
1445 2239 1507 2269 sed
1522 2241 1594 2277 quis

885 2279 930 2308 sic
959 2278 1123 2317 loquitur:
1149 2281 1254 2310 tacita
1281 2290 1345 2311 esse
1372 2282 1406 2311 in
1435 2282 1564 2321 aliquid
1577 2282 1594 2312 ?

884 2321 963 2393 quid
991 2323 1034 2352 sit
1063 2322 1250 2362 indignitas
1276 2328 1401 2361 nostra,
1444 2324 1547 2355 disces
1573 2334 1593 2357 e

886 2365 911 2394 C
930 2374 997 2395 ave.

929 2406 969 2437 63
993 2408 1142 2438 clientem
1157 2411 1254 2438 tuum
1274 2407 1436 2448 Cloelc‘zcm]
1453 2409 1534 2450 Quis
1547 2410 1592 2441 sit

888 2448 944 2479 ille
964 2450 1106 2487 C'loelius,
1123 2461 1220 2480 nemo
1240 2450 1340 2482 dicat.
1362 2461 1422 2482 nec
1441 2452 1593 2492 displicet

886 2491 1055 2523 Tunstalli
1072 2495 1266 2532 conjectura
1280 2493 1302 2524 l.
1321 2504 1349 2525 c.
1363 2494 1504 2534 legentis
1522 2495 1594 2526 Clo-

888 2535 994 2572 dium,
1011 2535 1032 2565 i.
1046 2546 1074 2566 e.
1092 2536 1242 2570 Sextum,
1257 2537 1310 2575 qui
1327 2545 1400 2568 tum
1418 2537 1492 2568 exul
1506 2543 1592 2577 erat,

888 2582 923 2608 et
946 2578 1110 2609 rediturus
1135 2579 1175 2609 ab
1190 2578 1301 2615 exilio,
1318 2583 1345 2610 si
1369 2580 1480 2610 Caesar
1501 2582 1594 2612 vicis-

888 2628 949 2650 set.
972 2621 997 2650 is
1021 2627 1132 2651 autem
1156 2622 1258 2652 Attici
1278 2623 1448 2654 familiaris
1465 2624 1595 2654 videtur

888 2663 1000 2700 fuisse,
1016 2664 1101 2695 sicut
1118 2670 1196 2695 ante
1213 2665 1359 2703 Publius,
1377 2676 1474 2705 quem
1490 2667 1596 2697 Attici

887 2705 1032 2736 sodalem
1048 2706 1194 2748 appellat
1211 2706 1258 2743 ΙΙ,
1274 2713 1303 2742 9.
1320 2711 1416 2749 siper
1432 2710 1532 2739 istum
1547 2718 1596 2739 εο-

888 2749 998 2779 dalem
1011 2754 1107 2780 tuum
1124 2750 1286 2781 Publium
1303 2753 1418 2781 licebit.

930 2792 972 2822 64
1001 2792 1034 2823 C.
1064 2794 1152 2824 Ateii
1175 2793 1409 2833 Plagzslez'um]
1437 2803 1480 2824 sc.
1508 2793 1598 2824 Ateii

889 2833 1060 2869 clientem,
1078 2843 1114 2866 ut
1136 2837 1240 2866 Attici
1267 2837 1431 2868 Clodium.
1459 2847 1486 2866 v.
1505 2836 1597 2867 Clav.

890 2877 926 2916 iii
946 2877 1059 2917 Plaga
1070 2879 1156 2910 'clusa
