1940 3231
349 163 429 199 840
766 164 951 203 EPIST.
979 165 1056 203 AD
1082 164 1371 209 ATTICUM,

349 274 436 305 tem
460 274 605 308 noster
621 267 672 309 ad
693 282 760 309 me
778 269 1001 326 epistolam
1028 269 1157 319 misit,
1180 269 1259 311 sibi
1284 285 1309 309 a
1328 267 1474 310 nescio
1492 281 1577 323 quo
1597 265 1785 319 missam,

348 327 526 374 (nomen
550 326 662 366 enim
687 326 880 378 delerat,)
911 328 954 367 in
979 342 1063 382 qua
1085 328 1291 383 scriptum
1323 335 1429 377 erat,
1453 335 1676 366 veteranos
1698 337 1787 376 eos,

350 381 424 434 qui
448 381 712 436 rejiciantur,
735 387 853 434 (nam
886 393 1046 438 partem
1070 398 1161 424 esse
1193 384 1448 434 dimissarm)
1470 381 1790 438 improbissime

350 435 495 492 loqui3
529 449 574 479 nt
598 454 755 495 magno
779 440 969 496 periculo
994 441 1147 481 Romae
1179 442 1264 482 sint
1287 441 1434 492 futuri,
1456 440 1530 496 qui
1562 440 1616 481 ab
1637 450 1788 479 eorum

352 496 546 550 partibus
569 496 794 537 dissentire
818 498 1056 539 videantur.
1079 498 1152 553 qui
1176 513 1303 554 porro
1324 508 1470 540 noster
1491 498 1592 548 itus,
1610 496 1788 546 reditus,

353 551 510 601 vultus,
534 553 723 594 incessus
745 555 856 595 inter
875 557 1008 597 istos?
1039 555 1155 609 quod
1177 555 1227 606 si,
1245 564 1293 596 ut
1311 556 1477 605 scribis,
1498 554 1547 595 L.
1569 552 1789 594 Antonius

220 624 251 657 p.
269 608 399 649 941.in
423 609 670 660 Decimum,
693 610 843 666 reliqui
866 612 908 652 in
932 622 1126 664 nostros;
1161 626 1244 667 ego
1266 613 1370 667 quid
1391 613 1576 654 faciam?
1605 621 1681 652 aut
1702 624 1791 674 quo

309 669 423 707 ²·me
446 676 572 722 pacto
604 671 779 722 geram?
813 668 928 710 Mihi
953 683 1052 710 vero
1074 669 1358 711 deliberatum
1388 682 1467 721 est,
1489 679 1538 711 ut
1558 683 1675 710 nunc
1695 682 1792 723 qul-

351 723 450 764 dem
481 734 559 775 est,
581 726 729 766 abesse
759 739 814 767 ex
846 741 896 767 ea
927 727 1045 778 urbe,
1068 726 1112 767 in
1143 741 1228 782 qua
1258 742 1344 768 non
1373 728 1504 768 modo
1533 726 1659 768 florui
1691 738 1792 766 cum

352 795 532 832 summa,
557 796 702 823 verum
725 783 855 824 etiam
880 784 1034 824 servivi
1056 799 1155 825 cum
1178 784 1321 840 aliqua
1340 784 1568 840 dignitate.
1598 797 1679 824 nec
1701 790 1792 823 tam

352 839 481 879 statui
506 853 560 902 εξ(
587 839 712 881 ltalia
733 840 866 893 exire,
888 841 941 883 de
970 856 1056 897 quo
1080 850 1222 883 tecum
1244 842 1507 893 deliberabo,
1528 854 1657 897 quam
1678 840 1791 881 istuc

350 910 437 935 non
463 911 621 937 venire.

785 987 1020 1030 CICERO
1051 988 1280 1031 ATTICO
1312 988 1357 1031 S.

352 1042 498 1096 CUM
522 1055 575 1096 ad
601 1069 665 1096 me
698 1055 858 1098 Brutus
890 1066 1036 1098 noster
1065 1058 1306 1114 scripsisset
1331 1066 1374 1098 et
1406 1055 1596 1107 Cassius,
1617 1063 1667 1096 ut
1687 1053 1794 1096 Hir-

350 1112 476 1163 tium,
498 1127 627 1168 quem
649 1113 792 1155 adhuc
823 1115 984 1156 bonum
1008 1114 1139 1156 fuisse
1166 1115 1375 1165 sciebant,
1398 1127 1536 1169 neque
1567 1127 1665 1154 eum
1689 1127 1793 1153 con-

350 1169 544 1211 fidebant
565 1170 672 1221 fore,
698 1186 791 1212 mea
822 1173 1082 1213 auctoritate
1102 1172 1323 1214 meliorem
1356 1172 1556 1222 facerem,
1578 1169 1792 1224 (Antonio

350 1237 416 1268 est
445 1228 561 1268 enim
593 1226 774 1270 fortasse
805 1229 968 1280 iratior,
989 1244 1130 1271 causae
1163 1245 1264 1271 vero
1295 1229 1616 1280 amicissimus,)
1645 1238 1790 1268 tamen

352 1284 404 1326 ad
427 1299 524 1326 eum
555 1285 721 1341 scripsi,
743 1286 869 1341 eique
903 1287 1163 1343 dignitatem
1187 1287 1312 1329 Bruti
1335 1297 1378 1328 et
1411 1286 1551 1328 Cassii
1573 1298 1794 1327 commen-

351 1342 465 1383 davi.
498 1342 568 1383 ille
597 1343 700 1397 quid
737 1343 843 1385 mihi
879 1344 1179 1401 rescripsisset,
1211 1345 1319 1386 scire
1355 1354 1397 1385 te
1430 1343 1573 1394 volui;
1615 1343 1649 1383 si
1681 1341 1795 1382 forte

352 1399 463 1440 idem
501 1409 561 1451 tu,
583 1400 700 1455 quod
732 1415 831 1456 egO,
863 1401 1149 1452 existimares,
1185 1403 1289 1443 istos
1329 1401 1460 1442 etiam
1491 1415 1606 1442 nunc
1642 1399 1793 1450 vereri,

352 1471 406 1497 ne
427 1456 538 1498 forte
561 1457 642 1513 ipsi
665 1458 798 1499 nostri
822 1458 917 1515 plus
939 1459 1072 1501 animi
1096 1460 1299 1511 habeant,
1321 1473 1450 1515 quam
1472 1458 1650 1499 habent.

660 1562 918 1605 HIRTIUS
952 1563 1261 1611 CICERONI
1295 1564 1414 1607 SUO
1448 1564 1493 1605 S.

352 1618 547 1673 RURE
567 1631 666 1687 jam
698 1631 900 1682 redierim,
933 1633 1091 1687 quceris.
1129 1647 1184 1673 αη
1212 1647 1298 1689 ego,
1336 1647 1425 1673 cum
1455 1646 1588 1672 omnes
1616 1628 1792 1681 caleant,

350 1686 558 1743 ignaviter
586 1687 749 1744 aliquid
761 1687 964 1744 faciam?
1001 1689 1124 1730 eciam
1154 1704 1201 1730 επ
1231 1690 1330 1731 urbe
1348 1704 1434 1730 snm
1457 1686 1679 1745 profectus.
1700 1685 1794 1734 ,uti-

352 1743 430 1785 lius
447 1746 553 1786 enim
577 1748 617 1776 50
631 1746 759 1786 statui
790 1747 936 1787 abesse.
967 1746 1039 1787 lias
1076 1747 1154 1788 tihi
1188 1746 1345 1788 litteras
1377 1747 1508 1788 exiens
1528 1747 1574 1787 in
1598 1743 1794 1787 Tuscula-

351 1816 449 1842 num
468 1801 622 1856 scripsi.
654 1802 740 1843 noli
760 1810 895 1844 atatem
916 1818 977 1845 me
998 1811 1083 1844 tam
1103 1811 1308 1845 strenuum
1323 1811 1487 1860 putare,
1506 1810 1553 1845 ut
1573 1802 1630 1844 ad
1651 1800 1795 1843 Nonas

352 1873 573 1900 recurram.
605 1859 712 1901 nihil
739 1860 844 1901 enim
866 1861 964 1917 jam
996 1860 1110 1902 video
1134 1876 1231 1916 opus
1263 1876 1338 1903 esse
1367 1868 1507 1903 nostra
1535 1874 1658 1902 cura:
1693 1872 1795 1914 quo-

353 1916 466 1957 niam
495 1916 686 1971 praesidia
723 1918 882 1959 suntin
914 1925 974 1959 tot
995 1934 1121 1960 annos
1135 1918 1317 1973 provisa.
1380 1917 1540 1960 Brutus
1572 1924 1611 1959 et
1636 1915 1800 1958 Cassius

354 1974 528 2024 utinam,
558 1973 827 2031 quamfacile
847 1990 872 2017 α
909 1982 947 2017 te
967 1975 1016 2016 de
1049 1991 1111 2017 me
1131 1976 1348 2031 impetrare
1374 1982 1556 2031 possunt,
1581 1975 1642 2016 ita
1656 1974 1735 2029 Per
1755 1979 1795 2013 te

354 2039 586 2083 exorentur,
612 2046 660 2073 ne
695 2032 804 2088 quod
838 2032 1010 2076 calidius
1032 2033 1171 2074 ineant
1209 2032 1447 2074 consilium!
1487 2032 1664 2075 cedentes
1689 2029 1796 2071 enim

355 2087 436 2129 Izaec
456 2089 517 2130 ais
544 2088 766 2144 scripsisse.-
811 2089 924 2146 quo?
953 2097 1037 2136 ,aut
1075 2089 1234 2146 quare?2
1269 2090 1410 2143 retine,
1443 2089 1602 2132 obsecro
1635 2095 1687 2140 te,
1723 2085 1796 2129 Ci-

355 2160 458 2197 cero,
483 2145 598 2188 illos.-
621 2153 660 2188 et
680 2147 766 2188 noli
796 2148 925 2191 sinere
945 2147 1026 2189 lzcec
1056 2148 1193 2189 omnia
1219 2148 1367 2203 perire,
1400 2162 1487 2204 quae
1493 2146 1694 2204 funditus
1714 2157 1796 2185 me·

354 2202 447 2245 dius
452 2203 588 2258 fidius
614 2204 785 2259 rapinis,
819 2204 1030 2258 incendiis,
1065 2205 1237 2246 caedibus
1267 2213 1574 2260 pervertuntur.
1618 2209 1794 2253 tantum,

354 2260 389 2302 si
429 2260 532 2316 quid
569 2260 727 2313 timent,
768 2269 970 2304 caveant:
1015 2262 1125 2303 nillil
1158 2270 1357 2318 praeterea
1398 2262 1636 2303 moliantur.
1697 2258 1796 2301 Non

355 2318 628 2372 mediusfidius
657 2319 864 2360 acerrimis
896 2319 1073 2362 consiliis
1095 2319 1204 2375 plus,
1226 2335 1349 2376 quam
1378 2320 1501 2362 etiam
1530 2316 1796 2369 inertissimis,

355 2373 569 2416 dnmmodo
600 2375 879 2433 diligentibuS,
917 2384 1220 2434 consequeretur.
1255 2377 1337 2419 haec
1374 2377 1495 2430 enim,
1527 2390 1615 2433 quae
1630 2374 1796 2429 fluunt,

353 2447 428 2487 per
447 2447 485 2473 se
506 2433 704 2475 diuturna
723 2449 805 2475 non
825 2442 944 2484 sunt5
975 2437 1072 2476 5lin
1104 2435 1358 2476 contentione
1387 2441 1600 2490 praesentes
1630 2431 1688 2473 ad
1720 2446 1795 2473 uo—

355 2489 699 2588 cendnrnbhabent
735 2491 851 2534 vires.
890 2491 991 2549 quid
1017 2507 1146 2548 speres
1174 2492 1223 2534 de
1254 2491 1351 2546 illis,
1372 2492 1418 2534 in
1441 2490 1713 2535 Tusculanum
1740 2488 1798 2532 ad

356 2561 418 2588 me
438 2561 513 2588 scm
546 2562 581 2590 e.

400 2711 440 2738 50
461 2710 565 2738 statui
587 2709 708 2749 abesse]
735 2710 929 2741 Tunstallus
953 2721 984 2751 p.
1006 2713 1056 2745 19.
1102 2712 1222 2742 Sensus
1237 2715 1347 2751 patet:
1375 2710 1402 2740 si
1418 2720 1466 2741 res
1482 2709 1522 2741 ad
1547 2709 1799 2742 contentionem

356 2751 492 2790 corrigit
507 2762 524 2780 e
553 2752 696 2791 vestigiis
721 2753 793 2783 edd.
821 2759 901 2784 vett.
926 2754 960 2783 in
985 2754 1058 2792 qni-
1102 2754 1242 2790 venerit,
1268 2753 1361 2783 valde
1376 2752 1433 2783 illa
1447 2752 1535 2783 mala
1551 2753 1729 2784 nocebunt.
1752 2752 1800 2783 le-

357 2791 416 2822 bus
432 2800 481 2824 est
496 2794 585 2823 illius
598 2796 686 2825 enim
700 2800 825 2826 statum
839 2797 890 2826 odi
905 2796 1057 2833 abessem,
1101 2796 1169 2826 ctio
1191 2800 1242 2826 est
1271 2795 1436 2833 ambigua.
1453 2799 1630 2835 praesentes
1650 2794 1723 2827 edd.
1749 2804 1799 2835 pr.

357 2839 396 2863 ut
410 2835 506 2866 Rom.
529 2836 605 2867 Asc.
629 2837 703 2868 Am.
723 2839 838 2869 statim
860 2838 952 2869 hodie
966 2839 1055 2868 abes-
1100 2838 1162 2867 nisi
1185 2837 1271 2877 quod
1283 2837 1334 2869 ed.
1345 2838 1436 2868 Jens.
1449 2838 1549 2868 etiam
1573 2838 1800 2870 contentiones„

355 2885 435 2907 sem.
1100 2879 1184 2915 aliae,
1199 2886 1238 2910 ut
1259 2884 1295 2910 et
1317 2880 1451 2916 Graevii,
1461 2880 1644 2919 praesentis.
1688 2878 1795 2911 Locus

402 2921 438 2949 511
463 2920 497 2950 in
523 2922 721 2953 contentione
740 2921 1053 2963 praesences—vz'res]
1100 2922 1182 2954 mihi
1198 2921 1326 2954 videtur
1341 2922 1488 2953 vitiosus.
