1940 3231
165 1928 199 1958 p.
218 1917 287 1948 136.

306 159 383 194 664
728 158 906 197 EPIST.
933 159 1007 197 AD
1033 156 1311 202 ATTICUM,

308 258 517 302 tentiam?
548 261 620 303 sed
651 270 726 303 aut
755 277 810 304 ex
841 263 1038 319 epistola,
1059 278 1184 320 quam
1219 268 1441 318 exspecto,
1467 261 1738 318 perspiciam,

306 317 410 370 quid
443 319 614 369 sentias,
645 329 719 360 aut
748 320 851 361 alias
882 322 957 362 abs
990 331 1030 361 te
1061 321 1223 362 litteras
1261 319 1444 360 eliciam.
1507 319 1737 361 Brundisio

306 373 519 414 nihildum
561 385 650 417 erat
692 376 881 418 allatum.
920 393 946 418 o
985 392 1071 418 rem
1114 377 1348 426 difficilem,
1386 375 1596 432 planeque
1638 390 1735 432 per-

305 430 464 472 ditam!
498 447 626 486 quam
659 433 765 473 nihil
797 435 1091 488 praetcrmittis
1123 435 1165 475 in
1198 433 1378 476 consilio
1410 433 1576 474 dando!
1607 447 1738 488 quam

305 487 414 528 nihil
455 499 610 538 tamen,
644 490 788 543 7q11od
828 491 906 530 tibi
947 492 1027 546 ipsi
1068 491 1247 546 placeat,
1280 490 1493 546 explicas!
1528 504 1614 530 non
1647 503 1739 530 esse

304 559 375 585 me
408 559 491 586 una
523 560 620 586 cum
659 545 882 601 l’ompeiO,
922 547 1106 601 gaudes:
1139 550 1220 589 8ac
1260 548 1478 604 proponis,
1516 561 1645 602 quam
1684 547 1742 587 sit

309 613 445 657 turpe,
470 616 537 642 me
566 603 727 652 adesse,
751 618 847 644 cum
871 604 973 658 quid
1005 604 1056 645 de
1080 604 1153 646 illo
1177 605 1438 655 detrahatur,
1462 618 1539 645 nec
1562 603 1625 644 fas
1646 617 1739 644 esse

306 660 559 715 approbare.
591 670 720 700 certe.
745 665 929 701 ‘Jcontra
958 660 1119 716 igitur?
1149 661 1225 712 dii,
1254 662 1409 716 inquis,
1440 669 1739 702 averruncent.

304 716 408 770 quid
430 729 536 771 ergo
559 716 647 765 fiet,
670 717 702 756 si
728 717 770 757 in
793 717 925 758 altero
948 719 1083 758 scelus
1105 730 1183 768 est,
1209 719 1250 758 in
1283 719 1415 759 altero
1446 718 1736 775 supplicium?

303 772 572 827 impetrabis,
596 774 751 828 inquis,
779 790 804 814 a
835 774 1021 825 Caesare,
1044 785 1092 815 ut
1125 776 1203 816 tibi
1234 775 1382 816 abesse
1411 775 1553 827 liceat,
1575 785 1618 816 et
1647 788 1740 816 esse

304 829 460 869 otioso.
493 830 820 885 supplicandum
864 832 1027 887 igitur?
1059 831 1275 873 miserum.
1305 832 1424 888 quid,
1456 832 1489 872 si
1529 847 1615 874 non
1653 833 1736 872 im-

303 889 502 941 petraro?
547 899 589 927 et
631 888 684 928 de
736 889 954 944 triumpho
1005 890 1098 940 erit,
1140 890 1299 945 inquiS,
1348 892 1579 944 integrum.
1619 889 1740 944 quid,

308 943 392 984 ¹0si
433 944 514 984 hoc
551 945 644 1000 ipso
689 948 881 1000 premar?
916 947 1155 1001 accipiam?
1186 946 1290 1002 quid
1326 945 1515 987 foedius?
1554 950 1738 1002 negem?

304 1002 515 1056 repudiari
541 1016 584 1042 se
616 1010 772 1054 totum,
803 1004 941 1059 magis
971 1004 1117 1053 etiam,
1147 1017 1274 1058 quam
1307 1003 1408 1044 olim
1442 1002 1486 1043 in
1517 1004 1738 1053 xxviratu,

301 1058 489 1111 putabit.
523 1073 574 1100 ac
609 1059 730 1110 solet,
753 1075 852 1101 cum
887 1075 930 1101 se
966 1070 1135 1116 purgat,
1163 1061 1206 1101 in
1239 1074 1309 1101 me
1342 1059 1537 1100 conferre
1568 1073 1744 1101 omnem

302 1114 470 1156 illorum
505 1125 749 1172 temporum
783 1117 980 1173 culpam:
1016 1119 1076 1159 ita
1109 1132 1178 1159 me
1211 1117 1293 1158 sibi
1330 1117 1460 1158 fuisse
1498 1116 1737 1167 inimicum,

299 1180 349 1212 ut
379 1187 432 1213 ne
462 1172 670 1214 honorem
693 1174 866 1228 quidem
898 1191 924 1215 a
954 1190 997 1216 se
1026 1175 1220 1230 accipere
1243 1174 1408 1216 vellem.
1431 1184 1593 1229 quanto
1626 1188 1742 1215 nunc

299 1227 386 1269 hoc
407 1230 519 1270 idem
542 1230 728 1287 accipiet
753 1232 972 1287 asperius?
1005 1241 1125 1273 tanto
1150 1232 1328 1282 scilicet,
1350 1241 1512 1286 quanto
1534 1240 1578 1271 et
1599 1230 1739 1272 honor

299 1285 372 1327 hic
406 1286 479 1327 illo
506 1296 570 1328 est
603 1288 800 1344 amplior,
828 1298 872 1330 et
899 1289 990 1345 ipse
1024 1289 1255 1331 robustior.
1317 1289 1431 1329 Nam
1461 1288 1578 1343 quod
1607 1301 1739 1344 negas

299 1351 343 1382 te
375 1343 588 1395 dubitare,
618 1346 723 1401 quin
762 1360 920 1401 magna
951 1347 994 1387 in
1026 1346 1190 1387 offensa
1219 1346 1299 1387 sim
1331 1346 1444 1401 apud
1479 1345 1736 1401 Pompeium

297 1399 383 1441 hoc
417 1412 634 1458 tempore3
668 1416 754 1443 non
777 1403 904 1444 video
935 1418 1123 1455 causam,
1154 1418 1230 1444 eur
1261 1403 1321 1444 ita
1351 1404 1420 1454 sit,
1451 1402 1535 1444 hoc
1565 1403 1737 1457 quidem

300 1467 507 1514 tempore.
530 1459 602 1514 qui
637 1459 751 1501 enim
785 1461 943 1501 amisso
981 1460 1176 1502 Corfinio
1211 1460 1395 1515 denique
1421 1460 1647 1501 certiorem
1670 1474 1738 1500 me

297 1514 362 1555 sui
394 1516 562 1557 consilii
594 1515 713 1566 fecit,
737 1518 772 1557 is
794 1528 1009 1573 queretur,
1032 1517 1313 1559 Brundisium
1346 1531 1414 1558 me
1443 1532 1530 1558 non
1555 1518 1736 1568 venisse,

297 1586 397 1612 cum
418 1573 529 1615 inter
545 1587 614 1613 me
631 1581 675 1615 et
694 1574 972 1615 Brundisium
992 1574 1138 1616 Caesar
1159 1577 1299 1616 esset?
1320 1574 1489 1625 deinde,
1502 1573 1633 1615 etiam
1653 1574 1737 1615 scit

296 1634 557 1685 ἀπαρῤῥηο-ιόιςον
588 1645 680 1671 esse
712 1631 753 1672 in
787 1647 836 1672 ea
866 1646 994 1672 causa
1016 1631 1232 1687 querelam
1263 1646 1398 1672 suam.
1429 1645 1498 1672 me
1529 1640 1654 1687 putat
1683 1631 1738 1672 de

296 1687 632 1741 municipiorum
658 1688 1034 1738 imbecillitate,de
1056 1689 1310 1740 delectibus,
1323 1688 1376 1729 de
1399 1702 1518 1743 pace,
1539 1688 1592 1729 de
1614 1688 1735 1739 urbe,

297 1742 352 1783 de
385 1744 581 1800 pecunia,
612 1744 664 1786 de
699 1745 861 1787 Piceno
893 1747 1148 1803 occupando
1185 1746 1279 1801 plus
1313 1745 1482 1795 vidisse,
1514 1760 1643 1800 quam
1675 1760 1735 1786 se.

299 1799 380 1849 sin,
416 1815 513 1841 cum
549 1812 746 1857 potuero,
783 1817 867 1843 non
905 1817 1088 1855 vener03
1120 1814 1212 1844 tum
1246 1803 1326 1843 erit
1360 1802 1587 1844 inimicus:
1618 1802 1737 1859 quod

300 1871 382 1913 ego
405 1872 490 1899 non
512 1873 564 1899 eo
586 1873 748 1910 vereor,
771 1874 824 1900 ne
848 1859 953 1900 mihi
977 1871 1155 1902 noceat:
1188 1860 1310 1915 (quid
1332 1860 1447 1900 enim
1469 1858 1626 1901 faciet?

557 1926 616 1967 Τίς
634 1925 663 1962 δ’
679 1925 725 1965 ἕςι
744 1925 857 1969 δοῦλος
876 1931 933 1964 τοῦ
950 1929 1055 1965 θανεῖν
1075 1927 1225 1979 ἕὶφςοντις
1244 1925 1284 1963 b‘n
1293 1927 1326 1975 5)

298 1993 368 2037 sed
393 1994 494 2048 quia
516 1994 673 2051 ingrati
696 1996 828 2036 animi
852 1997 1012 2037 crimen
1035 1996 1204 2037 horreo.
1224 1996 1396 2037 confido
1422 1995 1555 2052 igitur
1575 1995 1733 2038 adven-

297 2049 389 2092 tuln
423 2060 615 2093 nostrum
648 2052 722 2103 illi,
751 2068 923 2108 quoque
955 2063 1149 2110 tempore
1179 2053 1324 2104 fuerit,
1356 2063 1404 2094 ut
1435 2053 1601 2104 scribis,
1629 2057 1732 2106 ἀσμέ-

295 2128 376 2150 ww
399 2107 505 2149 fore.
568 2109 680 2150 Nam
704 2110 818 2165 quod
851 2112 926 2161 ais,
951 2112 984 2151 si
1019 2111 1088 2152 hic
1121 2111 1428 2166 temperantius
1455 2110 1608 2165 egerit,
1628 2124 1732 2150 con-

297 2164 521 2206 sideratius
553 2167 780 2207 consilium
813 2177 854 2210 te
885 2168 1111 2219 daturum3
1143 2168 1217 2223 qui
1247 2168 1319 2209 hic
1352 2177 1494 2223 potest
1517 2181 1560 2207 se
1582 2181 1731 2222 gerere

295 2234 392 2262 nonv
417 2223 608 2277 perdite?
639 2223 743 2274 vita,
776 2238 928 2276 mores,
965 2225 1196 2276 antefacta,
1230 2225 1339 2266 ratio
1374 2224 1561 2280 suscepti
1598 2238 1733 2279 nego-

297 2278 372 2328 tii,
398 2279 518 2328 socii,
551 2280 659 2321 vires
692 2281 921 2333 bonorum,
952 2291 1026 2323 aut
1056 2282 1188 2324 etiam
1219 2282 1476 2323 constantia.
1537 2281 1731 2322 Vixdum

296 2335 522 2391 epistolam
558 2342 674 2379 tuam
715 2338 918 2394 legeram,
949 2354 1045 2380 cum
1087 2340 1140 2380 ad
1177 2354 1261 2390 me,
1300 2353 1472 2380 currens
1507 2337 1558 2379 ad
1596 2337 1732 2389 illum,

294 2395 332 2422 '¹¹
355 2392 587 2435 Postumus
616 2394 797 2436 'Curtius
828 2396 960 2448 venit,
984 2396 1091 2437 nihil
1113 2396 1194 2451 nisi
1218 2396 1371 2438 classes
1395 2397 1573 2453 loquens
1594 2404 1638 2435 et
1659 2408 1734 2453 esr-

339 2523 357 2554 7
381 2522 466 2560 quod
479 2522 536 2552 tibi
551 2523 611 2562 ipsi
626 2524 773 2564 placeat]
801 2525 861 2564 ipsi
883 2526 992 2556 omisit
1079 2529 1099 2559 9
1123 2530 1236 2556 contra
1251 2526 1357 2564 igitur
1370 2524 1402 2564 ?]
1426 2525 1490 2556 int.
1505 2524 1623 2555 dicam.
1658 2525 1732 2555 Ser·

297 2563 398 2592 tacite
422 2563 580 2594 Graevius.
623 2567 687 2596 Sed
714 2567 747 2597 id
770 2575 820 2597 est
848 2572 994 2598 necessa-
1037 2577 1091 2597 mo
1115 2572 1226 2598 autem
1250 2572 1300 2598 est
1321 2567 1361 2599 de
1384 2566 1492 2604 rebUS,
1515 2568 1590 2606 quae
1618 2566 1653 2596 in
1681 2576 1732 2597 se·

295 2604 382 2634 rium
413 2604 456 2635 ad
475 2608 797 2639 ‘sententiamfnam
829 2609 905 2648 quid
934 2611 994 2640 sibi
1037 2614 1120 2639 natu
1151 2615 1309 2649 aguntur.
1340 2618 1416 2640 nam
1452 2614 1530 2639 ante
1561 2608 1595 2638 in
1626 2609 1737 2639 adesse

297 2647 454 2686 placeret,
478 2649 652 2689 scripserat
680 2650 712 2680 in
739 2651 876 2681 consilio
903 2652 994 2683 Cice·
1035 2651 1302 2691 intelligendum,
1327 2652 1361 2682 in
1387 2654 1517 2688 senatu,
1541 2654 1580 2681 ut
1603 2661 1620 2681 e
1645 2660 1733 2691 seqq.

298 2689 371 2718 roni
386 2689 512 2721 dando:
537 2691 614 2728 quid
638 2692 704 2731 ipse
724 2693 873 2724 facturus
893 2701 990 2732 esset,
1035 2698 1139 2733 patet.
1692 2717 1696 2719 v

297 2740 366 2761 non
381 2731 583 2771 scripserat.·
603 2748 607 2751 ⁴
659 2740 661 2744 ’
1083 2735 1118 2766 10
1140 2736 1168 2765 si
1182 2737 1238 2766 lzoc
1254 2736 1319 2774 ipso
1334 2735 1489 2775 premar]
1513 2735 1656 2776 Nempe,
1671 2734 1734 2765 tri-

340 2775 358 2803 8
381 2783 421 2803 ac
432 2774 819 2815 proponis—approbare]
847 2777 918 2808 Hoc
941 2782 992 2808 to·
1035 2778 1162 2818 umpho
1189 2778 1269 2808 mihi
1293 2776 1498 2808 decernendo
1525 2787 1564 2808 eo
1591 2777 1733 2817 redigar,

296 2819 372 2844 tum
387 2825 446 2846 nec
461 2817 549 2846 inter
562 2825 608 2851 se,
626 2823 685 2847 nec
700 2825 775 2847 curn
797 2819 992 2850 anteceden-
1036 2824 1087 2856 ut,
1104 2820 1180 2859 quid
1196 2826 1308 2859 agam,
1325 2820 1478 2850 nesciam.

296 2862 330 2886 te
341 2857 504 2888 cohaerere
517 2857 657 2888 videtur.
683 2859 744 2889 Sed
762 2860 895 2891 inlibris
909 2861 993 2893 nihil
1082 2864 1114 2890 ll
1142 2862 1320 2893 Postumus
1341 2861 1487 2902 Curtius]
1513 2862 1733 2897 Caesarianus,

295 2899 419 2930 auxilii.
460 2900 553 2932 Forte
569 2909 628 2940 pro
646 2911 686 2932 ac
700 2903 906 2936 scribendum
922 2909 970 2935 at.
1035 2904 1090 2944 qui
1109 2905 1244 2937 caesaris
1259 2904 1412 2937 victorias
1431 2904 1560 2936 futuras
1574 2902 1733 2945 jactando
