1940 3231
375 147 453 186 ⁸82
612 139 795 184 EPIST.
825 143 902 184 AD
929 143 1218 189 ATTICUM,
1246 143 1430 182 LIBER
1456 144 1563 184 XVI.

601 248 836 292 CICERO
870 247 1346 291 PLANCO-PRAET.
1380 247 1510 290 DES.
1543 249 1588 290 S.

381 307 666 362 IGNOSCE
704 318 825 368 mihi,
849 317 965 374 quod
998 332 1096 358 cum
1135 326 1260 358 antea
1294 316 1614 357 accuratissime
1644 315 1696 357 de
1728 315 1818 358 Bu*-

383 376 556 418 throtiis
578 377 631 417 ad
654 385 695 416 te
718 375 975 429 scripserim,
997 374 1142 414 eadem
1167 374 1219 414 de
1243 388 1285 414 re
1308 375 1464 429 saepius
1496 374 1697 414 scribam.
1729 388 1819 415 non

384 433 641 483 mehercule,
673 432 731 472 mi
766 431 938 481 Plance,
970 431 1098 481 facio,
1119 446 1205 485 quo
1237 445 1387 486 parum
1418 431 1632 472 confidam
1664 441 1738 471 aut
1766 430 1820 472 li-

385 490 600 533 beralitati
624 499 725 538 tuae‚
745 499 817 529 aut
840 499 997 528 nostrae
1021 488 1248 539 amicitiae3
1279 488 1350 529 sed
1373 503 1471 529 cum
1495 497 1614 529 tanta
1634 502 1696 528 res
1719 502 1821 543 aga-

387 557 458 590 tur
480 547 615 588 Attici
642 545 791 596 nostri,
813 559 927 585 nunc
950 559 1050 584 vero
1080 545 1210 585 etiam
1241 545 1521 595 existimatio,
1545 554 1591 586 ut
1624 545 1682 596 id,
1703 544 1821 599 quod

368 604 590 662 ‚probavit
613 603 774 652 Caesar,
794 602 919 642 nobis
943 602 1122 642 testibus
1145 611 1188 641 et
1210 601 1662 657 obsignatoribus,qui
1684 610 1727 642 et
1748 601 1823 643 de-

389 662 532 711 cretis,
554 669 598 701 et
619 659 832 716 responsis
851 658 1034 699 Caesaris
1056 658 1606 709 interfueramus,videatur
1628 659 1824 700 obtinere

390 719 597 776 potuisse,
619 717 853 773 praesertim
878 730 976 756 cum
994 724 1086 756 tota
1111 725 1297 771 potestas
1317 715 1409 770 ejus
1432 716 1490 756 rei
1511 727 1584 757 tua
1606 717 1674 766 sit,
1691 725 1739 757 ut
1761 730 1826 768 ea,

391 791 488 832 quae
513 774 708 816 consules
731 773 1010 814 decreverunt
1034 773 1268 813 secundum
1301 771 1485 813 Caesaris
1506 774 1676 814 decreta
1697 782 1739 814 et
1762 787 1828 814 re-

393 847 564 889 sponsa,
598 846 684 873 non
727 830 868 871 dicam
911 831 1181 885 comprobeS‚
1215 828 1288 869 sed
1331 830 1520 870 studiose
1560 830 1830 883 libenterque

395 890 666 945 comprobes.
690 888 732 929 id
755 887 860 928 mihi
883 887 943 928 sic
960 888 1040 928 erit
1062 897 1247 943 gratum,
1267 895 1313 927 ut
1333 886 1449 927 nulla
1471 902 1534 928 res
1558 888 1719 942 gratior
1738 901 1830 928 esse

395 948 546 1005 possit.
572 946 652 987 etsi
668 945 760 1001 jam
785 946 1024 1001 sperabam,
1046 959 1145 985 cum
1167 944 1243 986 has
1266 944 1427 985 litteras
1451 946 1701 1000 accepisses,
1722 944 1830 998 fore,

395 1016 446 1046 ut
466 1019 529 1055 ea,
552 1018 649 1060 quae
679 1002 968 1059 superioribus
1000 1001 1153 1043 litteris
1176 1018 1199 1042 a
1223 1012 1264 1043 te
1296 1001 1579 1057 periissemus,
1603 1002 1833 1057 impetrata

397 1071 563 1113 essent3
597 1072 737 1101 tamen
761 1075 846 1100 non
871 1059 1027 1101 faciam
1051 1059 1179 1100 finem
1203 1058 1397 1116 rogandi,
1411 1059 1551 1114 quoad
1576 1060 1700 1100 nobis
1721 1073 1832 1100 nun-

399 1120 552 1160 tiatum
575 1119 670 1168 erit,
693 1126 734 1158 te
757 1117 797 1158 id
831 1116 1008 1167 fecisse3
1040 1117 1155 1172 quod
1186 1131 1344 1173 magna
1373 1131 1470 1157 cum
1503 1130 1577 1172 spe
1607 1126 1832 1172 exspecta-

397 1191 508 1218 mus.
541 1176 695 1217 deinde
727 1175 840 1215 enim
871 1173 1043 1215 confido
1077 1173 1183 1225 fore,
1205 1184 1254 1215 ut
1286 1174 1369 1214 alio
1409 1188 1564 1230 genere
1594 1173 1833 1215 litterarum

398 1244 597 1285 utamur3
629 1231 794 1286 tibique
817 1245 892 1287 pro
915 1241 990 1273 tuo
1013 1246 1179 1272 summo
1210 1231 1419 1273 beneficio
1451 1232 1610 1287 gratias
1641 1245 1834 1287 agamus·

399 1292 515 1348 quod
546 1290 580 1332 si
613 1289 832 1339 acciderit,
856 1288 982 1330 velim
1015 1290 1075 1330 sic
1106 1289 1342 1340 existimes,
1374 1303 1460 1329 non
1493 1289 1572 1330 tibi
1605 1298 1692 1329 tam
1717 1287 1836 1329 Atti-

401 1363 516 1400 cum,
536 1347 660 1402 cujus
686 1358 919 1402 permagna
942 1361 1006 1387 res
1028 1347 1186 1401 agitur,
1208 1361 1337 1402 quam
1367 1361 1450 1399 me,
1473 1348 1547 1402 qui
1577 1360 1663 1387 non
1695 1346 1837 1387 minus

401 1406 566 1457 laboro,
589 1419 718 1460 quam
741 1403 824 1455 ille,
846 1403 1088 1459 obligatum
1112 1403 1218 1444 fore.

796 1491 1032 1535 CICERO
1066 1491 1366 1534 CAPITONI
1399 1492 1444 1534 S.

401 1549 556 1606 NON
587 1562 756 1614 dubito,
779 1561 883 1617 quin
916 1561 1081 1611 mirere,
1104 1570 1233 1616 atque
1262 1561 1392 1602 etiam
1421 1558 1704 1611 stomachere,
1725 1560 1841 1616 quod

405 1632 548 1665 tecum
571 1620 624 1661 de
646 1620 795 1661 eadem
818 1633 861 1660 re
882 1632 1008 1674 again
1033 1618 1204 1674 saepius.
1267 1618 1471 1659 Hominis
1503 1617 1841 1669 familiarissimi,

404 1689 450 1722 et
478 1677 585 1720 mihi
616 1677 816 1718 omnibus
850 1677 975 1716 rebus
1006 1675 1366 1730 conjunctissimi,
1389 1689 1624 1731 permagna
1654 1689 1719 1716 res
1749 1675 1842 1731 agi-

406 1747 490 1789 tur,
512 1735 665 1777 Attici.
697 1733 883 1789 cognovi
915 1747 997 1788 ego
1030 1742 1103 1774 tua
1134 1732 1275 1773 studia
1306 1733 1349 1773 in
1381 1732 1557 1782 aunem,
1578 1732 1708 1773 etiam
1733 1731 1773 1773 in
1800 1741 1843 1773 te

407 1794 660 1836 amicorum.
694 1791 877 1832 multum
909 1798 1028 1846 potes
1061 1805 1138 1831 nos
1161 1791 1274 1846 apud
1308 1789 1513 1830 Plancum
1540 1788 1709 1844 juvare.
1741 1790 1844 1830 novi

407 1850 721 1894 humanitatem
754 1860 886 1889 tuam.
919 1847 1023 1898 scm,
1045 1862 1171 1903 quam
1199 1847 1255 1888 sis
1286 1847 1434 1888 amicis
1459 1846 1695 1902 jucundus.
1718 1861 1846 1888 nemo

406 1924 486 1950 nos
509 1907 553 1949 in
574 1906 656 1947 hac
676 1920 806 1947 causa
829 1905 921 1960 plus
941 1903 1094 1959 juvare
1120 1913 1277 1960 potest,
1299 1919 1429 1960 quam
1452 1913 1513 1944 tu.
1543 1914 1587 1945 et
1610 1918 1674 1944 res
1697 1903 1757 1945 ita
1777 1913 1843 1945 est

407 1967 546 2017 firma,
567 1971 616 2005 ut
635 1963 763 2005 debet
785 1976 889 2013 esse,
908 1976 1037 2017 quam
1053 1961 1248 2003 consules
1270 1962 1322 2003 de
1343 1961 1510 2003 consilii
1535 1961 1748 2002 sententia
1768 1961 1843 2003 de-

409 2032 651 2072 creverunt,
674 2035 772 2062 cum
803 2028 846 2060 et
877 2019 985 2075 lege,
1014 2027 1057 2060 et
1088 2030 1258 2060 senatus
1290 2019 1487 2059 consulto
1518 2027 1845 2074 cognoscerent.

410 2091 556 2123 tamen
591 2078 738 2120 omnia
775 2076 917 2132 posita
950 2086 1148 2132 putamus
1187 2076 1231 2117 in
1273 2076 1422 2117 Planci
1460 2076 1522 2116 tui
1565 2075 1846 2118 liberalitate:

411 2152 540 2194 quem
569 2135 742 2192 quidem
775 2135 1033 2175 arbitramur
1064 2148 1164 2175 cum
1192 2136 1230 2163 23
1246 2133 1380 2174 officii
1417 2134 1496 2184 sui,
1519 2141 1562 2173 et
1597 2133 1845 2189 reipublicae

411 2210 542 2238 causa
577 2194 797 2234 decretum
835 2191 1059 2232 consulum
1097 2191 1494 2245 comprobaturum,
1532 2201 1622 2231 tum
1663 2190 1846 2231 libenter

414 2262 561 2294 nostra
589 2265 719 2292 causa
749 2263 840 2289 esse
873 2248 1102 2289 facturum.
1138 2248 1363 2303 adjuvabis
1395 2248 1541 2303 igitur,
1568 2248 1628 2288 mi
1662 2247 1847 2304 Capito:

415 2309 530 2368 quod
555 2318 602 2349 ut
621 2307 769 2357 facias,
794 2306 1066 2346 vehementer
1087 2306 1217 2346 etiam
1239 2316 1367 2360 atque
1389 2307 1517 2345 etiam
1542 2319 1664 2360 rogo.

540 2380 657 2423 Finis
679 2379 960 2436 Epistolarwn
982 2377 1050 2420 .M.
1068 2377 1196 2421 Tullii
1221 2376 1426 2420 Ciceronis
1446 2377 1503 2419 ad
1522 2377 1726 2419 Atticum.

460 2532 499 2563 28
522 2527 619 2570 qfficz'i
641 2529 690 2559 tui
712 2531 743 2558 et
763 2528 845 2567 reip.
861 2525 976 2565 eausa]
1001 2526 1050 2556 ιιιιι
1066 2527 1112 2555 vi·
1155 2528 1275 2565 potest.
1318 2525 1451 2556 Coi-rexi
1471 2525 1573 2563 igitur
1586 2524 1655 2554 sine
1669 2522 1849 2555 haesitatio-

419 2574 540 2603 {losum
554 2581 635 2607 esse,
650 2571 752 2609 quivis
775 2570 870 2600 facile
892 2570 1014 2599 sentit:
1040 2568 1113 2597 nul·
1156 2577 1197 2597 ne
1217 2568 1282 2604 sui,
1305 2568 1391 2607 quod
1415 2567 1619 2598 P.Manutio
1642 2566 1792 2607 placebat
1813 2571 1848 2598 et

420 2616 489 2647 lum
516 2615 569 2645 hic
599 2613 768 2654 Capitonis
796 2612 941 2643 officium
972 2609 1114 2650 intelligi
1160 2610 1302 2640 Graevio.
