1940 3231
300 134 380 178 956
724 127 913 177 ῈΡΙΞΤ,
939 132 1018 176 AD
1044 135 1315 180 BRUTUM.

299 252 430 297 quam
453 240 565 282 enim
588 239 803 294 dolebam,
828 242 869 284 in
894 257 986 284 earn
1011 258 1079 285 me
1107 245 1254 285 urbem
1290 244 1365 296 ire,
1386 258 1515 301 quam
1537 254 1583 289 tu
1606 246 1734 305 fuge-i

299 313 380 350 res,
402 299 475 353 qui
499 314 589 339 eam
616 300 896 351 liberavisses,
918 301 1031 355 quod
1057 301 1159 342 mihi
1188 316 1358 357 quoque
1379 304 1593 358 quondam
1618 306 1732 347 acci-

299 356 434 406 derat,
472 356 660 412 periculo
697 357 839 406 simili,
862 371 961 398 casu
997 358 1206 401 tristiore:
1248 360 1414 415 perrexi
1450 371 1607 412 tamen,
1640 362 1732 403 Ro-

299 427 501 468 mamque
533 413 720 469 perveni,
749 413 950 468 nulloque
983 415 1181 469 praesidio
1213 417 1425 471 quatefeci
1458 416 1728 461 Antonium:

299 479 536 526 contraque
567 470 658 525 ejus
690 485 807 511 arma
838 470 1035 521 nefanda,
1069 473 1280 526 praesidia,
1312 489 1407 529 quae
1441 474 1585 516 oblata
1616 486 1733 527 sunt,

302 527 486 568 Caesaris
510 528 690 568 consilio
713 536 755 568 et
777 528 1032 568 auctoritate
1056 529 1237 570 firmavi.
1269 533 1338 585 qui
1357 533 1388 572 si
1414 534 1579 573 steterit
1601 533 1731 584 idem,

299 585 494 639 mihique
518 585 728 640 paruerit:
761 586 862 625 satis
888 585 1080 625 videmur
1111 586 1297 627 habituri
1323 589 1525 643 praesidii.
1566 590 1631 630 sin
1654 605 1731 630 au·-

300 651 387 682 tem
419 642 648 697 impiorum
684 642 863 682 consilia
897 641 990 698 plus
1020 642 1242 693 valuerint,
1283 659 1410 698 quam
1445 655 1614 698 nostra3
1657 655 1733 688 aut

300 698 573 740 imbecillitas
595 699 735 739 aetatis
768 713 852 740 non
880 699 1068 754 potuerit
1098 701 1354 755 gravitatem
1378 716 1515 744 rerum
1547 703 1732 745 sustine-

299 770 372 797 re:
403 770 498 812 spes
526 757 665 797 omnis
688 766 752 797 est
784 758 827 797 in
851 766 907 797 te.
969 757 1112 803 Quam
1145 759 1202 798 ob
1227 772 1314 799 rem
1348 759 1513 810 advola,
1536 762 1731 812 obsecro,

301 822 430 868 atque
451 827 543 854 eam
567 811 891 870 rempublicam,
914 828 1041 868 quam
1068 815 1237 865 virtute,
1258 825 1386 870 atque
1407 816 1539 857 animi
1562 818 1731 874 magni-

254 875 289 909 b·
303 870 451 911 tudine
485 871 636 926 magis,
669 885 796 926 quam
828 871 992 912 eventis
1022 885 1162 912 rerum
1192 872 1397 925 liberasti,
1426 874 1548 914 exitu
1581 874 1730 916 libera.

299 928 441 969 omnis
463 929 655 969 omnium
679 942 910 969 concursus
933 929 983 969 ad
1009 938 1050 969 te
1074 929 1241 970 futurus
1264 939 1342 971 est.
1405 930 1592 972 Hortare
1616 932 1730 973 idem

299 999 377 1042 per
409 983 569 1026 litteras
603 984 814 1027 Cassium.
881 985 987 1041 Spes
1018 985 1228 1027 libertatis
1261 1002 1485 1043 nusquam,
1516 988 1597 1029 nisi
1629 989 1728 1031 32i11

298 1051 538 1084 vestrorum
562 1053 797 1084 castrorum
823 1043 1044 1099 principiis
1067 1053 1145 1085 est.
1197 1044 1364 1085 Firmos
1387 1046 1564 1086 omnino
1588 1055 1631 1086 et
1651 1045 1730 1087 du-

298 1114 368 1141 ces
392 1100 598 1141 habemus
619 1102 659 1131 33
676 1101 730 1142 ab
753 1101 992 1151 occidente,
1013 1110 1056 1141 et
1086 1102 1316 1143 exercitus.
1361 1101 1462 1143 Hoc
1484 1103 1731 1144 adolescen-

299 1157 354 1198 tis
379 1158 624 1213 praesidium
648 1158 846 1213 equidem
870 1158 1010 1200 adhuc
1039 1158 1211 1200 firmum
1235 1173 1326 1200 esse
1355 1159 1542 1200 confido.
1576 1161 1647 1202 sed
1671 1160 1732 1202 ita

296 1215 421 1255 multi
455 1215 730 1266 labefactant,
751 1225 811 1266 ut,
843 1228 896 1256 ne
929 1226 1165 1267 moveatur,
1186 1217 1400 1258 interdum
1432 1217 1730 1259 extimescam.

299 1270 450 1314 Habes
473 1282 613 1314 totum
634 1272 881 1329 reipublicae
900 1281 1082 1314 statum:
1107 1274 1179 1328 qui
1203 1274 1377 1329 quidem
1398 1285 1488 1315 tum
1510 1284 1615 1326 erat,
1630 1290 1730 1316 cum

295 1327 374 1370 has
396 1329 557 1371 litteras
588 1330 758 1372 dabam.
819 1329 959 1371 Velim
991 1330 1192 1386 deinceps
1224 1331 1400 1372 meliora
1423 1332 1532 1373 sint:
1566 1332 1631 1373 sin
1653 1332 1731 1373 ali-

297 1395 362 1427 ter
384 1386 512 1428 fuerit
535 1387 670 1442 (quod
692 1387 752 1429 dii
780 1401 906 1428 omen
929 1396 1125 1428 avertant
1142 1389 1171 1438 Ξ)
1202 1388 1451 1444 reipublicae
1484 1389 1621 1431 vicem
1653 1389 1731 1430 do-

294 1442 421 1487 lebo:
453 1460 549 1500 quae
573 1445 826 1487 immortalis
848 1458 939 1486 esse
969 1445 1169 1487 debebat.
1200 1445 1309 1487 mihi
1339 1446 1510 1502 quidem
1543 1456 1730 1504 quantu-

296 1501 386 1543 lum
411 1502 562 1558 reliqui
584 1504 676 1544 est?

235 1572 281 1613 ῃ
805 1557 1213 1599 ARGUMENTUM.

300 1622 437 1661 Veteris
454 1624 610 1661 Antistii
637 1625 798 1661 animum
825 1625 862 1660 in
890 1636 1002 1672 remp.
1030 1625 1184 1665 laudat,-
1215 1629 1251 1660 et
1269 1625 1382 1673 ipsius
1405 1626 1621 1673 petitionem
1638 1637 1730 1673 pra·-

383 1682 473 1714 turae
499 1682 541 1713 ut
559 1675 718 1723 adjacet,
738 1678 933 1725 ceterisque
951 1678 989 1713 in
1007 1678 1108 1713 rebus
1126 1688 1206 1713 eum
1226 1678 1501 1726 complectatur,
1519 1681 1639 1725 rogat.

680 1759 924 1802 BRUTUS
959 1759 1266 1802 CICERONI
1299 1761 1346 1802 S,

292 1818 567 1870 VETERIS
590 1827 770 1869 Antistii
788 1827 882 1869 talis
901 1829 1068 1869 animus
1088 1837 1151 1869 est
1166 1829 1207 1869 in
1224 1828 1548 1884 rempublicam,
1572 1836 1620 1870 ut
1641 1843 1728 1871 non

292 1887 504 1937 dubitem,
518 1886 621 1941 quin
643 1886 743 1927 etin
761 1885 932 1927 Caesare
953 1894 996 1926 et
1016 1885 1211 1926 Antonio
1235 1900 1278 1926 se
1303 1895 1581 1941 praestaturus
1598 1885 1730 1931 fuerit

292 1945 546 1986 acerrimum
571 1952 936 1999 propugnatorem
960 1943 1202 1984 communis
1224 1942 1455 1994 libertatis,
1477 1943 1513 1983 si
1535 1943 1730 1985 occasio-

291 2002 335 2043 ni
360 2001 572 2059 potuisset
601 2014 838 2042 occurrere.
900 1999 1030 2051 Nam,
1069 2001 1142 2055 qui
1178 2001 1221 2041 in
1256 1999 1424 2041 Achaia
1456 2015 1729 2057 cong1·essuS‚

292 2058 343 2100 P.
383 2058 608 2100 Dolabella
637 2057 795 2098 milites
828 2066 957 2112 atque
985 2059 1151 2112 equites
1183 2057 1383 2108 habente,
1406 2057 1589 2113 quodvis
1610 2058 1728 2099 adire

287 2116 543 2173 periculum,
564 2130 619 2156 ex
642 2114 808 2156 insidiis
832 2114 1089 2171 paratissimi
1114 2115 1166 2156 ad
1189 2115 1336 2156 omnia
1360 2115 1551 2167 latronis,
1568 2114 1729 2156 malue-

287 2174 358 2224 rit,
373 2189 502 2230 quarn
520 2173 652 2214 videri
675 2182 751 2214 aut
772 2183 947 2214 coactus
969 2186 1060 2213 esse
1075 2173 1300 2228 pecuniam
1315 2173 1429 2224 dare,
1452 2179 1527 2213 aut
1546 2172 1730 2216 libenter

287 2231 456 2272 dedisse
469 2231 633 2272 homini
649 2228 911 2286 nequissimo
925 2238 1053 2284 atque
1066 2229 1387 2286 improbissimo
1403 2246 1412 2272 2
1429 2230 1463 2270 is
1476 2230 1600 2271 nobis
1617 2229 1728 2271 ultro

287 2300 331 2329 et
353 2289 570 2346 pollicitus
592 2296 672 2338 est,
695 2299 739 2329 et
759 2286 880 2328 dedit
898 2286 997 2328 H-S
1022 2301 1090 2328 xx
1114 2302 1167 2328 ex
1192 2302 1268 2328 sua
1291 2288 1498 2343 pecunia:
1530 2295 1589 2339 et,
1608 2286 1725 2342 quod

286 2347 424 2387 multo
447 2346 586 2387 carius
609 2353 688 2395 est,
711 2345 899 2401 seipsum
930 2344 1090 2386 obtulit
1112 2354 1156 2385 et
1176 2344 1424 2400 conjunxit.
1486 2343 1606 2386 Huic
1630 2358 1727 2401 per-

288 2404 465 2445 suadere
492 2402 724 2459 coepimus,
745 2412 794 2443 ut
824 2401 1123 2458 imperatorin
1158 2402 1309 2443 castris
1341 2410 1593 2454 remaneret,
1617 2415 1728 2443 rem-

283 2475 367 2516 que
389 2460 608 2517 publicam
642 2459 906 2502 defenderet.
938 2462 979 2492 34
992 2459 1145 2501 statuit
1166 2458 1355 2503 eundum
1389 2458 1495 2511 sibi,
1517 2458 1723 2514 quoniam

321 2593 362 2622 32
378 2591 412 2621 in
427 2596 608 2622 vestrorum
623 2597 722 2624 castr.
735 2593 906 2633 principiis
918 2591 977 2632 est]
1023 2593 1091 2624 sint
1107 2591 1147 2623 ad
1163 2596 1271 2632 partes
1293 2590 1420 2631 aliquas
1441 2587 1664 2630 suscipiendas
1687 2598 1729 2620 ae

276 2635 447 2676 principiis
469 2634 606 2665 offendit
630 2636 714 2665 viros
737 2634 863 2666 doctos.
908 2634 982 2665 Ma-
1026 2633 1260 2666 defendendas.

277 2677 407 2712 nutius,
429 2676 455 2706 si
470 2686 555 2706 unus
571 2676 653 2707 liber
675 2677 830 2716 antiquus
846 2677 982 2708 haberet
1065 2680 1107 2708 33
1129 2677 1172 2707 ab
1201 2672 1374 2713 occidente]
1416 2673 1466 2704 Ab
1494 2672 1656 2713 Hispania
1691 2677 1727 2704 et

268 2719 444 2759 proesidiis,
460 2718 492 2748 id
506 2729 538 2749 se
554 2719 768 2759 praelaturum
785 2719 879 2750 dixit.
915 2719 978 2749 Sed
1020 2719 1139 2754 Gallia,
1154 2727 1198 2749 sc.
1225 2719 1362 2750 Sextum
1379 2715 1571 2756 Pompeium
1586 2720 1622 2746 et
1645 2715 1723 2747 Asi-

275 2761 376 2791 habet
390 2760 440 2792 cd.
456 2761 554 2792 Rom.
570 2761 734 2791 Jensonus
750 2761 874 2800 primus
882 2762 978 2800 prin·
1020 2762 1113 2793 nium
1130 2760 1326 2796 Pollionem,
1343 2757 1515 2789 Plancum.
1544 2798 1551 2804 .

273 2804 367 2842 cipiis
390 2803 490 2833 dedit.
507 2804 553 2834 sie
575 2808 687 2834 autem
708 2803 838 2834 videtur
860 2803 978 2834 dixisse
1062 2806 1104 2835 34
1124 2803 1243 2834 statuit
1256 2801 1401 2833 eundum
1416 2800 1491 2839 sibi]
1519 2800 1573 2830 Sic
1587 2797 1654 2839 legi
1668 2809 1726 2830 vo-

273 2845 401 2883 Cicero,
412 2846 437 2875 si
450 2851 563 2876 tamen
575 2845 670 2883 dixit,
681 2846 785 2886 proin
800 2846 914 2876 eastris
924 2855 980 2875 ve·
1023 2846 1137 2877 lebant
1153 2845 1325 2876 Manutius
1337 2847 1372 2873 et
1382 2841 1501 2873 Lamb.
1515 2844 1550 2872 et
1563 2841 1609 2871 sic
1623 2846 1673 2872 est
1687 2842 1723 2873 in

272 2888 361 2924 stris,
378 2888 427 2918 vel
445 2889 553 2928 potius
575 2889 610 2918 in
626 2888 825 2919 exercitibus
847 2888 978 2926 vestris,
1022 2889 1073 2919 ed.
1102 2888 1200 2919 Rom.
1231 2886 1319 2917 unde
1353 2884 1495 2915 restitui.
1539 2883 1723 2924 vulgatum

271 2930 348 2967 quia
363 2930 397 2960 in
412 2931 578 2971 principiis
593 2937 777 2961 castrorum
795 2930 882 2960 fiunt
900 2939 976 2960 con·
1021 2931 1141 2963 statuit
1156 2929 1194 2962 id
1207 2930 1267 2962 sibi
1280 2926 1412 2961 induxit
1425 2926 1603 2959 Jensonus.

269 2972 379 3004 tiones
389 2972 430 3004 ad
439 2974 632 3013 exercitum,
640 2973 758 3013 quibus
766 2973 894 3015 impelli
906 2982 981 3014 pos-
