1940 3231
693 142 909 181 LIBER
945 141 1052 179 vm.
1513 143 1590 178 659

147 247 394 290 occultandi
418 248 480 289 sui
502 263 647 298 causa,
669 261 721 287 an
743 247 870 287 maris
892 245 1141 302 apiscendi?
1163 259 1215 285 ne
1239 244 1279 285 id
1299 244 1469 299 quidem
1491 244 1588 286 scit.

148 304 321 360 ignorat
342 307 455 347 enim
479 307 532 347 de
555 305 657 346 filio.
681 304 802 345 addit
821 303 938 354 illud,
958 317 1058 343 sane
1084 301 1336 351 molestum3
1362 304 1589 357 pecuniam

151 361 352 405 Domitio
376 364 477 404 satis
500 363 720 418 grandem,
743 376 872 417 quam
895 361 930 401 is
955 360 1138 402 Corfinii
1161 359 1376 410 habuerit,
1394 374 1478 399 non
1497 374 1588 400 esse

147 421 374 462 redditam.
397 421 450 462 de
474 420 656 460 Lentulo
678 429 820 459 autem
847 418 954 460 nihil
972 418 1185 459 audimus,
1228 416 1342 458 Haec
1364 416 1492 458 velim
1512 430 1587 456 ex-

149 477 308 532 quiraS,
330 479 382 519 ad
408 491 559 532 meque
584 477 837 532 perscribas·

581 565 818 608 CICERO
853 564 1079 608 ATTICO
1111 566 1156 606 S.
1608 571 1656 607 15

147 625 215 682 A.
239 639 297 681 D.
327 654 352 679 v
381 638 498 680 Non.
523 638 657 680 Mart.
688 639 891 696 epistolas
914 639 1019 681 mihi
1055 650 1148 681 tuas
1172 638 1368 695 [Egypta
1389 634 1588 685 reddidit,

149 711 275 740 unam
297 707 481 738 veterem
500 711 548 738 lv
572 696 670 739 Kal.
688 713 817 753 quam
838 707 879 738 te
898 697 1050 738 scribis
1069 697 1235 738 dedisse
1251 695 1442 745 Pinario,
1461 708 1588 749 quem

144 769 230 796 non
268 754 479 806 vidimus;
513 755 555 795 in
590 770 676 810 qna
707 765 949 811 exspectas,
981 755 1187 811 quidnam
1219 753 1464 810 praemissus
1488 762 1590 807 agat

142 811 384 865 Vibullius,
417 814 491 868 qui
515 813 694 853 omnino
722 827 808 853 non
843 823 907 853 est
938 813 1054 854 visus
1082 828 1106 853 a
1130 812 1326 853 Caesare:
1360 811 1424 863 (in
1457 809 1590 850 altera

142 869 340 926 epistola,
375 871 513 922 video,
539 880 578 911 te
605 870 728 922 scire,
752 871 812 911 ita
834 885 925 911 esse
940 873 970 921 :)
1002 881 1059 922 et,
1082 868 1445 926 quemadmodum
1469 868 1588 908 rede-

143 938 291 971 untem
324 929 543 984 excipiam
578 928 823 980 Caesarem3
856 943 984 984 quem
1022 929 1200 969 omnino
1240 927 1376 967 vitare
1410 925 1586 981 cogito;

139 996 198 1038 et,
238 987 274 1015 81
295 998 369 1026 aut
409 986 639 1028 Haemonis
678 985 827 1042 fugam
872 986 1074 1036 intendis,
1114 984 1588 1037 commutationemque

139 1044 243 1086 vitae
270 1056 382 1096 tuae3
413 1045 527 1100 quod
556 1044 632 1085 tibi
669 1055 774 1099 puto
797 1058 889 1084 esse
911 1043 1182 1084 faciendum:
1215 1051 1257 1082 et
1280 1042 1468 1097 ignoras,
1495 1039 1589 1081 Do-

138 1102 288 1144 mitius
314 1117 412 1143 cum
435 1102 681 1143 fascibusne
712 1101 792 1153 sit;
824 1101 940 1156 quod
965 1115 1062 1141 cum
1095 1101 1217 1150 scies,
1240 1098 1386 1150 facies,
1410 1109 1457 1138 ut
1481 1099 1589 1139 scia-

137 1174 250 1201 mus.
304 1159 454 1201 Habes
477 1160 530 1200 ad
554 1159 735 1215 primam
759 1158 1002 1214 epistolam.
1065 1159 1234 1198 Secutae,
1253 1167 1352 1197 sunt
1371 1156 1483 1206 duae,
1502 1156 1589 1212 pri-

137 1218 209 1259 die
232 1218 330 1260 Kal.
353 1218 494 1258 ambae
517 1217 646 1268 datae,
665 1231 763 1271 quae
785 1231 850 1257 ine
874 1215 1171 1258 convellerunt
1186 1214 1238 1255 de
1263 1214 1443 1270 pristino
1459 1223 1589 1264 statu,

132 1275 226 1330 jain
262 1286 420 1325 tamen,
444 1285 491 1315 ut
525 1285 626 1315 ante
648 1274 698 1315 ad
731 1285 771 1314 tc
805 1274 970 1331 scripsi,
996 1274 1227 1315 labantem.
1289 1272 1384 1312 Nec
1408 1285 1475 1311 me
1498 1285 1590 1311 mo-

138 1343 223 1384 vet,
261 1333 376 1389 quod
408 1333 574 1382 scribis,
609 1333 650 1363 82
665 1331 766 1373 Jove·
799 1331 875 1386 ipsi
907 1332 1107 1388 iniquum.
1143 1344 1241 1371 nam
1277 1328 1516 1386 periculum
1542 1329 1585 1370 in

137 1392 362 1447 utriusque
384 1391 605 1431 iracundia
629 1391 817 1445 positum
841 1398 928 1431 est:
963 1389 1145 1431 victoria
1161 1399 1302 1429 autem
1327 1388 1385 1428 ita
1406 1387 1584 1438 incerta,

134 1460 183 1490 ut
204 1449 392 1490 deterior
416 1463 545 1490 causa
578 1448 766 1504 paratior
800 1447 905 1488 mihi
929 1461 1020 1488 esse
1045 1447 1252 1488 videatur.
1277 1459 1355 1485 nec
1382 1459 1449 1485 me
1480 1459 1581 1486 con·
1596 1462 1627 1492 p.
1650 1459 1718 1487 133.

135 1506 245 1547 sules
278 1516 469 1555 movent,
493 1506 566 1561 qui
601 1506 682 1561 ipsi
714 1505 857 1560 pluma
888 1515 963 1546 aut
995 1504 1101 1546 folio
1134 1503 1303 1545 facilius
1338 1513 1581 1543 moventur.
1596 1505 1626 1528 ὃ·

136 1564 270 1606 officii
306 1579 373 1605 me
404 1563 657 1604 deliberatio
688 1563 868 1613 cruciat,
901 1562 1201 1617 cruciavitque
1231 1560 1387 1602 adhuc.
1421 1560 1588 1601 cautior

134 1632 251 1663 certe
271 1632 336 1663 est
358 1621 551 1663 mansio:
585 1621 807 1662 honestior
840 1621 1116 1662 existimatur
1145 1618 1359 1674 trajectio.
1384 1618 1499 1658 malo
1522 1618 1588 1659 in—

134 1680 319 1731 terdum,
350 1679 474 1720 multi
512 1693 580 1720 me
613 1693 698 1720 non
735 1689 875 1730 caute,
909 1693 1038 1734 quarn
1062 1678 1188 1734 pauci
1213 1691 1297 1717 non
1320 1675 1501 1716 honeste
1525 1676 1586 1716 fe-

134 1738 243 1779 cisse
264 1738 533 1779 existiment.
569 1737 636 1778 De
661 1737 827 1793 Lepido
846 1748 889 1777 et
910 1736 1036 1777 Tullo
1059 1736 1174 1791 quod
1194 1734 1378 1790 quaeris3
1403 1733 1459 1773 illi
1486 1748 1583 1774 vero

135 1810 219 1837 non
255 1796 474 1847 dubitant,
507 1796 610 1850 quin
652 1795 815 1836 Caesari
854 1804 1014 1850 praesto
1049 1793 1198 1843 futuri,
1229 1794 1270 1833 in
1301 1802 1584 1846 senatumque

136 1856 304 1895 venturi
339 1855 440 1894 sint.
503 1852 822 1894 Recentissima
857 1857 931 1892 tna
964 1861 1026 1893 est
1051 1850 1235 1907 epistola
1260 1848 1357 1890 Kal.
1381 1849 1505 1890 data:
1541 1850 1583 1890 in

133 1926 219 1966 qua
251 1922 375 1968 optas
408 1925 704 1966 congressum,
736 1925 973 1966 pacemque
1010 1924 1092 1950 non
1128 1909 1343 1963 desperas.
1378 1907 1449 1947 sed
1485 1921 1583 1962 ego,

133 1984 233 2009 cum
268 1969 363 2011 haec
401 1969 658 2019 scribebam,
698 1983 778 2009 nec
811 1968 905 2009 illos
936 1981 1258 2023 congressuroS,
1285 1979 1378 2013 nec,
1410 1965 1442 2004 si
1478 1979 1582 2004 con-

133 2028 266 2082 gressi
292 2038 448 2076 essent,
473 2026 733 2082 Pompeium
756 2026 809 2067 ad
836 2025 965 2066 ullam
987 2025 1285 2067 conditionem
1308 2036 1581 2062 accessurum

135 2085 356 2140 putabam.
391 2084 522 2131 Quod
545 2084 700 2125 videris
723 2099 811 2125 non
834 2084 1048 2133 dubitare,
1072 2083 1103 2123 si
1128 2080 1325 2122 consules
1346 2090 1579 2127 transeant,

131 2142 235 2197 quid
273 2157 351 2183 nos
384 2141 526 2183 facere
558 2151 782 2196 oporteat:
815 2152 931 2182 certe
963 2151 1201 2189 transeunt,
1236 2136 1316 2187 vel,
1340 2139 1580 2192 quomodo

130 2214 248 2241 nunc
270 2210 349 2251 est,
374 2200 649 2240 transierunt.
672 2199 742 2240 sed
767 2209 1000 2249 memento,
1034 2208 1188 2254 praeter
1209 2196 1420 2251 Appium,
1445 2195 1580 2235 nemi-

131 2272 228 2298 nem
253 2272 345 2298 esse
367 2257 470 2308 fere,
493 2257 566 2311 qui
591 2271 676 2297 non
694 2257 768 2311 jus
792 2257 948 2297 habeat
972 2254 1236 2296 transeundi.
1260 2268 1359 2293 nam
1382 2262 1456 2292 aut
1479 2267 1579 2293 cnm

131 2315 316 2371 imperio
356 2325 470 2366 sunt,
505 2324 552 2355 ut
584 2313 835 2370 Pompeius,
870 2325 919 2355 ut
951 2313 1115 2369 Scipio,
1150 2312 1343 2359 Samias,
1376 2310 1580 2360 Fannius,

130 2373 370 2424 Voconius,
414 2371 605 2423 Sextius,
645 2372 727 2428 ipsi
767 2372 980 2421 consules,
1022 2372 1180 2425 quibus
1213 2382 1333 2409 more
1365 2367 1580 2422 majorum

132 2445 387 2472 concessum
409 2441 488 2481 est,
513 2429 579 2470 vel
600 2444 750 2470 omues
774 2430 892 2471 adire
921 2429 1191 2485 provincias3
1224 2437 1298 2466 aut
1328 2425 1457 2480 legati
1481 2437 1582 2466 sunt

130 2502 296 2530 eorum.
318 2491 357 2520 83
373 2489 445 2529 sed
468 2486 578 2528 nihil
601 2487 779 2528 dissero.
799 2487 903 2543 quid
930 2487 1096 2543 placeat
1121 2486 1217 2535 tibi,
1233 2495 1277 2525 et
1298 2482 1400 2539 quid
1426 2497 1582 2539 prope-

171 2605 209 2633 81
235 2607 296 2633 aut
313 2602 484 2634 Hannonis
492 2601 637 2642 fugam]
664 2602 833 2633 Pertinere
876 2602 930 2641 qui
948 2611 980 2631 se
995 2610 1062 2630 non
1077 2603 1304 2639 sequerentur.

129 2644 192 2675 hoc
208 2645 249 2675 ad
262 2646 443 2677 transitum
463 2645 568 2676 Attici
583 2652 676 2675 trans
692 2645 833 2675 marein
919 2647 958 2674 83
982 2644 1039 2673 sed
1063 2643 1148 2673 nihil
1172 2641 1308 2681 dissero]
1337 2650 1381 2670 sc.
1409 2639 1448 2671 de
1472 2640 1579 2671 afficto

129 2688 305 2725 Graeciam,
320 2688 416 2718 facile
431 2687 651 2728 intellig-itur:
669 2687 707 2718 de
724 2698 787 2726 qua
800 2695 834 2717 et
879 2696 965 2723 rnen,
980 2695 1006 2716 s,
1021 2692 1060 2716 ut
1075 2695 1173 2725 supra
1195 2684 1298 2721 dixit,
1308 2683 1384 2723 quid
1407 2693 1459 2713 me
1474 2683 1582 2713 facere

128 2729 208 2766 VII,
226 2733 254 2760 l.
270 2730 305 2760 in
319 2731 385 2761 fine
406 2731 544 2770 quaerit:
569 2729 625 2761 sed
636 2730 676 2761 de
691 2731 833 2760 lectione
877 2734 1042 2768 oporteat,
1071 2728 1152 2768 quid
1172 2726 1416 2767 propemodum,
1445 2730 1480 2754 ut
1507 2729 1582 2766 post

131 2771 214 2802 nihil
238 2773 320 2803 certi
340 2774 544 2804 extricatum
567 2778 628 2808 est,
651 2778 711 2804 aut
733 2773 834 2803 extri·
878 2776 1002 2801 rectum
1021 2772 1076 2801 sit.
1113 2770 1285 2801 Disserere
1299 2773 1351 2798 est
1374 2767 1583 2806 phiiezopho-

128 2815 195 2845 cari
212 2820 332 2855 potest.
880 2823 967 2850 rum,
983 2814 1022 2844 de
1038 2822 1072 2843 re
1089 2813 1199 2852 aliqua
1211 2813 1244 2842 in
1262 2819 1434 2848 utrumqne
1453 2817 1580 2850 partem

172 2860 212 2888 82
234 2857 312 2888 Jom‘
322 2858 383 2896 ipsi
397 2858 562 2899 iniquum]
578 2857 629 2889 Ad
642 2859 836 2897 Pompeium
879 2857 1134 2897 disputantium.

129 2900 288 2940 pertinet,
315 2901 372 2939 qui
400 2901 546 2932 minatus
574 2907 646 2932 erat
667 2902 834 2936 omnibus,

795 2957 822 2983 U
847 2957 869 2980 u
891 2949 919 2983 a}
