1940 3231
324 1812 358 1843 b.

358 151 437 191 866
777 151 961 191 EI‘IST.
987 151 1067 190 AD
1093 149 1380 196 ATTICUM,

360 265 428 297 tus
464 255 548 297 suit
577 270 746 298 mecum
779 256 869 298 dies
901 256 1171 312 complures:
1203 264 1260 308 ct,
1290 256 1324 296 si
1357 269 1439 311 ego
1473 266 1688 310 cuperem,
1717 250 1788 295 iile

361 313 427 354 v'el
463 313 603 370 plnres
642 313 822 356 fuisset:
855 314 943 365 sed,
978 315 1237 369 46quantum
1279 312 1378 364 fuit,
1420 311 1669 353 incredibile
1709 319 1790 361 est,

362 378 492 426 qu'a'm
513 385 582 412 me
610 370 652 411 in
684 371 801 412 omni
832 384 988 426 genere
1017 371 1262 412 delectarit:
1295 371 1340 411 in
1361 383 1497 424 eoque
1518 369 1721 419 maxime,
1742 367 1790 408 in

359 434 447 484 quo
468 428 645 469 minime
664 427 971 469 satisfaciebat.
993 427 1055 468 sic
1076 427 1192 468 eni-m
1211 436 1501 470 commutatus
1522 436 1588 471 est
1608 436 1725 467 totus
1747 433 1792 464 et

359 486 530 541 scriptis
554 485 657 525 meis
680 484 1062 540 quibusdam,quae
1086 485 1129 524 in
1153 484 1349 526 manibus
1371 484 1600 533 habebam,
1621 493 1665 524 ct
1685 481 1790 523 assi-

359 543 524 583 duitate
559 542 779 593 orationis,
800 550 844 581 et
875 541 1118 597 praeceptiS,
1141 551 1189 581 ut
1221 541 1295 582 tali
1323 542 1467 582 animo
1489 541 1532 582 in
1556 537 1792 596 rempubli-

359 614 470 649 cam,
503 599 619 654 quali
654 613 730 639 nos
766 598 976 649 volumus,
1010 599 1178 639 futurus
1211 599 1279 639 sit.
1313 598 1396 639 hoc
1430 613 1529 640 cum
1560 597 1670 638 mihi
1704 609 1793 637 non

358 657 491 697 modo
513 656 824 705 confirmasset,
847 656 918 697 sed
941 655 1072 696 etiam
1095 655 1393 710 persuasisset3
1419 655 1511 711 egit
1533 668 1700 696 mecum
1722 667 1795 694 ac-

356 720 506 755 'curate
540 712 684 753 multis
707 712 861 766 verbis,
896 713 976 753 tibi
1009 721 1057 753 ut
1089 712 1357 767 sponderem,
1385 726 1430 753 se
1461 712 1641 768 dignum
1674 719 1718 752 et
1749 720 1795 751 te

359 780 404 811 et
425 771 550 811 nobis
573 769 790 812 futurum:
823 784 961 826 neque
995 784 1038 810 se
1069 769 1299 825 postulare,
1320 778 1369 810 ut
1398 769 1543 810 statim
1574 769 1794 819 crederes;

360 827 449 880 sed,
472 842 570 869 cum
603 828 694 884 ipse
726 827 1030 884 perspexisses,
1063 835 1156 867 tum
1190 836 1240 867 ut
1272 840 1315 867 se
1344 840 1523 867 amares.
1559 826 1676 882 quod
1708 825 1793 866 nisi

359 884 489 926 fidem
513 883 618 925 mihi
651 884 837 936 fecisset,
852 884 1202 940 judicassemque
1231 884 1328 936 hoc,
1350 883 1467 939 quod
1488 883 1601 934 dico,
1624 883 1797 924 firmum

361 942 479 994 fore3
511 940 815 998 non‘fecissem
839 942 898 994 id,
921 941 1037 997 quod
1059 941 1252 982 dicturus
1283 956 1391 982 sum.
1423 939 1530 981 duxi
1560 939 1676 981 enim
1703 953 1797 981 me-

361 1015 460 1042 cum
483 999 796 1040 adolescentem
813 1000 869 1041 <ad
892 999 1092 1040 Brutum.
1114 998 1178 1040 sic
1199 999 1237 1039 ei
1262 999 1493 1055 probatum
1513 997 1720 1054 est,quod
1742 996 1798 1038 ad

361 1067 405 1098 te
438 1058 594 1109 scribo,
628 1065 676 1098 ut
709 1057 799 1112 ipse
831 1056 1074 1106 crediderit,
1108 1069 1178 1096 me
1211 1069 1460 1112 sponsorem
1493 1054 1689 1110 accipere
1717 1068 1796 1096 no-

360 1114 503 1165 luerit,
525 1128 709 1169 eumque
730 1114 921 1165 laudans,
943 1114 1203 1154 amicissime
1236 1113 1500 1154 mentionem
1533 1112 1596 1153 tui
1630 1110 1796 1163 fecerit,

359 1172 616 1228 complexus
638 1172 940 1226 osculatusque
962 1171 1187 1212 dimiserit.
1240 1169 1536 1218 Quamobrem
1557 1168 1638 1210 etsi
1658 1168 1801 1226 magis

363 1237 444 1279 est,
465 1229 579 1284 quod
603 1229 790 1284 gratuler
814 1230 909 1276 tibi,
931 1242 1060 1284 quam
1082 1228 1199 1283 quod
1229 1238 1271 1269 te
1291 1241 1439 1283 rogem
1459 1243 1469 1268 ι
1500 1231 1646 1268 tamen
1667 1226 1800 1267 etiam

361 1301 488 1343 rogo,
510 1296 572 1338 ut,
594 1287 627 1326 si
650 1301 746 1341 quae
774 1286 914 1327 minus
945 1294 1086 1336 antea,
1109 1294 1284 1342 propter
1313 1284 1610 1326 infirmitatem
1642 1282 1799 1335 aetatis‚

365 1353 613 1385 constanter
634 1345 689 1384 ab
712 1358 762 1384 eo
785 1344 876 1384 fieri
899 1343 1170 1394 videbantur,
1192 1357 1243 1384 ea
1266 1342 1436 1398 judices
1466 1340 1586 1382 illum
1617 1340 1803 1397 abjecis-

367 1415 436 1453 se3
467 1401 660 1455 mihique
690 1401 852 1451 credas,
883 1400 1067 1442 multum
1099 1399 1337 1451 allaturam,
1363 1399 1430 1440 vel
1459 1397 1693 1455 plurimum
1725 1408 1804 1455 po-

366 1459 467 1510 tius,
490 1458 542 1499 ad
568 1458 679 1498 illius
704 1458 920 1513 judicium
951 1457 1311 1508 confirmandum,
1333 1456 1635 1498 auctoritatem
1665 1464 1804 1511 tuam.

366 1515 505 1556 Bruto
533 1530 631 1556 cum
663 1531 778 1573 saepe
809 1515 1052 1571 injecissem
1075 1515 1128 1556 de
1149 1518 1330 1570 ἑμοπλοίᾳ,
1351 1527 1439 1555 non
1461 1513 1651 1570 perinde,
1673 1522 1803 1569 a-tq'ue

368 1587 450 1629 ego
484 1583 697 1629 putaram,
718 1577 757 1607 47
770 1574 955 1629 arripere
985 1573 1099 1614 visus
1130 1581 1209 1613 est.
1243 1571 1548 1612 existimabam
1579 1574 1805 1626 μεττωςότεςόι

366 1641 460 1671 esse
480 1647 488 1672 :
521 1640 564 1671 et
587 1630 758 1671 hercule
779 1641 884 1682 erat,
906 1640 948 1671 et
972 1630 1160 1671 maxime
1181 1629 1234 1670 de
1255 1629 1380 1669 ludis.
1407 1638 1452 1669 at
1481 1627 1605 1679 mihi,
1626 1641 1726 1668 cum
1749 1626 1807 1670 ad

367 1687 514 1728 villam
548 1688 767 1740 redissem,
789 1687 871 1729 Cn.
897 1687 1121 1738 Lucceius,
1152 1686 1227 1742 qui
1258 1686 1442 1727 multum
1475 1685 1612 1726 utitur
1647 1681 1805 1735 Bruto,

368 1744 574 1796 narravit,
605 1744 724 1786 illum
749 1745 870 1787 valde
901 1746 1072 1795 morari,
1096 1756 1183 1785 non
1216 1743 1586 1799 tergiversantem,
1619 1741 1691 1782 sed
1726 1755 1805 1782 ex-

372 1811 652 1857 spectantem,
683 1803 768 1843 48Βί
801 1803 875 1858 qui
908 1802 1019 1843 forte
1051 1816 1188 1842 casuS.
1211 1801 1357 1856 itaque
1393 1799 1561 1850 dubito,
1581 1813 1636 1840 an
1658 1798 1806 1839 Venu-

371 1860 476 1899 siam
501 1859 689 1910 tendam,
712 1868 756 1901 et
787 1860 847 1900 ibi
880 1868 1128 1914 exspectem
1159 1858 1212 1899 de
1243 1857 1512 1914 legionibus:
1545 1856 1580 1897 si
1609 1856 1808 1910 aberunt,

368 1925 417 1957 ut
439 1916 612 1971 quidam
635 1917 913 1967 arbitrantur,
936 1916 1237 1972 Hydruntem:
1261 1917 1295 1956 si
1317 1923 1517 1955 neutrum
1539 1913 1622 1955 erit
1640 1915 1806 1964 ἀσφαλὲς,

368 1974 520 2014 eodem
551 1974 906 2029 revertar.jocari
941 1988 1010 2014 me
1041 1975 1197 2029 putas?
1227 1972 1402 2023 moriar,
1424 1972 1457 2012 si
1480 1971 1706 2027 quisquam
1736 1983 1806 2010 me

362 2039 490 2072 'tenet
522 2040 678 2086 praeter
711 2042 767 2072 te.
801 2031 961 2072 etenim
999 2030 1313 2086 circumspice:
1345 2029 1418 2070 sed
1452 2039 1553 2070 ante
1584 2028 1809 2069 erubesco.

365 2088 413 2129 *O
434 2087 575 2129 49dies
613 2088 655 2129 in
689 2089 891 2144 auspiciis
928 2088 1081 2144 Lepidi
1111 2087 1249 2142 lepide
1283 2085 1540 2142 descriptos,
1557 2094 1602 2126 et
1630 2093 1730 2141 apte
1750 2084 1805 2126 'ad

360 2145 595 2202 'consi-lium
622 2145 781 2186 reditus
805 2146 953 2186 nostri.
976 2160 1134 2200 magna
1156 2149 1233 2200 ῥοπὴ
1254 2144 1309 2185 ad
1339 2141 1700 2200 proficiscendum
1722 2142 1808 2182 tuis

369 2203 540 2244 litteris.
578 2212 706 2257 atque
740 2204 905 2244 utinam
944 2212 984 2243 te
1019 2202 1127 2244 illic!
1161 2201 1234 2242 sed
1267 2210 1316 2242 ut
1347 2201 1588 2242 conducere
1618 2199 1807 2256 putabis.

372 2259 559 2315 Nepotis
581 2260 808 2316 epistolam
829 2269 1052 2316 exspecto.
1075 2258 1256 2316 cupidus
1287 2257 1356 2299 ille
1387 2259 1608 2300 meorum?
1628 2254 1712 2312 q‘ui
1741 2269 1807 2307 ea,

373 2319 530 2373 quibus
554 2318 742 2358 maxime
763 2322 902 2373 γκυςιῶ,
925 2317 1106 2373 legenda
1127 2331 1212 2359 non
1244 2318 1396 2373 putet?
1417 2317 1457 2346 50
1467 2314 1512 2356 et
1533 2313 1611 2365 ais,
1627 2317 1702 2367 μετ’
1716 2315 1809 2367 ’ἀμύ-

269 2413 275 2422 ,
337 2391 469 2427 ῃμωα.
492 2385 538 2415 tu
561 2388 663 2415 vero
684 2377 834 2427 ᾱμὺμων.
856 2373 925 2415 ille
946 2374 1119 2430 quidem
1142 2377 1317 2430 ἄμζξοτος.
1377 2371 1579 2414 Mearum
1607 2369 1810 2428 epistola—

416 2532 460 2561 46
478 2536 639 2571 quarelam
641 2530 734 2570 ficit]
752 2531 1068 2571 Conjeciquamdiu:
1113 2531 1230 2561 ficatus
1258 2530 1354 2560 ferias
1380 2527 1553 2563 indixerat,
1583 2527 1630 2569 (v.
1655 2537 1708 2569 ep.
1739 2529 1808 2570 n.)

367 2574 435 2603 etsi
451 2580 486 2603 ct
500 2574 582 2604 illud
595 2574 672 2604 ferri
689 2578 808 2613 potest.
1113 2582 1167 2603 eas
1182 2573 1263 2603 dicit
1277 2572 1391 2603 Cicero
1407 2569 1512 2610 lepide
1527 2569 1719 2611 descriptos,
1730 2571 1810 2610 quia

419 2618 458 2648 47
482 2617 629 2655 arripere
643 2617 730 2645 visus
743 2615 802 2654 est]
821 2615 909 2645 Bene
924 2615 1072 2654 arripere
1113 2616 1182 2655 ejus
1199 2614 1344 2645 *consilio
1372 2611 1528 2643 redeundi
1557 2613 1699 2645 Romam
1726 2613 1810 2646 bene

376 2657 542 2688 Victorius
568 2667 626 2697 pro
648 2659 793 2697 accipere
813 2657 914 2694 dedit,
929 2667 947 2687 e
968 2657 1073 2688 Codd.
1115 2656 1365 2688 conveniebant.

375 2705 457 2730 vett.
502 2699 566 2730 Sed
587 2706 700 2730 tamen
717 2700 763 2729 sie
785 2703 820 2729 et
839 2699 1004 2730 Jensonus
1019 2699 1073 2730 dc·
1157 2702 1197 2730 50
1218 2703 1249 2728 et
1268 2699 1329 2733 ais,
1341 2698 1409 2737 μετ’
1422 2695 1558 2736 ἀμύμονα
1580 2697 1655 2738 &e.]
1678 2697 1809 2729 Atticus

375 2741 485 2772 derat.
1113 2740 1252 2777 dixerat,
1268 2740 1433 2781 Nepotem
1449 2749 1519 2770 esse
1540 2741 1706 2780 optimum
1728 2740 1805 2770 seri-

417 2785 458 2815 48
480 2784 508 2814 si
521 2782 682 2824 quiforte
698 2782 804 2821 casus]
830 2782 891 2813 Ed.
906 2783 998 2813 Jens.
1015 2781 1071 2813 ad-
1112 2789 1256 2822 ptorem,
1281 2783 1337 2813 sed
1359 2783 1426 2822 μετ’
1448 2780 1594 2821 iudana,
1619 2782 1809 2822 intelligens

375 2826 424 2856 dit
439 2830 626 2863 occurrant,
643 2825 728 2865 quod
742 2830 792 2856 est
806 2835 827 2854 a>
837 2825 1028 2864 glossatore.
1113 2826 1221 2864 ipsum
1237 2825 1442 2856 Ciceronem.
1456 2825 1489 2855 id
1507 2830 1675 2864 retorquet
1696 2824 1735 2856 in·
1747 2825 1809 2856 At-

416 2871 458 2902 49
480 2869 546 2899 dies
572 2869 608 2898 in
636 2878 669 2899 a.
699 2868 741 2898 L.
770 2868 873 2906 lepide
899 2868 1071 2907 descriptos
1112 2867 1230 2904 ticum,
1253 2867 1359 2907 ipsum
1382 2877 1449 2898 esse
1474 2866 1622 2908 ἀμύμονα,
1639 2865 1810 2910 'Nepotem

376 2910 452 2951 ἂψ]
470 2910 611 2953 Lepidus
627 2910 662 2942 Ρ.
680 2910 729 2942 Μ.
743 2910 778 2942 in
794 2909 943 2952 auspiciis
959 2909 1070 2952 ponti-
1111 2915 1226 2941 autem
1238 2909 1337 2950 plane
1351 2908 1509 2943 divinum.
