1940 3231
649 114 835 155 EPIST.
861 112 942 152 AD
967 112 1244 153 BRUTUM.
1584 117 1660 155 953

212 220 417 277 accepit?
447 229 657 277 praeterea
687 229 754 262 est
786 217 1006 260 modestus
1034 217 1184 270 homo,
1206 227 1250 259 et
1279 216 1420 274 frugi:
1452 233 1579 275 quem
1605 234 1660 261 ne

219 280 384 321 utilitas
405 278 580 334 quidem
602 277 798 320 videatur
818 276 1056 333 impulsura
1077 276 1210 317 fuisse
1239 275 1293 317 ad
1325 275 1508 318 facinus.
1569 276 1661 318 Ro-

220 351 278 392 go
315 345 371 387 te,
405 346 451 377 et
482 336 656 391 quidem
693 334 816 375 valde
848 348 972 390 rogo,
996 337 1116 388 (nam
1140 332 1362 374 Achilleus
1397 344 1541 375 noster
1573 348 1663 376 non

220 393 379 444 minus,
400 408 530 449 quam
562 406 736 447 aequum
767 400 846 443 est,
876 391 1081 443 laborat‚)
1111 390 1269 447 eripias
1300 405 1399 431 eum
1430 404 1484 432 ex
1517 402 1663 433 custo-

219 451 306 501 dia,
347 463 674 505 conservesque.
735 449 838 491 Hoc
878 464 960 505 ego
1003 450 1055 492 ad
1098 463 1242 490 meum
1284 448 1477 490 officium
1522 449 1664 504 priva-

222 518 363 549 tarum
396 522 536 549 rerum
569 522 708 563 aeque,
741 516 871 563 atque
909 507 1039 549 ullam
1072 507 1198 548 aliam
1233 519 1322 547 rem
1357 507 1571 562 pertinere
1598 520 1665 546 ar-

222 566 375 606 bitror.
436 564 549 606 Cum
582 565 658 606 has
691 565 745 606 ad
784 574 826 606 te
859 565 1090 607 scriberem
1123 564 1302 614 litteras,
1335 566 1389 605 ab
1423 564 1581 614 Satrio,
1605 562 1665 604 le-

223 632 327 678 gato
362 622 414 664 C.
436 621 658 674 Trebonii‚
690 622 860 664 reddita
890 632 956 665 est
988 622 1096 663 mihi
1118 621 1316 678 epistola,
1352 625 1428 662 30a
1459 620 1588 663 Tillio
1621 630 1666 662 et

224 680 450 731 Deiotaro,
482 679 753 722 Dolabellam
785 695 946 722 caesum
978 679 1265 736 fugatumque
1295 694 1400 720 esse.
1462 679 1665 721 Graecam

223 737 452 792 epistolam
476 737 556 779 tibi
576 738 673 779 misi
694 737 908 794 Cyclierei
931 738 998 794 cuj
1009 737 1172 788 usdam,
1191 737 1243 778 ad
1268 736 1457 778 Satrium
1477 737 1667 778 missam.

225 794 398 837 Flavius
422 805 566 837 noster
588 799 642 837 de
664 796 971 846 controversia,
993 810 1124 850 quam
1155 795 1288 836 habet
1307 810 1407 836 cum
1432 794 1670 851 Dyrrachi-

222 852 292 894 nis
330 852 649 905 hereditariam,
682 854 836 894 sumsit
870 863 911 894 te
935 854 1147 910 judicem.
1185 867 1294 908 rogo
1332 863 1390 903 te,
1423 852 1594 903 Cicero,
1627 861 1671 893 et

226 909 400 952 Flavius
424 921 562 967 rogat,
587 926 673 952 rem
697 911 920 953 conficias.
944 911 1048 966 quin
1072 912 1126 962 ei,
1151 911 1224 965 qui
1252 910 1447 951 Flavium
1474 910 1578 952 fecit
1596 909 1670 950 lie-

225 969 387 1020 redeni,
413 969 639 1023 pecuniam
662 969 861 1010 debuerit
891 968 1059 1019 civitas,
1082 983 1169 1009 non
1192 978 1258 1008 est
1290 968 1471 1009 dubium
1491 985 1500 1010 :
1533 982 1672 1022 neque

230 1025 496 1082 Dyrrachini
520 1027 787 1079 infitiantur3
810 1026 883 1067 sed
904 1026 985 1067 sibi
1009 1027 1216 1067 donatum
1239 1040 1298 1066 aes
1320 1026 1506 1068 alienum
1530 1041 1554 1066 a
1573 1024 1673 1067 Cre-

230 1099 323 1124 sare
345 1084 510 1125 dicunt.
574 1084 675 1125 Noli
703 1086 806 1140 pati,
828 1087 866 1115 31
886 1100 911 1125 a
932 1084 1182 1126 necessariis
1207 1083 1291 1124 tuis
1314 1085 1553 1124 necessario
1577 1097 1673 1123 meo

229 1140 431 1196 injuriam
458 1142 564 1185 fierit
589 1156 697 1183 xvxi
727 1141 911 1184 Kalend.
933 1141 1038 1185 Jun.
1058 1156 1112 1182 ex
1136 1141 1303 1193 castris,
1326 1141 1380 1183 ad
1402 1141 1533 1182 imam
1559 1140 1674 1182 Can-

230 1198 419 1241 daviam.

743 1257 1153 1297 ARGUROENTUM.

453 1311 498 1348 L.
518 1311 693 1349 Bibulum
710 1317 751 1348 ut
770 1314 807 1348 z'n
826 1314 961 1349 Pansae
980 1313 1097 1348 locam
1115 1313 1288 1354 nominet,
1308 1315 1431 1359 rogat.
1688 1284 1713 1325 7

619 1395 864 1439 BRUTUS
898 1394 1208 1438 CICERONI
1241 1395 1286 1437 S.

235 1455 301 1508 L.
328 1465 594 1510 BIBULUS
624 1481 753 1523 quam
786 1481 908 1507 carus
931 1465 1039 1506 mihi
1062 1480 1154 1507 esse
1185 1465 1356 1516 debeat,
1378 1479 1506 1506 nemo
1530 1464 1681 1506 melius

226 1524 428 1580 judicare
459 1534 618 1581 potest,
640 1539 770 1581 quam
793 1533 840 1565 tu
861 1542 871 1566 ε
910 1523 1034 1579 cujus
1067 1533 1202 1565 tantae
1225 1539 1304 1580 pro
1336 1523 1559 1579 republica
1580 1538 1685 1565 eon-

236 1583 466 1634 tentiones,
490 1582 888 1637 sollicitudinesque
921 1580 1110 1622 fuerunt.
1173 1580 1328 1637 Itaque
1353 1580 1419 1622 vel
1442 1581 1576 1637 ipsius
1603 1581 1686 1621 vir-

236 1650 320 1691 tus,
344 1639 410 1681 vel
433 1650 580 1681 nostra
601 1639 874 1681 necessitudo
904 1639 1034 1680 debet
1056 1639 1288 1681 conciliare
1312 1649 1352 1679 te
1377 1638 1434 1679 illi
1454 1655 1463 1680 ε
1497 1654 1583 1694 quo
1605 1638 1688 1679 mi-

234 1713 316 1740 nus
339 1697 476 1739 multa
497 1697 604 1739 mihi
637 1698 865 1739 scribenda
887 1711 978 1738 esse
1009 1697 1211 1738 arbitror.
1272 1696 1485 1737 Voluntas
1508 1696 1622 1738 enim
1646 1704 1720 1756 teb

234 1770 410 1797 movere
432 1755 563 1796 debet
586 1767 746 1807 nostra,
770 1755 804 1795 si
829 1755 959 1796 modo
976 1754 1099 1810 ju'sta
1121 1764 1202 1805 est,
1234 1765 1310 1796 aut
1332 1769 1410 1810 pro
1442 1754 1589 1797 officio
1614 1769 1687 1794 ne-
1725 1748 1735 1756 ’

233 1814 422 1856 cessario
461 1813 709 1870 suscipitur.
771 1812 823 1854 In
868 1812 1024 1853 Pansae
1068 1812 1212 1853 locum
1258 1825 1403 1869 petere
1443 1812 1687 1853 constituit.

235 1886 331 1913 eam
354 1871 698 1912 nominationem
732 1886 756 1912 a
778 1880 822 1912 te
852 1871 1057 1926 petimUS.
1098 1884 1238 1926 neque
1270 1870 1564 1925 conjunctiori
1587 1870 1689 1911 dare

236 1929 515 1980 beneficium,
538 1944 668 1985 quam
702 1944 780 1970 nos
805 1928 883 1969 tibi
918 1943 1080 1979 summ,
1107 1942 1248 1984 neque
1280 1928 1524 1984 digniorem
1550 1927 1688 1969 nomi-

238 2002 342 2029 nare
366 1997 504 2043 potes,
527 2001 656 2042 quam
691 1986 914 2028 Bibulum.
980 1985 1049 2027 De
1073 1985 1273 2027 Domitio
1296 1996 1341 2027 et
1374 1984 1561 2042 Apuleio
1583 1984 1690 2041 quid

240 2046 400 2087 attinet
428 2060 498 2086 me
519 2046 721 2096 scribere,
744 2059 841 2086 cum
876 2044 960 2101 ipsi
982 2058 1059 2101 per
1081 2058 1124 2085 se
1158 2044 1236 2085 tibi
1272 2043 1690 2087 commendatissimi

241 2104 356 2146 sint?
398 2101 634 2159 Apuleium
674 2117 776 2144 vero
814 2113 862 2143 tu
899 2112 974 2143 tua
1005 2102 1265 2143 auctoritate
1303 2103 1512 2143 sustinere
1545 2101 1690 2142 debes.

242 2161 328 2202 Sed
344 2159 554 2218 Apuleius
578 2161 621 2202 in
645 2176 720 2202 sua
741 2159 925 2217 epistola
947 2160 1252 2201 celebrabitur.
1284 2159 1494 2202 Bibulum
1515 2159 1604 2201 noli
1627 2159 1694 2200 di-

241 2220 415 2260 mittere
437 2233 492 2260 ex
525 2219 620 2260 sinu
643 2229 736 2269 tuo,
765 2220 1048 2274 tantumjam
1081 2218 1236 2269 virum,
1268 2232 1323 2259 ex
1356 2227 1536 2273 quanm,
1567 2216 1694 2258 crede

242 2277 367 2329 mihi,
401 2285 544 2335 potest
564 2277 760 2329 evadere,
782 2276 857 2333 qui
883 2276 1033 2318 vestris
1057 2290 1295 2337 paucorum
1324 2275 1582 2332 respondeat
1603 2273 1696 2316 lau-

243 2336 388 2377 d1bus.
759 2392 1172 2431 ARGUMENTUM.
1709 2396 1737 2434 3

468 2458 508 2496 C.
528 2458 754 2494 Nasennium
772 2459 991 2507 municipem
1010 2457 1230 2494 Suessanum
1249 2456 1486 2493 commendat.

695 2541 933 2584 CICERO
966 2540 1180 2583 BRUTO
1211 2541 1257 2583 S.

250 2598 520 2654 MULTOS
553 2611 636 2653 tibi
667 2611 988 2662 commendavi,
1012 2620 1055 2651 et
1083 2610 1401 2661 commendem,
1422 2621 1599 2651 necesse
1619 2616 1700 2648 est.

249 2669 441 2727 optimus
472 2670 587 2711 enim
620 2670 803 2726 quisque
833 2670 910 2722 vir,
931 2678 977 2710 et
999 2669 1121 2720 civis,
1144 2669 1335 2709 maxime
1365 2667 1559 2724 sequitur
1583 2664 1704 2721 judi-

292 2787 335 2816 30
357 2793 380 2814 a
407 2783 520 2824 Tillio]
551 2785 604 2816 Sic
633 2785 760 2816 correxi
782 2784 956 2826 vulgatum
1043 2788 1082 2817 31
1108 2795 1129 2815 α
1150 2784 1340 2815 necessariis
1362 2781 1440 2821 tuis]
1476 2778 1707 2821 Dyrrachinis,

254 2827 375 2858 Tullio.
391 2833 442 2858 est
456 2829 544 2857 enirn
562 2837 670 2858 sermo
685 2828 725 2858 de
745 2827 887 2866 Cimbro,
903 2829 958 2868 qui
1001 2829 1056 2867 qui
1087 2834 1183 2859 erant
1210 2828 1244 2857 in
1276 2826 1445 2856 Ciceronis
1473 2821 1641 2861 clientela,
1669 2824 1709 2852 ut

254 2870 375 2901 Tillius
399 2870 477 2907 fuit,
509 2880 575 2900 non
606 2869 749 2906 Tullius,
776 2878 816 2904 ut
843 2881 958 2903 ornnes
1003 2872 1074 2912 ipse
1090 2876 1236 2902 testatur
1252 2879 1310 2910 pro
1327 2867 1462 2898 Plancio
1477 2877 1507 2897 C·
1523 2868 1577 2897 41·

249 2912 348 2946 hodie
363 2913 475 2944 sciunt
489 2918 524 2944 et
541 2913 768 2945 consentiunt.
