1940 3231
327 140 404 175 856

742 129 925 169 EPIST.
952 128 1034 167 AD
1060 128 1348 172 ATTICUM,

330 242 398 284 nis
426 238 580 286 Quint.
604 235 796 278 Puteolis
825 249 975 275 essem.
999 233 1120 275 valde
1148 233 1263 274 enim
1296 231 1479 284 festin03
1510 232 1570 274 ita
1598 241 1758 286 tamen,

332 308 397 346 ut,
419 306 627 352 quantum
659 294 790 334 homo
822 293 972 347 possit,
1003 306 1131 346 quam
1155 289 1401 331 cautissime
1426 289 1642 346 navigem.
1690 290 1759 332 M.

334 355 500 397 AElium
524 355 564 389 59
577 366 679 393 cura
700 349 925 391 liberabis:
957 349 998 378 60
1012 349 1046 388 is
1067 362 1136 388 me
1158 362 1317 403 paucos
1340 361 1491 403 specus
1511 347 1552 387 in
1569 356 1766 388 extremo

337 412 488 461 fundo,
510 419 553 451 et
583 423 655 449 eos
678 407 850 462 quidem
879 406 1202 455 subterraneos;
1233 404 1504 445 6lservitutis
1535 413 1660 460 putat
1689 404 1768 446 ali-

337 469 440 525 quid
463 468 712 509 habituros:
745 463 789 503 id
815 476 885 502 me
909 462 1002 516 jam
1029 461 1157 511 nolle,
1181 463 1221 491 ⁶2
1235 475 1374 515 neque
1403 460 1510 501 mihi
1531 461 1768 517 quidquam

339 540 431 568 esse
452 524 558 566 tanti
577 540 588 574 3
621 521 708 571 sed,
731 530 779 560 ut
802 519 909 560 mihi
937 518 1125 568 dicebas,
1153 532 1279 572 quain
1303 519 1531 570 lenissime,
1554 519 1699 574 potius
1721 527 1770 559 ut

340 598 443 625 cura
464 581 682 628 liberetur,
704 591 832 631 quam
854 576 894 606 63
910 585 956 616 ut
976 589 1046 616 me
1068 589 1316 616 succensere
1336 575 1496 631 aliquid
1519 575 1773 632 suspicetur.

344 640 466 682 Idem
488 640 527 669 64
541 637 594 677 de
615 634 688 675 illo
710 633 908 675 Tulliano
931 632 1072 688 capite
1094 631 1226 672 libere
1247 647 1346 673 cum
1369 632 1564 674 Cascelio
1585 632 1774 688 loquare.

343 710 481 754 parva
511 709 574 735 res
602 701 692 733 est:
725 691 796 732 sed
822 699 864 730 tu
888 691 997 730 bene
1019 689 1264 731 attendisti:
1297 690 1424 730 nimis
1447 690 1597 732 callide
1619 689 1778 747 ageba-

299 768 334 798 b.
348 765 430 796 tur.
460 767 542 808 ego
565 759 724 800 autem,
760 748 794 789 si
827 747 933 787 mihi
958 746 1235 803 imposuisset
1265 746 1441 802 aliquid,
1462 748 1502 778 65
1515 748 1627 802 quod
1652 761 1780 804 paene

347 811 466 862 fecit,
489 809 568 849 nisi
597 818 670 848 tua
693 805 860 846 malitia
892 803 1098 855 affuisset,
1122 804 1265 845 animo
1295 804 1444 859 iniquo
1467 804 1673 846 tulissem.
1698 804 1780 846 ita-

347 883 446 924 que,
465 877 514 907 ut
536 875 582 906 ut
603 864 698 914 erit,
721 877 810 903 rem
834 862 1032 918 impediri
1054 861 1181 902 malo.
1223 862 1263 892 66
1280 861 1492 902 Octavam
1509 872 1674 917 partem
1698 861 1775 902 tuli

348 923 626 967 luminarium
660 921 702 961 in
738 919 897 961 aedium
934 920 1145 959 adstranae
1180 919 1439 960 memineris.
1472 919 1540 959 cui
1567 918 1780 970 Caerellia,

348 981 507 1023 videris
542 977 760 1034 mancipio
788 977 889 1018 dare
917 976 970 1017 ad
991 991 1083 1017 eam
1113 991 1340 1028 summam,
1362 991 1458 1032 quae
1482 976 1561 1016 sub
1583 991 1783 1032 praecone

351 1040 436 1081 fuit
468 1037 687 1078 maxima:
722 1034 763 1075 id
802 1034 957 1090 opinor
992 1048 1083 1075 esse
1118 1047 1205 1074 ccc
1244 1048 1397 1074 Lxxx.
1460 1033 1577 1074 Novi
1615 1034 1647 1074 si
1680 1033 1784 1088 quid

349 1097 447 1146 erit,
479 1104 608 1149 atque
640 1092 769 1133 etiam
802 1092 836 1132 si
868 1091 971 1146 quid
1004 1091 1254 1147 prospicies,
1276 1091 1391 1146 quod
1421 1090 1614 1131 futurum
1645 1101 1786 1146 putes,

351 1154 512 1195 scribas
546 1151 600 1191 ad
631 1164 698 1190 me
731 1163 860 1204 quam
893 1149 1130 1204 saepissime
1165 1148 1305 1189 velim.
1355 1148 1555 1198 Varroni,
1580 1148 1786 1202 quemad-

349 1211 527 1252 modum
553 1208 633 1248 tibi
656 1206 871 1256 mandavi,
903 1206 1148 1246 memineris
1175 1220 1380 1247 excusare
1403 1205 1650 1247 tarditatem
1672 1205 1788 1245 litte-

350 1281 494 1310 rarum
518 1279 724 1307 mearum.
774 1264 814 1297 67
830 1262 1025 1304 Mundus
1048 1264 1192 1305 istum.
1244 1263 1312 1304 M.
1336 1263 1500 1304 Ennius
1525 1262 1628 1319 quid
1649 1261 1789 1319 egerit

352 1326 405 1366 de
425 1332 683 1365 testamento
705 1322 745 1352 68
760 1320 972 1373 (curiosus
994 1321 1129 1371 enim)
1151 1320 1282 1363 facias
1306 1335 1374 1362 me
1396 1321 1524 1363 velim
1544 1319 1788 1362 certiorem.

355 1382 425 1423 Ex
446 1380 665 1437 Arpinati,
689 1393 738 1420 v1
763 1378 882 1419 Non.

291 1495 342 1536 97
786 1467 1021 1509 CICERO
1052 1466 1280 1510 ATTICO
1312 1469 1357 1510 S.

363 1529 637 1583 GAUDEO
657 1537 697 1578 id
722 1545 763 1578 te
783 1536 888 1577 mihi
912 1537 1101 1585 suadere,
1122 1536 1236 1591 quod
1259 1551 1341 1593 ego
1363 1551 1458 1578 mea
1480 1545 1634 1593 sponte
1655 1536 1793 1593 pridie

356 1598 555 1639 feceram.
590 1610 688 1636 nam
724 1609 822 1635 cnm
858 1593 910 1634 ad
938 1604 980 1634 te
1005 1608 1052 1634 vl
1086 1593 1202 1635 Non.
1226 1594 1386 1646 darem,
1409 1594 1547 1635 eidem
1571 1595 1793 1636 tabellario

356 1655 453 1697 decii
476 1655 605 1694 etiam
631 1653 682 1693 ad
705 1652 919 1702 Sextium,
941 1651 1121 1706 scriptas
1150 1654 1238 1692 πάνυ
1256 1655 1473 1706 φιλοςόςγως.

1533 1651 1611 1693 Ille
1632 1661 1794 1704 autem,

357 1712 474 1768 quod
497 1710 703 1752 Puteolos
724 1708 1010 1765 prosequitur,
1032 1709 1242 1759 huniane;
1264 1709 1378 1762 quod
1393 1709 1601 1764 queritur,
1620 1709 1796 1765 injuste.

357 1784 444 1811 non
472 1768 587 1809 enim
621 1781 703 1822 ego
739 1776 827 1807 tam
860 1765 979 1806 illum
1006 1774 1271 1821 exspectare,
1295 1780 1393 1806 cum
1416 1766 1469 1807 de
1492 1766 1665 1808 Cosano
1688 1767 1799 1808 redi-

360 1836 441 1877 ret,
459 1824 608 1874 debui,
630 1839 756 1880 quam
795 1823 864 1864 ilie
894 1832 968 1864 aut
1001 1838 1087 1863 non
1121 1824 1181 1863 ire
1216 1831 1330 1873 ante,
1352 1837 1481 1878 quam
1513 1838 1583 1866 me
1611 1824 1800 1876 vidisset,

363 1893 437 1925 aut
458 1883 585 1924 citius
610 1881 779 1922 reverti.
802 1881 964 1921 sciebat
987 1881 1100 1921 enim
1135 1895 1203 1920 me
1225 1879 1419 1921 celeriter
1442 1881 1547 1922 velle
1568 1882 1800 1937 proficisci,

364 1954 542 1995 seseque
578 1939 630 1979 ad
665 1953 732 1979 me
769 1939 813 1978 in
843 1937 1134 1979 Tusculanum
1169 1937 1397 1992 scripserat
1429 1952 1520 1979 esse
1555 1947 1801 1980 venturum.

364 1997 442 2049 Te,
461 2007 508 2038 ut
538 2012 563 2038 a
590 2010 658 2036 me
688 1996 946 2045 discesseris,
976 1995 1233 2045 lacrimasse,
1258 1995 1436 2036 moleste
1458 1995 1663 2037 ferebam.
1686 1997 1803 2052 quod

366 2056 401 2096 si
435 2069 504 2096 me
537 2062 750 2110 praesente
782 2053 970 2104 fecisses,
999 2052 1228 2095 consilium
1260 2052 1394 2093 totius
1427 2053 1592 2096 itineris
1625 2053 1807 2096 fortasse

411 2182 451 2214 59
483 2188 564 2209 cura
594 2178 753 2208 liberabis.
781 2177 807 2207 is
835 2176 898 2216 me]
938 2177 987 2207 Ex
1017 2178 1067 2210 ed.

368 2222 466 2252 Rom.
495 2221 609 2251 malim
633 2230 715 2250 cura
744 2220 858 2256 libera,
881 2219 932 2249 vel
954 2230 992 2250 ex
1017 2221 1068 2252 ed.

370 2264 461 2294 JenS.
478 2264 638 2293 liberaris.

414 2306 455 2336 60
477 2306 504 2335 is
528 2315 579 2335 me
596 2314 718 2344 paucos
739 2313 850 2344 specus
871 2304 893 2333 i.
915 2314 940 2334 e.
951 2303 1003 2344 f]
1030 2304 1070 2335 In

372 2358 424 2378 me
445 2347 638 2386 intelligunt
660 2351 768 2385 rogat.
805 2346 954 2376 Olivetus
972 2349 1071 2378 corri-

373 2391 423 2430 git
439 2390 563 2420 metuit.

416 2433 454 2462 61
491 2432 656 2462 servitutis
687 2434 786 2470 putat
823 2431 950 2470 aliquid
982 2430 1073 2471 hah]

376 2474 458 2504 Haec
475 2475 560 2504 varie
571 2474 727 2513 leguntur
739 2474 772 2502 in
785 2473 875 2504 libris
890 2478 969 2503 vett.
991 2473 1074 2504 Edd.

374 2527 426 2556 pr.
442 2516 565 2546 habent
579 2526 605 2546 s.
628 2516 718 2555 apud
739 2518 805 2547 tale
821 2515 918 2554 quid.-
941 2516 1027 2554 qnod
1041 2521 1076 2546 et

377 2558 524 2588 Graevius
553 2565 683 2587 secutus
706 2565 766 2589 est.
810 2558 843 2588 J.
870 2558 921 2589 Fr.
945 2558 1074 2589 Grono-

377 2601 448 2630 vius
464 2600 598 2638 corrigit
621 2610 646 2629 s.
671 2600 762 2639 apud
779 2610 811 2630 se
825 2600 950 2639 aliquid
963 2602 996 2630 Ιι.
1016 2611 1075 2641 pu-

378 2646 431 2672 tat
445 2641 519 2672 inde
535 2641 656 2680 aliquid
673 2643 838 2672 servitutis
854 2643 912 2672 sibi
931 2642 978 2672 vel
996 2653 1078 2682 prae-

379 2684 433 2714 dio
446 2694 505 2714 suo
518 2684 593 2713 oriri
609 2693 710 2723 posse,
724 2684 833 2723 qualia
847 2694 969 2723 genera
981 2685 1080 2715 servi-

379 2730 492 2757 tutum
509 2725 542 2756 in
559 2726 687 2765 praediis
703 2727 830 2757 rusticis
845 2736 912 2756 esse
927 2733 1073 2767 possunt.

380 2769 477 2805 bene,
493 2768 621 2808 opinor.

425 2812 466 2842 62
487 2820 588 2850 neque
612 2811 692 2842 mihi
715 2821 745 2851 q.
769 2821 796 2841 e.
822 2810 922 2849 tanti]
947 2810 995 2841 Ut
1011 2812 1078 2850 ejus

383 2863 482 2884 causa
501 2853 643 2893 gratiam
667 2853 753 2895 apud
767 2863 842 2884 eum
858 2853 1010 2884 amittere
1024 2865 1078 2886 ve-

385 2894 455 2926 lim.

1118 2897 1218 2930 rabis.

1153 2179 1193 2209 63
1216 2182 1254 2208 ut
1266 2188 1315 2210 me
1330 2187 1514 2209 succensere
1528 2179 1656 2220 aliquid
1673 2181 1811 2221 suspice-

1112 2221 1182 2261 tur]
1208 2221 1304 2261 Quod
1333 2229 1450 2260 nempe
1479 2221 1586 2253 nollet
1612 2231 1667 2252 cos
1695 2231 1810 2264 specus

1112 2272 1180 2293 esse
1195 2269 1229 2294 et
1246 2264 1326 2303 pati.

1155 2307 1196 2336 64
1218 2306 1257 2336 de
1267 2307 1323 2336 illo
1344 2304 1498 2336 Tulliano
1511 2305 1630 2346 cupite]
1653 2306 1812 2344 Nomine,

1114 2349 1262 2387 pecunia.
1285 2358 1345 2388 pro
1358 2348 1458 2386 idem,
1482 2349 1597 2379 malim
1610 2350 1686 2379 item
1698 2361 1709 2379 .-
1732 2359 1810 2380 nam

1115 2391 1202 2420 idem
1227 2390 1307 2420 mihi
1328 2390 1447 2430 frigere
1469 2390 1524 2421 hic
1539 2391 1676 2422 videtur.
1691 2401 1743 2433 ep.
1759 2393 1812 2425 529.

1116 2437 1166 2462 est
1180 2433 1219 2462 cle
1234 2432 1389 2463 Tulliano
1402 2434 1541 2464 semisse.

1159 2475 1199 2505 65
1221 2475 1306 2514 quod
1323 2485 1418 2515 poene
1430 2474 1532 2515 ficit]
1557 2474 1748 2515 Legendum
1769 2476 1817 2506 vi-

1117 2516 1213 2547 detur
1224 2516 1379 2556 ficisset.-
1401 2518 1477 2557 quia
1499 2517 1657 2557 sequitur,
1675 2519 1740 2548 nisi
1756 2522 1818 2549 tua

1118 2561 1249 2589 malicia
1263 2559 1422 2599 qffuisset.
1440 2560 1501 2590 nisi
1516 2565 1554 2590 tn
1572 2559 1721 2591 callidior
1744 2561 1815 2602 ipso

1121 2601 1201 2632 mihi
1217 2602 1363 2633 cavisses.

1161 2645 1203 2674 66
1226 2645 1385 2675 Octavam
1395 2648 1528 2685 partem
1543 2643 1618 2683 &c.]
1646 2644 1728 2675 Haec
1739 2648 1820 2676 sunt

1122 2687 1238 2716 vitiosa
1254 2687 1287 2717 in
1304 2687 1393 2717 libris
1409 2687 1575 2717 omnibus.
1591 2688 1714 2718 frustra
1729 2687 1764 2717 in
1778 2687 1818 2718 iis

1120 2728 1320 2768 corrigendis
1334 2733 1368 2759 et
1381 2728 1580 2769 explicandis
1596 2728 1776 2760 laboratur.

1121 2812 1129 2825 1
1164 2771 1203 2804 67
1238 2771 1386 2802 Mundus
1407 2771 1523 2811 istum]
1560 2771 1640 2803 Non
1666 2771 1819 2812 intelligo

1122 2822 1201 2843 naee.

1165 2857 1204 2886 63
1227 2856 1373 2887 curiosus
1392 2854 1493 2895 enim]
1520 2855 1577 2893 Es,
1594 2861 1628 2888 et
1645 2865 1712 2888 non
1727 2855 1824 2897 igno-

1263 2898 1347 2931 Edd.
1363 2908 1415 2940 pr.
1433 2899 1602 2930 eustosius.
