1940 3231
712 198 924 240 LIBER
962 197 1056 236 XII.
1543 204 1620 242 '775

177 300 391 361 intelliges
424 304 607 362 placere,
646 304 860 346 mittenda
895 318 982 343 non
1016 310 1094 343 est.
1128 301 1169 343 id
1204 309 1349 343 autem
1383 309 1525 345 utrum
1559 303 1620 345 illi

177 362 380 413 sentiant,
414 378 524 404 anne
553 363 767 412 simulent,
804 371 848 402 tu
889 360 1116 417 intelliges.
1150 359 1254 400 mihi
1291 358 1507 400 simulatio
1542 376 1619 415 pro

177 421 478 474 repudiatione
513 420 654 461 fuerit.
684 423 765 460 τὲτο
784 421 918 471 >glanna
936 423 1005 463 ὅση.
1069 417 1138 459 De
1170 416 1370 458 Caerellia
1401 417 1505 471 quid
1541 418 1620 458 tibi

177 478 380 531 placeret,
413 477 515 519 Tiro
552 477 655 518 mihi
694 477 911 517 narravit:
946 476 1116 526 debere,
1139 490 1225 516 non
1264 489 1354 516 esse
1392 474 1664 530 dignitatisb·

175 546 310 576 meae:
348 536 697 591 pei-scriptionem
739 534 816 574 tibi
852 533 1043 589 plaeere:
1093 533 1177 574 hoc
1207 543 1414 581 metuere,
1436 532 1619 573 alterum

176 589 220 630 in
259 604 372 632 metu
401 608 482 633 non
513 589 686 648 ponere.
720 592 791 632 sed
815 602 857 631 et
891 591 1001 642 haec,
1024 601 1065 631 et
1103 590 1237 631 multa
1260 590 1341 630 alia
1364 604 1525 631 coram.
1550 605 1619 630 su-

175 651 372 690 stinenda
396 662 553 700 tannen,
576 650 609 690 si
647 650 724 690 tibi
761 649 990 699 videbitur,
1015 648 1172 689 solutio
1209 658 1274 688 est
1307 648 1495 689 nominis
1520 647 1618 689 Cae-

172 707 352 757 relliani,
375 707 477 748 dum
501 717 542 748 et
562 708 614 748 de
639 707 820 748 Metone
843 716 886 747 et
907 707 959 747 de
983 706 1165 747 Faberio
1191 706 1392 747 sciamus.

613 796 849 838 C1CERO
880 795 1110 838 ATTICO
1142 796 1187 837 S.

172 850 238 904 L.
263 862 547 906 TULLIUM
577 864 841 906 Montanum
867 865 994 915 nosti,
1018 865 1091 920 qui
1114 879 1212 906 cum
1240 862 1452 905 Cicerone
1477 863 1618 920 profe-

173 931 268 962 ctus
302 933 381 963 est.
414 926 467 964 ab
502 923 594 978 ejus
624 923 780 963 sororis
818 923 909 963 viro
947 922 1109 962 litteras
1147 922 1310 978 accepi,
1352 921 1620 962 Montanum

175 978 338 1019 Planco
361 981 531 1030 debere,
554 982 667 1035 quod
696 995 804 1037 praes
829 994 905 1036 pro
938 979 1151 1021 Flaminio
1175 980 1244 1030 sit,
1269 979 1367 1019 H-S
1394 993 1522 1021 xxv:
1566 979 1619 1020 de

172 1050 223 1077 ea
247 1052 289 1077 rc
310 1039 454 1079 nescio
476 1040 581 1093 quid
615 1051 654 1079 te
681 1055 705 1079 a
728 1038 945 1078 Montano
982 1050 1196 1093 rogatum.
1229 1052 1330 1077 sane
1365 1037 1507 1087 velim,
1530 1037 1620 1078 sive

174 1092 359 1135 Plancus
382 1107 445 1137 est
469 1098 699 1151 rogandus,
723 1098 812 1136 sive
834 1109 919 1150 qua
942 1109 984 1135 re
1009 1105 1130 1150 potes
1153 1094 1270 1135 illum
1289 1094 1459 1149 juvare,
1475 1095 1620 1150 juveS.

172 1154 359 1208 pertinet
392 1155 442 1195 ad
481 1165 672 1194 nostrum
709 1153 916 1193 officium.
950 1153 983 1193 si
1008 1167 1072 1193 res
1104 1153 1183 1193 tibi
1219 1151 1331 1193 forte
1367 1153 1511 1193 notior
1539 1162 1619 1203 est,

170 1224 298 1264 quain
335 1211 468 1262 mihi3
500 1222 575 1252 aut
606 1212 638 1252 si
666 1211 874 1251 Plancum
907 1210 1147 1266 rogandum
1186 1222 1336 1266 putas:
1370 1210 1531 1251 scribas
1566 1210 1622 1251 ad

171 1281 241 1308 me
278 1269 431 1321 velim3
475 1279 536 1318 ut,
580 1269 683 1324 quid
726 1268 784 1309 rei
829 1269 900 1318 sit,
942 1279 984 1309 et
1026 1268 1129 1323 quid
1169 1268 1426 1324 rogandum,
1471 1268 1620 1308 sciam.

174 1323 243 1365 De
273 1326 457 1381 epistola
495 1327 548 1367 ad
591 1326 806 1368 Caesarem
841 1326 945 1381 quid
977 1326 1131 1382 egeris,
1165 1335 1388 1381 exspecto.
1452 1324 1520 1365 De
1553 1325 1621 1366 Si-

170 1381 244 1433 lio,
285 1398 369 1424 non
403 1385 462 1425 ita
499 1399 599 1425 sane
630 1385 794 1425 laboro.
828 1393 873 1424 tu
909 1384 965 1423 mi
989 1393 1061 1424 aut
1095 1383 1376 1440 Scapulanos,
1407 1392 1483 1423 aut
1517 1382 1620 1424 Clo-

169 1440 321 1481 dianos
360 1442 537 1492 efficias,
577 1457 747 1484 necesse
785 1451 864 1482 est.
907 1441 978 1482 sed
1019 1442 1163 1482 nescio
1202 1441 1305 1496 quid
1346 1440 1501 1481 videris
1540 1440 1619 1482 du-

170 1498 310 1539 bitare
362 1501 415 1540 de
467 1499 651 1552 Clodia3
706 1511 864 1550 utrum,
921 1499 1147 1554 70quand0
1203 1499 1360 1549 veniat,
1404 1513 1457 1538 an
1512 1498 1619 1539 sint-

174 1570 227 1596 ne
261 1557 457 1599 venales?
490 1557 571 1598 Sed
605 1558 709 1613 quid
742 1567 820 1606 est,
844 1557 959 1612 quod
997 1556 1141 1607 audio,
1165 1556 1441 1612 Spintherem
1468 1556 1620 1597 fecisse

173 1613 439 1656 divortium?
484 1614 548 1655 De
572 1615 718 1672 lingua
756 1615 907 1656 Latina
928 1615 1065 1655 securi
1089 1629 1132 1655 es
1165 1614 1313 1664 animi,
1335 1614 1466 1664 dices,
1489 1616 1524 1647 7¹
1545 1614 1621 1669 qui

173 1671 275 1712 talia
314 1673 578 1714 conscribis:
609 1677 801 1728 ἀπόγξκφοι
831 1684 956 1714 sunt:
1000 1672 1165 1713 minore
1186 1672 1333 1713 labore
1357 1671 1492 1713 fiunt:
1528 1686 1622 1712 ver-

172 1729 228 1770 ba
252 1739 417 1771 tantum
440 1730 601 1782 affero3
633 1731 788 1785 quibus
812 1730 1002 1771 abundo.

614 1819 849 1862 CICERO
881 1819 1112 1861 ATTICO
1144 1820 1188 1862 S.
1600 1852 1602 1856 .
1633 1852 1686 1891 53

173 1874 332 1937 EGO,
362 1887 440 1928 etsi
466 1887 573 1928 nihil
595 1887 748 1938 habeo,
771 1887 884 1943 quod
919 1888 969 1928 ad
996 1898 1037 1928 te
1067 1888 1269 1937 scribam,
1293 1886 1436 1927 scribo
1459 1895 1620 1937 tamen,

170 1944 274 1999 quia
297 1954 437 1985 tecum
465 1944 579 2000 loqui
602 1945 763 1985 videor.
813 1945 897 1985 Hic
923 1946 1148 1986 nobiscum
1173 1955 1273 1985 sunt
1299 1944 1446 1985 Nicias
1469 1954 1513 1984 et
1535 1943 1622 1985 Va-

170 2001 313 2042 lerius.
349 2002 476 2042 hodie
508 2014 602 2043 tuas
634 2003 796 2043 litteras
828 2005 1189 2058 exspectabamus
1214 2004 1463 2042 matutinas.
1495 2012 1622 2043 erunt

171 2058 354 2100 fortasse
385 2064 529 2101 alterae
563 2061 928 2116 postmeridianae‚
962 2062 1041 2101 nisi
1076 2070 1117 2102 te
1139 2063 1178 2094 72
1195 2059 1432 2116 Epiroticae
1464 2059 1619 2100 litterae

171 2117 438 2172 impedient:
471 2132 576 2171 quas
601 2133 682 2174 ego
717 2133 802 2158 non
838 2118 1080 2174 interpello.
1144 2118 1249 2159 Misi
1274 2117 1326 2158 ad
1351 2128 1392 2157 te
1414 2117 1620 2173 epistolas

170 2174 224 2215 ad
246 2174 519 2215 Marcianum
545 2186 587 2216 et
609 2176 661 2217 ad
690 2175 968 2217 Montanum.
1001 2191 1071 2217 eas
1095 2176 1136 2217 in
1154 2176 1339 2217 eundem
1363 2174 1619 2216 fasciculum

171 2235 298 2273 velim
326 2232 471 2283 addas,
497 2233 577 2274 nisi
602 2233 823 2289 fortejam
846 2234 1018 2275 dedisti.

1629 828 1684 874 52

210 2350 252 2382 70
274 2347 404 2386 quando
427 2347 550 2387 veniat]
583 2349 635 2378 Sic
657 2347 729 2379 edd.
754 2358 803 2386 pr.
826 2348 874 2378 id·
917 2347 1115 2389 losophicos‚
1135 2348 1254 2388 quibus
1277 2352 1355 2389 apta
1378 2347 1494 2387 lingua
1514 2346 1622 2378 latina

167 2400 231 2429 qne
261 2391 428 2420 consentit
459 2391 680 2429 superioribus
713 2391 874 2431 epistolis,
917 2401 984 2422 non
1000 2396 1060 2422 est.

167 2433 224 2462 ubi
243 2431 414 2472 aliquoties
437 2433 475 2462 de
491 2433 563 2471 ejus
587 2433 745 2469 adventu,
762 2439 798 2464 ut
822 2444 874 2474 ep.
960 2436 1001 2468 7⁶2
1036 2433 1213 2473 Epiroticae
1241 2432 1358 2473 literae]
1412 2432 1452 2462 ln
1480 2431 1621 2472 Epirum

168 2478 224 2509 47.
240 2475 340 2506 Aldus
357 2475 459 2505 edidit
472 2480 621 2513 veneant,
638 2475 725 2515 quod
740 2482 774 2506 et
789 2476 874 2506 Gru·
917 2475 1091 2507 mittendae
1114 2487 1133 2506 a
1154 2481 1201 2514 te,
1219 2475 1260 2507 ad
1282 2480 1515 2518 procuratores
1532 2479 1621 2511 tuos,

169 2522 262 2551 terus
277 2518 430 2549 servavit.
917 2519 956 2551 de
972 2520 1069 2551 rebus
1084 2520 1161 2551 tuis.

212 2563 249 2596 71
276 2563 332 2602 qui
346 2562 430 2592 talia
444 2559 633 2601 conscribis]
663 2559 779 2592 Libros
799 2561 872 2602 phi-

799 3036 931 3073 31³4
