1940 3231
793 110 998 148 LIBER
1035 109 1109 147 IX.
1588 115 1663 151 689

220 213 440 273 descripta
461 215 608 258 attulit
639 215 711 258 illa
742 214 916 255 Lucius.
979 212 1016 253 E
1040 213 1110 254 via
1130 213 1227 253 misi
1251 213 1304 254 ad
1329 223 1370 254 te
1392 222 1506 267 ante,
1528 229 1550 256 e
1573 216 1669 271 qui-

220 271 303 315 bus
326 275 528 316 mandata
551 284 656 330 puto
686 270 870 327 intelligi
902 284 1043 326 posse.
1105 269 1338 335 Philippus
1372 270 1556 327 Neapoli
1589 286 1668 323 est,

222 328 431 373 Lentulus
465 331 673 373 Puteolis.
735 328 804 369 De
845 327 1062 381 Domitio,
1093 338 1142 369 ut
1173 326 1295 375 facis,
1328 328 1561 380 sciscitare,
1593 332 1666 371 ubi

220 387 292 439 sit,
323 391 428 445 quid
459 389 638 445 cogitet.
700 385 834 432 Quod
875 386 1043 438 scribis,
1070 386 1267 451 asperius
1306 400 1390 437 me,
1422 399 1551 441 quam
1586 389 1669 429 mei

217 446 442 500 patiantur
470 459 626 495 moreS,
656 443 710 484 de
743 443 960 499 Dionysio
999 444 1248 500 scripsisse.
1282 444 1394 495 vide,
1426 457 1556 499 quam
1589 445 1672 486 sim

218 504 496 569 antiquorum
520 501 762 542 hominum.
797 510 840 542 te
870 501 1037 543 medius
1072 501 1199 543 fidius
1229 501 1343 544 hanc
1374 515 1463 542 rem
1495 501 1671 557 oranius

216 563 367 616 putavi
398 561 585 602 laturum
615 573 722 610 esse,
745 573 876 614 quam
909 572 992 600 me.
1024 574 1124 601 nam
1157 570 1446 616 praeterquam
1478 559 1592 614 quod
1627 570 1671 599 te

215 619 382 659 moveri
420 617 607 658 arr-‘bitror
648 628 849 681 opor-Utere
886 616 1062 673 injuria,
1101 632 1200 673 quae
1241 617 1348 658 mihi
1387 633 1411 657 a
1448 631 1671 672 quoquam

218 675 334 716 sacta
351 674 429 716 sit·
420 690 504 731 ,rp
487 686 664 715 aeterea
680 684 722 715 te
742 675 884 730 ipsum
904 675 1094 730 quodam
1117 674 1247 716 modo
1270 675 1342 716 hic
1362 673 1554 725 violavit,
1569 689 1669 717 cum

217 732 262 772 in
284 747 353 773 me
377 708 465 773 tain
499 733 722 789 improbus
755 732 871 773 fuit?
904 732 977 773 sed
1006 741 1051 773 tu
1077 732 1120 773 id
1142 733 1293 788 quanti
1318 732 1522 783 aestimes,
1546 742 1670 773 tuum

208 789 430 844 judicium
460 800 539 830 est.
573 804 652 830 nec
686 801 828 831 tamen
862 788 906 830 in
938 790 1022 832 hoc
1053 790 1134 831 tibi
1157 790 1394 846 quidquam
1423 791 1565 831 oneris
1590 791 1670 831 im-

215 861 348 911 pont).
380 862 463 903 ego
495 856 638 889 autem
672 847 792 888 illum
825 847 935 888 male
967 862 1118 889 sanum
1151 863 1319 904 semper
1353 848 1519 904 putati,
1552 862 1668 889 nune

212 904 347 945 etiam
372 905 590 961 impurum
611 915 655 945 et
676 905 930 946 sceleratum
958 915 1086 961 puto:
1120 919 1200 947 nee
1224 916 1367 947 tamen
1392 905 1531 946 mihi
1523 906 1667 946 inimi—

215 961 393 1014 ciorem,
416 977 546 1019 quam
579 962 676 1003 sibi.
740 965 777 998 19
792 961 860 1004 De
893 962 1152 1020 Philargyro
1186 964 1319 1005 bene:
1354 978 1527 1004 causam
1551 973 1667 1004 certe

217 1018 411 1061 habuisti
435 1032 479 1062 et
498 1035 642 1062 veram
661 1029 705 1060 et
727 1020 912 1072 bonam3
938 997 1133 1061 relictum
1157 1035 1248 1061 esse
1270 1035 1338 1061 me
1363 1021 1522 1077 potius,
1536 1035 1667 1075 quam

212 1077 452 1132 reliquisse.
514 1077 629 1119 Cum
673 1077 886 1118 dedissem
922 1078 1018 1133 jam
1056 1078 1220 1119 litteras
1259 1078 1667 1119 a.d.v111.hal.

211 1137 371 1189 2²0quos
403 1150 504 1177 cum
537 1134 681 1176 Matio
715 1145 758 1176 et
789 1134 995 1177 Trebatio
1027 1136 1244 1188 miseram,
1267 1136 1404 1192 pueri,
1437 1136 1668 1192 epistolam

216 1193 325 1234 mihi
349 1193 589 1234 attulerunt
611 1192 695 1234 hoc
717 1193 946 1249 exemplo:

283 1282 521 1325 MATIUS
555 1282 631 1324 ET
660 1282 1010 1326 TREBATIUS
1046 1283 1357 1327 CICERONI
1392 1283 1526 1327 IMP.
1563 1284 1607 1326 S.

217 1339 366 1394 CUM
399 1351 552 1409 Capua
583 1351 836 1403 exissemus,
876 1353 919 1393 in
959 1353 1112 1394 itinere
1151 1353 1364 1394 audiimus
1407 1352 1709 1427 Pompeium?
1729 1356 1799 1386 ¹51²!-

213 1408 450 1451 B1undisio
487 1425 525 1451 a.
559 1409 602 1450 d.
637 1424 725 1451 xvl
760 1409 944 1452 Kalend.
978 1410 1119 1467 April.
1153 1426 1253 1452 cum
1282 1411 1486 1452 omnibus
1513 1407 1698 1467 coms,

211 1482 319 1522 quas
341 1467 509 1520 habuit,
534 1466 778 1523 profectum
801 1482 916 1511 esse:
952 1467 1064 1509 Caes
1054 1483 1170 1510 trem
1194 1477 1368 1525 postero
1386 1468 1488 1509 die
1479 1484 1520 1510 m
1542 1470 1669 1525 oppi-

213 1525 320 1566 dum
358 1525 586 1577 introisse;
623 1525 932 1566 concionatum
971 1541 1087 1579 esse3
1131 1527 1231 1568 inde
1264 1526 1453 1567 Romam
1488 1537 1670 1568 conten-

209 1582 353 1636 disse3
384 1582 492 1624 velle
524 1592 626 1624 ante
649 1581 835 1624 Kalend.
861 1597 953 1625 esse
975 1584 1029 1625 ad
1053 1585 1219 1635 urbem,
1241 1593 1285 1640 et
1308 1599 1469 1640 paucos
1491 1584 1582 1625 dies
1605 1584 1665 1626 ibi

210 1641 489 1706 commorari,
511 1640 667 1682 deinde
686 1640 730 1681 in
754 1640 992 1697 Hispanias
1017 1642 1252 1698 proficisci.
1314 1641 1456 1683 Nobis
1479 1656 1565 1683 non
1590 1642 1667 1684 ali-

211 1711 343 1739 enum
368 1700 507 1740 visum
530 1708 611 1750 est,
632 1700 839 1754 quoniam
857 1699 911 1740 de
933 1700 1120 1741 adventu
1144 1699 1330 1742 Caesaris
1355 1714 1433 1765 pro
1452 1709 1572 1741 certo
1589 1699 1667 1741 ha-

209 1755 436 1808 bebamus,
459 1770 615 1813 pueros
637 1756 691 1798 ad
714 1766 757 1798 te
780 1757 1014 1808 remittere,
1033 1768 1080 1798 ut
1103 1758 1143 1799 id
1171 1768 1214 1798 tu
1235 1757 1560 1814 quamprimum
1583 1758 1665 1799 sci-

207 1827 292 1855 res.
354 1813 570 1855 Mandata
602 1822 677 1856 tua
705 1815 832 1856 nobis
857 1830 973 1856 curae
1009 1824 1124 1866 suut,
1149 1829 1300 1871 eique,
1325 1826 1371 1856 ut
1395 1825 1564 1871 tempus
1588 1830 1667 1870 po-

209 1870 395 1924 stularit,
428 1886 621 1927 agemus.
682 1871 912 1914 Trebatius
943 1872 1140 1914 Scaexola
1174 1873 1295 1925 facit,
1335 1882 1383 1913 ut
1421 1874 1664 1916 antecedat

212 1927 410 1985 Epistola
442 1931 704 1986 conscripta,
743 1930 992 1972 nuntiatum
1022 1941 1087 1972 est
1119 1905 1512 1982 nobis‚'2Ct:sa1em
1547 1946 1586 1971 a.
1621 1931 1663 1971 d.

215 1999 310 2028 vlu
347 1986 446 2028 Kal.
473 1987 612 2044 April.
645 1988 884 2029 Beneventi
918 2003 1185 2040 mansurum,
1222 2004 1260 2029 a.
1293 1988 1335 2030 d.
1370 2002 1440 2029 vu
1482 1987 1663 2044 Capuae,

209 2059 248 2085 a.
271 2044 314 2086 d.
340 2059 389 2086 vl
414 2045 646 2087 Sinuessae.
670 2045 754 2087 hoc
779 2061 855 2103 pro
878 2058 998 2088 certo
1021 2056 1239 2103 putamus.

641 2129 878 2173 CICERO
910 2130 1139 2173 ATTICO
1173 2131 1217 2173 S.
1678 2128 1728 2170 16

207 2187 371 2250 CUM,
403 2199 519 2254 quod
555 2199 787 2241 scriberem
821 2201 874 2242 ad
915 2211 970 2253 te,
1006 2201 1115 2242 nihil
1149 2201 1380 2243 haberem:
1413 2209 1573 2252 tamen,
1604 2215 1658 2242 ne

204 2271 336 2311 quem
357 2256 473 2298 diem
495 2257 842 2310 intermitterem,
875 2259 950 2299 has
975 2259 1072 2300 dedi
1096 2259 1274 2300 litteras.
1327 2258 1381 2299 A.
1405 2259 1445 2300 d.
1473 2273 1520 2300 v1
1557 2258 1655 2300 Kal.

205 2313 426 2357 Caesarem
460 2314 676 2357 Sinuessae
715 2331 964 2357 minsurum
996 2317 1272 2359 nuntiabant.
1303 2317 1358 2357 ab
1381 2331 1432 2357 eo
1457 2316 1562 2357 mihi
1587 2316 1657 2358 lit-

205 2383 309 2414 terae
347 2372 528 2414 redditae
567 2388 605 2414 a.
648 2373 689 2414 d.
727 2387 798 2415 v11
837 2373 1021 2415 Kalend.
1057 2375 1215 2430 quibus
1253 2373 1347 2430 jam
1382 2389 1490 2437 opes
1524 2389 1656 2426 meas,

203 2432 242 2461 21
257 2445 361 2483 non
388 2439 434 2472 ut
456 2431 766 2487 superioribus,
787 2447 931 2488 opem,
954 2442 1196 2489 exspectat.
1220 2447 1320 2473 cum
1353 2446 1446 2488 eJus
1469 2431 1657 2474 clemen-

250 2547 288 2579 19
311 2544 520 2585 thlargglro
535 2547 611 2576 bene
625 2545 766 2585 curasti]
784 2547 837 2577 Sic
852 2547 909 2577 Vi·
953 2557 1071 2588 gyrum
1105 2557 1158 2578 me
1191 2546 1380 2584 defendisti,
1412 2547 1451 2578 de
1481 2547 1655 2588 Dionys-io,

203 2588 328 2617 ctorius
351 2593 385 2618 et
409 2589 537 2619 Bosius.
583 2588 666 2629 Quae
690 2589 788 2619 lectio
811 2590 837 2619 si
860 2594 911 2620 est
953 2600 1031 2620 nam
1048 2590 1089 2620 ad
1109 2600 1186 2620 eum
1209 2591 1378 2630 pertinent
1402 2590 1477 2621 illa:
1503 2592 1658 2621 relietum

200 2639 293 2668 vera,
317 2630 357 2660 de
386 2632 527 2671 pecunia
550 2641 658 2662 sermo
681 2638 744 2663 est.
789 2631 852 2662 Sed
875 2632 903 2662 ei
947 2642 1012 2663 esse
1026 2643 1076 2663 me
1084 2633 1205 2672 potius,
1220 2642 1321 2672 quam
1337 2634 1512 2673 reliquisse.

202 2681 270 2702 non
293 2678 372 2712 apta
393 2681 472 2704 sunt
494 2675 679 2714 sequentia,
696 2685 829 2705 eausam
845 2674 903 2705 ha·
991 2678 1031 2706 20
1053 2685 1129 2716 quos
1151 2685 1226 2706 cum
1250 2675 1300 2706 M.
1323 2677 1396 2716 δια]
1430 2677 1470 2706 In
1494 2677 1545 2707 his
1568 2675 1652 2705 nihil

204 2714 304 2744 buisti
334 2725 445 2746 veram
474 2722 510 2747 et
538 2717 659 2747 bonam
691 2718 749 2748 διο.
796 2717 905 2755 Igitur
948 2718 1010 2748 nisi
1033 2719 1134 2758 pueri
1158 2718 1267 2748 locum
1294 2724 1523 2755 mutaverunt,
1551 2728 1652 2757 quem

203 2757 336 2796 praetuli
352 2757 530 2790 lectionem
546 2760 595 2789 ed.
612 2760 710 2790 Rom.
732 2759 788 2791 De
804 2760 902 2791 Pfiil-
947 2766 1025 2792 ante
1038 2762 1128 2792 inter
1148 2761 1292 2791 Matium
1317 2768 1352 2791 et
1373 2762 1568 2792 Trebatium
1591 2760 1651 2791 ha-

204 2809 330 2838 argyro
355 2801 443 2831 bene.
489 2803 542 2833 Sic
562 2802 641 2832 alibi
663 2803 764 2833 etiam
788 2804 904 2833 Cicero
946 2803 1088 2835 bebant:
1114 2804 1302 2844 Malaspina
1316 2811 1351 2834 et
1367 2804 1515 2834 Graevius
1529 2803 1571 2833 ab
1587 2803 1652 2833 ini-

202 2843 236 2872 in
253 2842 313 2873 tali
330 2852 375 2873 re.
421 2843 531 2875 Etiam
555 2845 589 2874 in
613 2845 664 2875 ed.
679 2846 770 2876 dens.
786 2846 825 2875 de
846 2857 902 2876 ex·
945 2847 994 2876 tio
1009 2847 1190 2887 ponebant.

203 2885 297 2918 cidit.
342 2886 462 2916 Sensus
476 2892 545 2916 est:
569 2887 656 2926 quod
671 2888 759 2929 apud
775 2888 902 2919 Philar-
990 2892 1025 2920 Ξῖ]
1053 2899 1130 2929 non,
1147 2894 1184 2921 ut
1207 2888 1429 2929 mperz'orz'bus
1453 2887 1573 2930 literis]
1610 2888 1651 2927 li—

263 2941 373 2970 VOL.
399 2942 477 2971 111.
504 2943 544 2971 P.
572 2944 626 2972 11.
895 2945 923 2972 Y
945 2945 976 2986 y
