1940 3231
311 139 388 174 452
735 137 828 176 ΕΡ]
840 139 914 176 ST.
943 138 1017 176 AD
1043 137 1325 204 AerICUM,

310 249 457 282 rentur
475 241 526 282 ad
547 241 815 298 rogationem
839 243 1132 299 accipiendam
1150 261 1160 294 ;
1184 242 1379 284 homines
1397 241 1449 282 ad
1469 256 1531 283 xv
1552 240 1748 292 Curioni,

312 297 474 338 nullum
509 310 680 340 senatus
713 300 955 341 consultum
988 300 1180 351 facienti,
1203 310 1499 341 assenserunt:
1531 314 1584 340 ex
1618 299 1751 340 altera

312 366 432 411 parte
456 355 579 397 facile
605 371 721 398 cccc
736 356 922 398 fuerunt.
946 368 1041 399 aeta
1067 373 1128 399 res
1154 368 1232 398 est.
1273 357 1419 398 Fufius
1443 358 1639 397 tribunus
1659 367 1751 396 tum

311 414 538 454 concessit.
601 414 778 455 Clodius
800 415 840 445 65
853 415 1083 455 conciones
1107 416 1279 456 miseras
1302 414 1504 465 habebat,
1528 415 1570 454 in
1595 413 1752 468 quibus

313 469 554 521 Lucullum,
590 471 890 522 Hortensium,
924 472 976 513 C.
1011 472 1228 523 Pisonem,
1269 471 1500 512 Messalam
1531 470 1752 512 consulein

312 527 622 573 contumeliose
645 528 854 580 laedebat3
885 529 1003 570 651113
1025 538 1192 570 tantum
1215 529 1475 584 comperisse
1497 529 1643 568 omnia
1669 526 1753 568 cri-

314 585 573 625 minabatur.
626 585 807 626 Senatus
831 594 873 626 et
895 585 947 626 de
970 587 1203 642 provinciis
1227 596 1475 642 praetorum,
1501 594 1544 626 et
1565 585 1617 626 de
1636 585 1753 640 lega-

316 642 520 692 tionibus,
543 652 585 684 ct
607 642 659 683 de
690 642 841 683 ceteris
874 644 998 685 rebus
1029 644 1301 694 decernebat,
1325 653 1371 683 ut
1394 652 1507 693 ante,
1531 657 1660 697 quam
1683 656 1753 682 ro-

315 700 433 754 gatio
469 698 552 740 lata
584 709 708 750 essct,
743 715 795 741 ne
826 700 928 755 quid
962 711 1174 757 ageretur.
1236 699 1385 741 Habes
1415 715 1480 741 res
1516 700 1751 741 Romanas.

316 755 388 796 secl
413 766 553 797 tamen
587 758 716 798 etiam
743 757 860 807 illud,
884 758 998 812 quod
1019 773 1105 798 non
1125 772 1356 814 speraram,
1386 757 1500 798 audi.
1562 756 1752 796 Messala

315 812 464 854 consul
489 824 554 855 cst
584 814 799 870 egregius,
821 813 960 864 fortis,
983 825 1199 866 constans,
1220 814 1419 870 diligens,
1448 814 1583 855 nostri
1607 812 1753 854 lauda-

318 879 398 921 tor,
432 883 612 921 amator,
648 872 854 911 imitator.
896 871 935 904 67
958 871 1026 912 ille
1052 871 1158 912 alter
1193 885 1280 911 uno
1313 872 1419 913 vitio
1450 871 1591 912 minus
1626 870 1756 912 vitio-

318 942 386 967 sus
405 944 414 979 3
448 929 562 982 quod
582 928 709 977 iners,
729 927 846 983 quod
869 928 1008 969 somni
1041 927 1206 984 plenus,
1228 928 1345 982 quod
1377 929 1616 985 imperitus,
1639 927 1755 983 quod

315 989 581 1038 ἀπρακτότατος,
618 984 691 1026 sed
725 984 946 1026 voluntate
980 986 1041 1026 ita
1071 988 1248 1040 κκχέκτης,
1286 994 1334 1026 ut
1364 985 1622 1042 Pompeium
1657 993 1756 1041 post

316 1039 432 1080 illam
454 1041 723 1094 concionem,
746 1057 831 1098 qua
849 1043 903 1083 ab
925 1057 976 1083 eo
991 1052 1161 1084 senatus
1180 1043 1377 1084 laudatus
1400 1052 1481 1092 est,
1503 1042 1644 1084 odisse
1662 1057 1756 1084 coe-

316 1098 441 1154 perit.
470 1098 613 1154 itaque
636 1099 791 1140 mirum
815 1100 856 1140 in
880 1100 1057 1141 modum
1088 1114 1236 1142 omnes
1269 1116 1293 1141 a
1315 1115 1357 1141 se
1378 1100 1514 1140 bonos
1537 1098 1755 1140 alienavit.

316 1169 455 1210 neque
478 1156 519 1197 id
543 1157 680 1212 magis
703 1157 896 1198 amicitia
917 1156 1060 1199 Clodii
1082 1158 1292 1198 adductus
1316 1157 1434 1208 facit,
1458 1171 1587 1212 quam
1611 1156 1755 1198 studio

318 1212 580 1268 perditarum
605 1228 743 1255 rerum
775 1222 903 1269 atque
927 1215 1131 1269 partium.
1162 1216 1231 1256 sed
1257 1215 1387 1256 habet
1410 1215 1473 1254 sui
1506 1213 1688 1254 similem
1711 1213 1756 1255 in

319 1270 658 1324 magistratibus,
673 1281 829 1326 praeter
853 1271 1039 1323 Fufium,
1058 1272 1288 1313 neminem.
1333 1272 1465 1312 Bonis
1491 1272 1654 1312 utimur
1675 1271 1756 1311 tri-

206 1344 238 1375 p.
261 1337 308 1364 10.
322 1327 447 1367 bunis
480 1327 630 1383 plebis,
664 1328 860 1369 Cornuto
891 1342 991 1370 vero
1024 1330 1357 1385 pseudocatone.
1420 1328 1537 1375 Quid
1569 1328 1756 1383 quaeriS?

300 1399 435 1426 ·nunc
456 1385 508 1425 ad
533 1385 699 1440 privata
729 1385 915 1436 redeam,
938 1393 1072 1441 Tsvneag
1099 1387 1306 1442 promissa
1333 1386 1534 1443 patravit.
1567 1395 1612 1426 tu
1635 1400 1756 1426 man·

318 1441 419 1482 data
441 1441 579 1493 effice,
601 1457 699 1497 quae
731 1442 946 1498 recepisti.
1008 1443 1199 1489 Quintus
1230 1443 1374 1494 frater,
1406 1443 1479 1498 qui
1511 1442 1754 1499 Argiletani

318 1497 492 1539 aedificii
539 1498 749 1554 reliquum
796 1499 1050 1541 dodrantem
1098 1501 1203 1542 emit
1247 1500 1345 1542 H-S
1392 1514 1609 1551 DcchV‚
1646 1499 1756 1541 Tus·

268 1608 270 1610 ·
317 1554 518 1596 culanum
552 1557 759 1608 venditat,
788 1566 849 1607 ut,
874 1557 908 1597 si
945 1558 1094 1612 possit,
1124 1569 1239 1599 emat
1266 1558 1528 1599 Pacilianam
1563 1557 1755 1598 domum.

319 1612 432 1653 Cum
466 1612 653 1655 Lucceio
685 1614 728 1654 in
758 1614 942 1669 gratiam
975 1614 1078 1656 redi.
1102 1615 1227 1656 video
1260 1615 1478 1656 hominem
1504 1614 1623 1655 valde
1647 1615 1757 1670 peti-

318 1669 464 1710 turire.
497 1672 665 1712 navabo
696 1686 886 1727 operam.
945 1670 1027 1722 Tu,
1049 1672 1152 1727 quid
1181 1687 1297 1727 agas,
1320 1673 1394 1713 ubi
1417 1673 1488 1723 sis,
1510 1672 1755 1727 cujusmodi

318 1727 414 1824 ifitae
437 1741 501 1768 res
520 1729 622 1780 sint,
640 1728 709 1770 fac
733 1742 800 1769 me
822 1742 950 1784 quam
973 1728 1304 1785 diligentissime
1325 1730 1567 1771 certiorem.
1606 1728 1756 1771 Idibus

360 1784 451 1824 ebr.

261 1851 308 1887 lo
759 1859 994 1902 CICERO
1025 1859 1254 1903 ATTICO
1287 1861 1330 1902 S.

319 1925 531 1978 ASIAM
558 1938 741 1990 Quinto,
764 1939 1017 1980 suavissimo
1042 1938 1179 1990 fratri,
1209 1940 1419 1995 obtigisse
1449 1938 1637 1981 audisti:
1668 1953 1755 1982 non

320 1993 434 2035 enim
459 1994 629 2047 dubito,
652 1996 758 2051 quin
789 1996 967 2037 celerius
994 1996 1073 2037 tibi
1098 1997 1180 2038 hoc
1198 2012 1358 2048 rumor,
1381 2011 1511 2052 quam
1534 1995 1659 2038 ullius
1681 2012 1759 2039 no-

320 2051 455 2092 stram
476 2051 631 2094 litterae
653 2053 908 2095 nuntiarint.
931 2068 1046 2095 nunc
1068 2054 1273 2109 quoniam
1296 2063 1339 2095 et
1360 2054 1496 2095 laudis
1517 2053 1756 2096 avidissimi

320 2122 488 2165 semper
509 2109 686 2160 fuimus,
705 2119 750 2151 ct
779 2120 936 2167 praeter
965 2121 1131 2152 ceteros
1152 2115 1339 2161 φιλέλληνες
1358 2120 1401 2152 et
1433 2125 1593 2163 summ,
1615 2120 1659 2152 et
1679 2111 1758 2153 ha-

320 2166 485 2217 bemur,
503 2175 546 2207 et
562 2166 795 2209 multorum
811 2168 912 2209 odia
929 2177 1058 2224 atque
1080 2168 1343 2219 inimicitias,
1361 2167 1610 2224 reipublieae
1629 2183 1758 2211 causa

320 2224 614 2279 suscepimus;
656 2227 807 2270 παντοίης
842 2230 953 2279 otgeri}
981 2228 1168 2277 μιμνήσκεο,
1206 2240 1407 2280 curaque,
1443 2225 1581 2275 effice,
1621 2236 1668 2266 ut
1700 2227 1755 2268 ab

319 2281 521 2322 omnibus
541 2291 583 2322 et
605 2280 826 2322 laudemur
847 2291 891 2322 et
912 2295 1118 2322 amemur.
1170 2280 1253 2322 His
1272 2283 1325 2322 de
1348 2283 1471 2324 rebus
1495 2281 1617 2338 plura
1638 2283 1690 2324 ad
1715 2293 1757 2325 te

319 2337 364 2378 in
399 2352 449 2379 ea
481 2338 665 2395 epistola
686 2338 887 2390 scribam,
911 2353 1041 2394 quam
1068 2338 1151 2394 ipsi
1188 2339 1356 2385 Quinto
1389 2339 1518 2380 dabo.
1576 2338 1644 2382 Tu
1673 2355 1757 2394 me,

319 2394 464 2446 velim,
495 2396 722 2437 certiorem
755 2394 903 2447 facias,
925 2395 1028 2450 quid
1061 2395 1114 2436 de
1142 2397 1246 2437 meis
1280 2397 1494 2437 mandatis
1517 2398 1671 2453 egeris,
1692 2408 1757 2439 at-

319 2466 404 2509 que
423 2453 569 2505 etiam,
591 2452 694 2509 quid
720 2461 762 2495 te
783 2462 858 2494 tuo
879 2452 1072 2509 negotio.
1097 2468 1196 2494 nam
1219 2464 1265 2494 ut
1288 2453 1520 2495 Brundisio
1540 2454 1760 2510 profectus

361 2593 402 2623 65
424 2594 588 2624 conc-iones
604 2604 647 2624 m.
664 2593 815 2634 habebat]
833 2593 1017 2625 Productus
1060 2594 1116 2624 nia
1130 2594 1338 2634 comperisse,
1352 2594 1440 2634 quod
1458 2594 1493 2624 in
1508 2594 1684 2625 consulatu
1698 2595 1760 2626 ali·

318 2634 389 2666 scil.
406 2645 425 2665 a
449 2635 541 2666 Fufio
564 2636 641 2666 trib.
665 2635 709 2676 pl.
730 2637 876 2673 miseras,
895 2637 929 2667 in
945 2637 1016 2676 qui·
1059 2638 1185 2675 quoties
1201 2636 1240 2666 de
1263 2637 1357 2667 rebus
1380 2636 1535 2668 Catilinae
1558 2638 1591 2667 id
1613 2637 1754 2669 dixerat.

320 2677 379 2707 bus
396 2687 463 2708 non
480 2677 622 2715 dicebat,
637 2678 726 2717 quod
739 2688 845 2709 causae
859 2688 927 2710 suae
942 2689 1017 2719 pro·
1059 2678 1123 2709 vid.
1141 2678 1181 2708 ad
1195 2679 1270 2709 Div.
1284 2679 1326 2715 V,
1344 2681 1373 2709 5.

319 2718 437 2756 desset,
450 2725 585 2751 tantum
607 2720 837 2759 maledicebat,
860 2722 1017 2753 crimina·
1101 2721 1141 2754 67
1155 2722 1211 2751 ille
1224 2722 1310 2751 alter
1325 2731 1389 2750 uno
1400 2721 1477 2751 vicio
1489 2721 1597 2751 minus
1608 2721 1755 2762 vitiosus]

319 2760 427 2793 batur.
1057 2761 1190 2802 Lepide.
1235 2762 1349 2794 Unum
1377 2763 1494 2793 vitium
1519 2763 1604 2794 inest
1628 2763 1753 2802 Pisoni,

360 2803 401 2833 66
415 2816 466 2835 me
480 2809 613 2836 tantum
626 2806 813 2845 comperisse
827 2806 938 2836 omnia
951 2807 1015 2836 cri-
1056 2810 1191 2845 propter
1205 2805 1291 2844 quod
1305 2805 1431 2844 reliqua
1446 2805 1526 2835 vitia
1541 2805 1682 2843 minora,
1696 2811 1755 2837 aut

317 2844 523 2887 minabatur]
543 2847 670 2887 Nempe
684 2847 746 2878 hoc
759 2847 799 2878 ad
811 2847 1014 2879 irridendum
1057 2848 1152 2878 irrita
1166 2852 1257 2883 sunt,
1276 2847 1352 2886 quia
1369 2847 1477 2877 minus
1500 2847 1601 2878 noxia
1614 2847 1703 2880 fiunt
1716 2858 1755 2880 eo

317 2886 511 2920 Ciceronem
534 2890 686 2922 solebant
707 2890 826 2929 dicere,
850 2898 925 2922 eum
941 2900 1014 2922 om·
1057 2889 1150 2928 vitio,
1164 2889 1185 2919 i.
1198 2900 1227 2920 e.
1243 2890 1362 2921 inertia
1378 2894 1413 2920 et
1427 2890 1569 2930 ignavia.
