1940 3231
349 164 428 203 772
771 160 952 198 EPIST.
981 162 1058 199 AD
1085 162 1371 206 ATTICUM,

349 280 418 305 me
451 279 536 306 non
568 265 748 316 misisse,
772 266 907 308 multo
939 265 1122 308 facilius.
1155 276 1199 307 tu
1233 266 1347 308 euim
1379 267 1508 308 etiarn
1541 267 1783 311 humanius,

349 321 472 363 Illius
495 322 666 373 librum,
688 337 816 378 quein
839 324 890 365 ad
917 338 984 364 me
1007 325 1125 365 misit
1155 325 1206 365 dc
1231 324 1413 375 Catone,
1439 334 1664 380 propterea
1687 327 1784 367 volo

348 380 563 436 divulgari
587 396 611 421 a
634 381 732 430 tuis,
752 391 799 420 ut
821 395 874 421 ex
899 381 1076 421 istorum
1103 382 1417 437 vituperatione
1441 382 1496 422 sit
1517 383 1628 422 illius
1651 382 1788 437 major

348 436 553 478 laudatio.
615 437 744 483 Quod
780 451 852 492 per
876 437 1110 478 Mustelam
1135 440 1241 494 agis,
1266 439 1396 479 habes
1420 439 1638 480 hominem
1664 440 1788 480 valde

349 494 567 544 idoneum,
601 494 770 549 meique
801 508 900 534 sane
933 495 1172 535 studiosum
1198 497 1292 551 jam
1323 497 1472 537 5‘linde
1501 512 1524 537 a
1558 496 1789 538 Pontiano.

352 551 509 607 perfice
541 551 675 607 igitur
706 550 881 605 aliquid.
905 552 1006 606 quid
1041 562 1183 592 autem
1216 553 1345 603 aliud,
1370 554 1449 594 uisi
1483 565 1528 594 ut
1561 554 1702 594 aditus
1734 553 1790 594 sit

351 609 534 650 emtori?
565 608 681 662 quod
705 622 780 663 per
801 609 997 662 quemvis
1021 608 1220 650 heredem
1246 621 1389 666 potest
1420 612 1548 652 effici.
1582 611 1654 652 sed
1689 610 1794 652 Mu-

351 665 500 705 stelam
534 665 574 705 id
610 664 916 720 perfecturum,
941 666 973 706 si
1008 666 1185 722 rogariS,
1210 677 1330 722 puto,
1393 667 1508 708 Mihi
1537 683 1633 709 vero
1655 678 1699 710 et
1729 667 1794 709 lo-

352 738 464 772 cum,
495 736 623 777 quem
661 731 781 778 opto,
812 723 864 763 ad
904 722 960 773 id,
992 723 1108 777 quod
1146 725 1356 775 volumus,
1388 725 1568 776 dederis,
1599 735 1642 766 et
1682 740 1794 782 prae-

352 791 468 820 terea
490 781 680 833 ὲγγῆςοιμω.
741 779 855 822 Nam
880 779 949 820 illa
973 780 1066 820 Silii
1089 790 1132 821 et
1156 780 1286 821 Drusi
1312 796 1395 821 non
1421 783 1522 822 satis
1544 785 1792 824 οἰκοδεσποτιιοὶ

355 836 463 877 mihi
488 836 702 877 videntur.
726 837 829 891 quid
857 837 971 878 enim
996 840 1034 868 53
1047 838 1192 879 sedere
1224 848 1337 878 totos
1369 838 1458 879 dies
1490 840 1531 880 in
1556 839 1655 880 villa
1686 839 1796 881 ista?

355 894 491 950 igitur
512 893 656 934 malim
681 894 867 950 primum
893 895 1096 946 Othonis,
1119 895 1273 936 deinde
1298 895 1478 936 Clodiae.
1503 896 1536 936 si
1565 896 1671 937 nihil
1703 896 1793 948 fiet,

355 962 429 993 aut
460 955 499 983 54
514 950 657 992 Druso
695 951 816 992 ludus
848 962 912 993 est
944 954 1252 1008 suggei·encluS‚
1285 964 1359 993 aut
1390 953 1597 994 utendum
1627 951 1793 995 Tuscu-

353 1008 466 1050 lano.
529 1008 658 1054 Quod
692 1009 808 1049 (lomi
843 1018 883 1049 te
916 1009 1141 1060 inclusisti,
1165 1011 1330 1051 ratione
1360 1009 1516 1051 fecisti.
1549 1011 1621 1051 sed
1643 1025 1790 1066 quaeso

355 1066 536 1114 confice,
559 1075 601 1106 et
625 1075 665 1106 te
689 1081 869 1107 vacuum
894 1067 1022 1107 redde
1045 1067 1183 1108 nobis.
1219 1067 1312 1123 Ego
1337 1067 1452 1118 hinc,
1476 1077 1522 1108 ut
1545 1067 1694 1122 scripsi
1717 1083 1792 1109 an-

357 1134 439 1174 tea,
465 1123 670 1180 postridie
702 1123 765 1164 Id.
792 1124 1047 1174 Lanuvium,
1069 1125 1223 1166 deinde
1243 1125 1449 1181 postridie
1473 1126 1513 1165 in
1536 1123 1796 1166 Tusculano.

356 1181 533 1223 contudi
558 1181 672 1221 enim
695 1181 901 1231 animum,
921 1191 963 1222 et
984 1182 1163 1223 fortasse
1185 1183 1281 1233 vici,
1302 1183 1335 1223 si
1360 1182 1487 1223 modo
1509 1196 1794 1237 permansero.

357 1240 463 1280 scies
488 1238 621 1293 igitur
644 1238 824 1279 fortasse
847 1254 954 1290 cras,
978 1254 1192 1280 summum
1222 1240 1437 1295 perendie.
1500 1240 1583 1281 Sed
1606 1239 1707 1294 quid
1731 1248 1796 1279 est

357 1300 533 1351 quaeso?
568 1295 828 1336 Philotimus
850 1300 889 1327 55
903 1311 981 1337 nec
1011 1296 1197 1338 Carteiae
1230 1298 1487 1353 Pompeium
1522 1297 1669 1347 teneri,
1691 1301 1796 1351 (qua

225 1355 410 1402 p.202.de
437 1369 479 1395 re
511 1353 748 1393 litterarum
781 1354 833 1394 ad
867 1353 1070 1395 Clodium
1104 1355 1362 1395 Panis-inum
1394 1355 1616 1395 missarum
1649 1368 1798 1395 exem-

312 1412 477 1468 ¹²·plum
501 1410 606 1451 mihi
631 1410 801 1466 Oppius
833 1421 875 1451 et
909 1411 1072 1453 Balbus
1105 1412 1322 1463 miserant,
1347 1426 1389 1452 se
1421 1412 1463 1453 id
1496 1412 1656 1453 factum
1683 1412 1796 1452 arbi·

359 1470 498 1520 trari,)
526 1467 768 1523 bellumque
792 1480 934 1509 narrat
965 1469 1174 1524 reliquum
1205 1470 1306 1510 satis
1328 1484 1550 1525 magnum.
1574 1469 1682 1510 solet
1703 1483 1797 1509 om-

356 1526 459 1567 nino
491 1540 582 1566 esse
614 1525 915 1567 Fulviniaster.
949 1527 1019 1567 sed
1054 1536 1211 1577 tamen,
1234 1527 1266 1567 si
1299 1527 1401 1582 quid
1434 1527 1582 1568 habes.
1605 1526 1703 1567 volo
1733 1534 1798 1567 et·

356 1584 441 1625 iam
464 1583 516 1625 de
539 1582 766 1638 naufragio
792 1583 1035 1624 Caniniano
1059 1585 1181 1634 scire,
1204 1584 1307 1639 quid
1331 1584 1400 1625 sit.

797 1672 1032 1715 CICERO
1062 1672 1290 1714 ATTICO
1324 1673 1368 1713 S.

363 1729 506 1781 EGO
537 1740 608 1781 hic
639 1740 775 1781 56du0
807 1755 964 1796 magna
985 1743 1213 1793 συντάγματα
1236 1741 1415 1782 absolvi.
1439 1740 1554 1782 nullo
1576 1740 1691 1782 enim
1714 1739 1799 1781 aiio

359 1797 490 1838 modo
523 1813 548 1838 a
579 1797 751 1838 miseria
782 1799 903 1853 quasi
941 1799 1136 1839 aberrare
1171 1813 1361 1853 possum.
1396 1807 1441 1839 tu
1476 1798 1597 1849 mihi,
1629 1796 1799 1839 etiamsi

360 1854 467 1895 nihil
503 1854 597 1905 erit,
627 1855 742 1909 quod
781 1855 956 1906 scribas,
992 1855 1106 1910 quod
1145 1854 1237 1896 fore
1276 1856 1336 1897 ita
1370 1856 1524 1907 video;
1556 1865 1699 1897 tamen
1737 1854 1800 1896 id-

361 1912 505 1967 ipsum
548 1913 708 1953 scribas
752 1913 895 1964 velim,
939 1924 979 1954 te
1024 1912 1128 1953 nihil
1170 1913 1385 1963 habuisse,
1419 1914 1533 1969 quod
1579 1913 1800 1963 scriberes,

362 1970 462 2010 dum
497 1969 626 2010 modo
656 1983 710 2010 ne
741 1969 807 2011 his
831 1970 987 2011 verbis.
1049 1969 1116 2010 De
1139 1968 1302 2022 Attica,
1325 1971 1504 2026 optime.
1564 1972 1704 2015 Ἀκηὸίω
1727 1979 1802 2010 tua

361 2041 431 2068 me
463 2035 633 2068 movet:
665 2027 744 2068 etsi
778 2028 929 2069 scribis
962 2027 1070 2068 nihil
1100 2041 1205 2069 esse.
1269 2027 1319 2069 In
1342 2027 1586 2069 Tusculano
1609 2042 1660 2068 eo
1681 2041 1802 2068 com-

363 2083 533 2125 modius
565 2099 652 2135 ero,
675 2085 790 2139 quod
821 2094 865 2125 et
895 2084 1084 2126 crebrius
1116 2094 1210 2126 tuas
1242 2085 1404 2127 litteras
1436 2085 1663 2142 accipiam,
1685 2094 1729 2126 et
1759 2092 1802 2125 te

365 2141 505 2197 ipsum
538 2156 863 2197 nonnumquam
888 2143 1058 2183 videbo.
1091 2156 1190 2182 nam
1222 2143 1441 2198 ceteroqui
1471 2146 1662 2198 ἁνεκτόπςοι
1681 2149 1804 2183 erant

364 2199 564 2240 Asturae:
596 2213 674 2240 nec
707 2199 817 2250 haec,
851 2214 948 2255 quae
983 2199 1201 2251 refricant,
1235 2200 1306 2241 hic
1345 2215 1412 2241 me
1450 2200 1588 2256 magis
1621 2207 1802 2255 angunt.

366 2256 446 2297 etsi
470 2265 630 2308 tamen,
651 2256 913 2313 ubicumque
944 2272 1053 2307 sum,
1077 2256 1147 2297 illa
1178 2268 1277 2298 sunt
1308 2271 1492 2300 mecum.
1552 2259 1591 2291 57
1605 2255 1674 2298 De
1705 2255 1805 2298 Coe·

293 1671 348 1709 45

409 2372 449 2401 52
470 2369 545 2400 inde
567 2380 588 2399 α
613 2369 792 2410 Pontiano]
823 2370 908 2401 Cum
931 2371 1065 2401 Pontia-

1108 2374 1157 2401 est
1181 2381 1239 2411 pro
1259 2371 1322 2402 hac
1343 2372 1496 2402 lectione.
1513 2371 1584 2402 edd.
1602 2368 1650 2412 pr.
1670 2369 1808 2402 Careivi.

368 2412 616 2450 numsdefendi,
646 2415 714 2454 ejus
742 2415 885 2444 amicum
914 2413 963 2444 vel
993 2413 1063 2444 affi-

1109 2423 1268 2454 nee—que
1289 2416 1389 2445 etiarn
1413 2414 1489 2445 alibi
1517 2420 1578 2445 est.
1601 2425 1632 2445 v,
1657 2412 1748 2444 Clav.
1771 2413 1807 2443 in

369 2464 455 2527 migg-
472 2497 660 2527 sedere—in
673 2498 753 2527 villa
768 2499 831 2528 ista.
843 2498 873 2537 .7]
901 2498 965 2528 Ubi
982 2497 1064 2528 nihil

368 2538 513 2575 habebis,
537 2540 623 2577 quod
649 2549 724 2579 agas
750 2548 788 2571 ut
811 2541 914 2570 bonus
935 2550 1066 2570 oecono-

371 2590 456 2611 mus,

413 2626 452 2654 54
476 2622 589 2652 Druso
608 2624 704 2653 Indus
717 2624 832 2662 sugg]
859 2624 1003 2654 Obscure
1019 2624 1067 2654 di-

370 2668 482 2696 ctum:
507 2674 549 2695 an
572 2664 681 2703 aliqua
703 2671 773 2694 arte
800 2666 1008 2705 decipiendus
1033 2670 1067 2697 et

372 2707 574 2737 inducendus
589 2712 650 2744 est,
670 2712 705 2737 ut
723 2707 843 2737 salubri
868 2710 974 2748 pretio
991 2719 1067 2739 ven-

372 2749 428 2780 dat
441 2751 452 2780 ?

416 2795 456 2823 55
478 2801 536 2822 nec
561 2790 710 2829 Carteioe]
736 2790 856 2830 Recepi
879 2801 954 2821 eum
977 2792 1068 2822 Grae-

373 2835 425 2863 vio
449 2833 534 2864 hanc
556 2833 731 2863 lectionem
755 2843 774 2863 a
797 2833 950 2863 Manutio
976 2844 1070 2864 exco-

374 2877 526 2912 gitatam,
543 2886 602 2916 pro
617 2885 674 2905 nec
697 2876 829 2911 arctim,
846 2875 932 2914 quod
953 2877 1070 2908 Bosius

374 2917 489 2956 edidit,
505 2923 539 2949 et
561 2924 636 2959 post
649 2927 725 2948 eum
745 2918 917 2949 Gruterus.
935 2918 1072 2950 historia

1106 2466 1220 2495 neque.
1266 2456 1462 2488 Philotimus
1487 2455 1693 2497 Pompeianis
1720 2455 1809 2486 save-

1108 2499 1175 2528 bat.

1153 2541 1192 2571 56
1215 2541 1278 2571 dno
1293 2551 1418 2579 magna
1434 2541 1479 2581 on]
1505 2540 1620 2571 Libros
1635 2539 1808 2571 Academi-

1109 2593 1163 2613 cos
1185 2587 1220 2614 et
1243 2583 1281 2613 de
1304 2583 1451 2620 Finibus,
1471 2592 1565 2622 quos,
1588 2583 1717 2614 Caesare
1739 2582 1810 2612 bel-

1109 2625 1179 2655 lum
1208 2626 1242 2655 in
1273 2626 1435 2666 Hispania
1463 2630 1610 2665 gerente,
1642 2625 1807 2666 scripsisse

1109 2672 1251 2698 constat.

1151 2713 1190 2743 57
1207 2710 1261 2740 De
1279 2710 1403 2740 Caesare
1416 2709 1534 2749 vicino]
1551 2709 1614 2741 int.
1625 2714 1697 2740 tuo.
1713 2717 1806 2740 nem-

1109 2761 1147 2791 pe
1161 2753 1189 2782 εἰ
1204 2756 1315 2782 statua
1329 2753 1362 2782 in
1379 2751 1446 2782 aede
1460 2752 1590 2792 Quirini
1604 2753 1710 2792 posita
1721 2755 1805 2787 erat.

1111 2793 1163 2823 cui
1177 2794 1283 2823 vicina
1296 2793 1411 2825 domus
1425 2794 1539 2824 Attici.
1583 2794 1690 2825 Lusus
1703 2795 1738 2825 in
1754 2803 1806 2831 eo,

1111 2835 1198 2874 quod
1229 2836 1391 2867 Caesarem
1423 2836 1562 2877 Quirino
1585 2837 1712 2867 mavult
1744 2834 1807 2867 οὖν-

1115 2890 1176 2950 ναξίν
1197 2887 1279 2916 esse,
1301 2887 1399 2918 quam
1422 2878 1543 2917 Saluti,
1566 2879 1662 2910 faune
1684 2878 1808 2911 inteni-

1113 2930 1144 2960 gi
1165 2930 1213 2951 ur.
