1940 3231
760 101 966 140 LIBER
1008 103 1038 140 Ι.
1548 107 1624 140 455

177 224 312 252 unum
333 223 517 260 servum,
532 216 576 249 et
597 221 692 248 eum
716 220 770 247 ex
795 206 1052 262 gladiatorio
1075 205 1192 256 ludo,
1212 208 1250 240 79
1271 207 1458 251 confecit
1482 222 1622 254 totum

173 269 425 324 negotium:
451 265 671 307 arcessivit
693 264 745 304 ad
771 278 829 314 se,
853 264 1066 319 promisit,
1088 264 1345 315 intercessit,
1367 265 1499 309 dedit.
1527 270 1622 324 jam

178 340 279 366 vero
309 331 354 378 (0
390 324 448 366 dii
480 323 608 364 boui!
643 336 730 362 rem
766 321 977 377 perditam
998 321 1027 371 ἱ)
1060 321 1190 362 etiam
1227 331 1375 362 noctes
1408 336 1620 368 certarum

177 383 420 433 mulierum,
443 391 572 435 atque
602 378 1018 420 adolescentulorum
1042 377 1252 419 nobilium
1279 379 1621 424 introductiones

177 438 635 494 nonnullisjudicibus
661 451 736 492 pro
767 437 976 478 mercedis
999 436 1173 477 cumulo
1195 435 1384 478 fuerunt.
1410 439 1483 488 ita,
1508 455 1622 480 sum-

174 511 248 538 mo
269 497 456 538 discessu
480 496 708 545 bonorum,
728 493 854 549 pleno
875 493 969 535 foro
992 507 1227 545 servorum,
1249 507 1350 534 xxv
1366 495 1540 549 judices
1564 498 1624 539 ita

175 553 307 594 sortes
328 564 469 595 tamen
493 552 680 602 fuerunt,
705 562 765 601 ut,
789 566 957 592 summo
984 551 1205 606 proposito
1229 552 1434 607 periculo,
1460 555 1522 594 vei
1549 570 1621 610 pe-

174 612 258 652 rire
281 611 522 661 maluerint,
546 625 673 665 quam
701 610 876 666 perdere
897 609 1058 649 onmia.
1084 623 1211 649 xxxl
1237 612 1277 639 80
1298 609 1487 661 fuerunt,
1511 627 1620 667 quos

171 667 307 709 fames
329 668 482 724 magis,
499 682 625 723 quam
649 667 763 707 fama
785 666 1083 708 commoverit.
1108 681 1291 721 quorum
1317 667 1497 709 Catulus
1519 685 1618 711 cum

175 725 350 767 vidisset
364 726 594 781 quendam,
609 724 727 771 Quid
749 739 837 775 vos,
855 723 1010 779 inquit,
1027 724 1272 779 praesidium
1290 739 1313 764 a
1332 726 1454 767 nobis
1470 737 1620 782 postu-

172 781 355 825 labatis?
387 798 455 833 an,
479 797 532 824 ne
565 784 683 823 numi
709 783 830 823 vobis
853 782 1132 837 eriperentur,
1157 782 1407 827 timebatis?
1453 783 1618 836 Habes,

173 849 223 880 ut
248 841 495 881 brevissime
519 841 657 897 potui,
680 854 815 896 genus
841 839 1016 895 judieii,
1047 848 1090 879 et
1121 854 1292 880 causam
1316 840 1619 884 absolutionis.

175 897 348 944 Quaeris
367 899 592 954 deinceps,
619 899 692 954 qui
732 912 844 938 nunc
877 897 931 937 sit
963 906 1098 937 status
1131 911 1288 947 rerum,
1311 906 1353 938 et
1384 899 1457 954 qui
1482 914 1618 940 meus.

174 954 449 1012 Reipublicae
483 966 642 996 statum
678 955 811 1006 illum,
837 968 963 1010 quem
1007 964 1049 994 tu
1089 969 1185 994 meo
1218 955 1416 1007 consilio,
1439 971 1521 1012 ego
1553 957 1619 998 di-

172 1012 272 1054 vino
298 1014 602 1055 confirmatum
635 1014 858 1070 putabam,
880 1012 952 1066 qui
978 1012 1190 1052 bonorum
1215 1013 1407 1054 omnium
1434 1015 1619 1070 conjun-

170 1070 330 1122 ctione,
353 1083 396 1112 et
418 1071 677 1112 auctoritate
707 1069 955 1111 consulatus
986 1068 1086 1119 mei,
1111 1069 1226 1110 fixus
1256 1081 1297 1110 et
1327 1070 1531 1112 fundatus
1558 1073 1620 1113 vi-

170 1127 367 1179 debatur,
391 1130 471 1170 nisi
516 1129 612 1183 quis
643 1143 719 1168 nos
753 1128 857 1167 (leus
885 1126 1138 1182 respexerit,
1161 1126 1352 1182 elapsum
1386 1129 1495 1169 scito
1527 1145 1619 1170 esse

169 1185 224 1226 de
255 1187 454 1227 manibus
493 1201 577 1226 uuo
617 1185 700 1226 hoc
723 1184 924 1240 judicio:
958 1184 991 1224 si
1016 1184 1235 1239 judicium
1269 1195 1349 1236 est,
1383 1187 1619 1242 ssltrigiuta

168 1241 366 1285 homines
391 1243 538 1299 populi
566 1243 752 1284 Romani
778 1242 1017 1283 levissimos
1040 1257 1089 1282 ac
1110 1242 1411 1297 nequissimOS,
1431 1245 1618 1287 numulis

170 1303 375 1357 acceptis,
392 1302 466 1356 jus
490 1316 540 1341 ac
571 1300 633 1341 fas
657 1315 784 1341 omne
806 1299 960 1350 delere,
983 1310 1042 1351 et,
1064 1300 1180 1355 quod
1201 1315 1353 1343 omnes
1377 1316 1462 1343 non
1487 1303 1616 1344 modo

168 1357 379 1408 homines,
401 1373 547 1399 verum
582 1359 712 1399 etiam
744 1357 929 1414 pecudes
953 1357 1117 1398 factum
1153 1372 1244 1398 esse
1280 1359 1432 1410 sciant,
1453 1360 1494 1401 id
1518 1360 1616 1402 ΤΗΙ·
1629 1374 1659 1403 Ρ·
1684 1365 1732 1394 12-

167 1429 282 1466 nam,
304 1426 347 1457 et
372 1415 590 1467 Plautum,
614 1425 656 1457 et
688 1415 944 1471 Spongiam,
966 1426 1009 1456 et
1038 1425 1201 1458 ceteras
1225 1416 1474 1471 hujusmodi
1500 1418 1596 1473 quis
1628 1417 1658 1438 ²·

167 1473 320 1527 quilias
350 1482 552 1525 statuere,
585 1489 820 1529 numquam
852 1487 943 1513 esse
976 1473 1153 1515 factum.
1217 1474 1298 1514 Sed
1325 1483 1483 1527 tamen,
1509 1486 1555 1517 ut
1578 1486 1620 1517 te

167 1530 220 1572 de
243 1531 463 1586 republica
486 1532 696 1582 consoler,
722 1546 807 1572 non
839 1531 914 1581 ita,
939 1541 985 1571 ut
1005 1541 1233 1587 sperarunt
1255 1532 1371 1584 mali,
1393 1543 1513 1574 tanto
1538 1534 1616 1574 im-

167 1589 312 1644 posito
345 1589 594 1646 reipublicae
619 1589 807 1639 vulnere,
826 1588 976 1629 alacris
1009 1588 1177 1630 exultat
1200 1590 1456 1646 improbitas
1481 1591 1522 1631 in
1554 1592 1618 1632 vi-

166 1647 318 1688 ctoria.
341 1662 440 1688 nam
465 1647 591 1704 plane
617 1648 677 1688 ita
711 1655 986 1703 putaverunt,
1006 1661 1105 1687 cuin
1136 1647 1303 1704 religio,
1325 1663 1424 1689 cuin
1447 1649 1615 1705 pudici-

165 1704 241 1755 tia,
262 1719 362 1746 cum
377 1705 648 1761 judiciorum
668 1705 787 1756 fides,
817 1719 914 1745 cuin
949 1714 1120 1749 senatus
1143 1705 1378 1747 auctoritas
1399 1707 1615 1747 concidis-

167 1771 245 1812 set,
268 1762 374 1814 fore,
395 1773 441 1804 ut
463 1773 610 1820 aperte
630 1763 787 1805 victrix
812 1762 1006 1818 nequitia
1028 1778 1078 1805 ac
1096 1763 1230 1805 libido
1251 1778 1406 1819 poenas
1426 1765 1480 1804 ab
1500 1765 1616 1820 opti-

166 1833 239 1860 mo
261 1835 434 1876 quoque
466 1831 630 1878 peteret
654 1821 716 1861 sui
750 1820 925 1871 doloris,
947 1834 1074 1877 quem
1108 1819 1431 1878 improbissimo
1458 1822 1616 1877 cuique

166 1876 378 1919 inusserat
411 1879 614 1920 severitas
652 1878 900 1920 consulatus
938 1878 1039 1919 mei.
1101 1878 1223 1920 Idem
1266 1894 1348 1935 ego
1382 1879 1467 1930 ille,
1507 1884 1615 1932 (non

165 1936 281 1976 enim
313 1936 419 1977 mihi
451 1937 600 1978 videor
635 1936 865 1978 insolenter
889 1936 1078 1991 gloriari,
1102 1951 1202 1978 cum
1238 1936 1291 1977 de
1326 1951 1393 1977 me
1422 1938 1536 1992 apud
1572 1948 1614 1979 te

164 1991 332 2048 loquor,
369 1995 413 2035 in
451 2010 502 2036 ea
542 1994 778 2050 praesertim
823 1993 1021 2049 epistola,
1054 2010 1183 2049 quam
1222 1994 1323 2035 nolo
1362 1993 1456 2035 aliis
1492 1994 1614 2051 legi,)

163 2050 293 2101 idem,
312 2051 503 2107 inquam,
517 2067 599 2108 ego
618 2052 806 2094 recreavi
825 2052 1008 2093 afflictos
1029 2053 1195 2093 animos
1212 2053 1443 2103 bonorum,
1458 2067 1614 2093 unum-

160 2122 378 2164 quemque
409 2110 685 2160 confirmans,
717 2111 929 2152 excitans.
960 2109 1223 2151 insectandis
1258 2124 1357 2151 vero
1384 2111 1614 2166 exagitan-

159 2166 313 2221 disque
343 2168 549 2208 numariis
583 2167 824 2223 judicibuS,
865 2181 1039 2209 omnem
1081 2168 1283 2209 omnibus
1324 2168 1528 2209 studiosis
1562 2184 1613 2210 ac

159 2221 405 2265 fautoribus
437 2224 549 2266 illius
584 2225 778 2267 victoriae
808 2229 987 2282 ποιρῤηο-ιόιν
1015 2225 1183 2281 eripui:
1219 2225 1423 2266 Pisonem
1455 2241 1613 2267 consu-

156 2279 240 2322 lem
264 2281 380 2323 nulla
401 2283 444 2323 in
475 2297 520 2324 re
543 2284 779 2324 consistere
814 2298 1004 2338 unquam
1027 2299 1120 2324 sum
1146 2298 1319 2339 passus:
1352 2283 1611 2338 desponsam

159 2337 327 2380 homini
343 2339 438 2396 jam
459 2340 626 2396 Syriam
651 2341 792 2383 ademi
813 2357 821 2382 :
855 2351 1051 2382 senatum
1074 2341 1126 2382 ad
1152 2341 1375 2397 pristinam
1401 2356 1519 2382 suam
1546 2356 1611 2382 se·-

160 2397 387 2438 veritatem
411 2399 626 2450 revocavi,
642 2410 773 2455 atque
793 2399 1008 2455 abjectam
1033 2398 1249 2440 excitavi:
1273 2397 1474 2439 Clodium
1498 2413 1609 2455 prac-

159 2464 324 2496 sentem
347 2454 457 2512 fregi
485 2456 528 2497 in
561 2467 726 2509 senatu,
746 2471 845 2498 cum
877 2457 1073 2499 oratione
1104 2466 1327 2512 perpetua,
1360 2455 1611 2511 plenissima

158 2512 402 2568 gravitatis,
438 2524 530 2556 tum
568 2515 848 2558 altercatione
876 2514 1107 2571 ejusmodi,
1137 2529 1192 2556 ex
1222 2528 1308 2570 qua
1337 2512 1439 2555 licet
1469 2529 1608 2570 pauca

197 2657 239 2689 79
261 2655 398 2696 cotffecit
412 2661 515 2688 totum
531 2657 714 2698 negotium]
727 2668 770 2690 sc.
786 2668 857 2689 cor·
900 2662 951 2688 est
968 2657 1230 2688 conformatum.

159 2699 418 2738 rumpendorum
426 2699 592 2739 judicum.
943 2704 981 2732 81
1018 2701 1162 2739 triginta
1186 2701 1329 2731 hanzines
1345 2699 1459 2740 populi
1486 2697 1601 2737 Rom]

200 2739 411 2780 ensuerunt,
425 2743 768 2783 quos—commoverit]
786 2745 855 2774 Ser.
900 2742 995 2773 Dixit
1024 2744 1169 2782 triginta
1207 2743 1349 2773 rotunde
1386 2751 1446 2781 pro
1476 2741 1602 2770 XXXI.

155 2788 377 2821 commoveret,
392 2786 459 2815 sive
477 2796 516 2815 ex
532 2785 584 2817 ed.
601 2786 699 2817 Rom.
716 2796 855 2817 commo·
900 2785 962 2815 Sed
983 2787 1097 2829 populi
1127 2785 1273 2817 Romani
1301 2784 1381 2816 mihi
1411 2788 1603 2824 suspectum

156 2828 263 2860 verat,
288 2826 350 2856 etsi
375 2831 453 2858 ante
479 2832 530 2858 est
555 2828 590 2858 in
612 2829 728 2860 eadem
749 2829 857 2859 forma
900 2833 962 2858 est.

154 2867 346 2905 maluerint,
360 2869 401 2901 ad
421 2870 509 2909 quoa
522 2880 567 2901 sc.
590 2871 652 2902 hoc
674 2882 695 2903 a
716 2869 858 2903 librariis

845 2920 969 2969 agat
