1940 3231
319 173 393 210 622
736 168 919 210 EPIST.
946 169 1025 211 AD
1050 170 1335 216 ATTICUM,

320 274 439 315 cillus
470 274 578 332 plus,
601 275 756 331 inquis,
786 276 934 329 valuit,
964 292 1091 332 quam
1116 285 1206 323 tota
1227 275 1480 332 respublica.
1502 276 1605 332 quid
1631 292 1744 321 nunc

191 344 310 385 p.108-
325 335 475 388 putas?
503 342 548 383 ‘et
570 347 620 373 eo
642 334 830 384 consule,
856 334 1064 390 Pompeio
1083 343 1246 375 eertum
1266 343 1328 374 est
1347 347 1436 374 esse
1455 333 1498 374 in
1519 333 1746 390 Hispania.

276 395 307 416 ³·
324 405 349 430 o
376 405 463 430 rem
498 391 718 431 miseram!
752 391 785 431 si
808 391 977 444 quidem
1004 391 1044 432 id
1067 391 1206 446 ipsum
1229 391 1503 432 deterrimum
1525 401 1603 442 est,
1631 392 1746 447 quod

322 447 505 488 recusari
524 462 608 488 non
626 455 793 502 potest3
824 456 867 487 et
890 447 1033 502 8quod
1056 448 1125 488 ille
1146 448 1180 488 si
1200 447 1559 503 faciat‚jamjam
1581 463 1605 488 a
1622 448 1746 490 bonis

322 505 523 545 omnibus
546 518 754 544 summam
778 504 892 544 ineat
915 504 1111 560 gratiam.
1149 504 1365 546 Tollamus
1387 506 1520 560 igitur
1540 505 1640 556 hoc,
1661 520 1748 560 quo

322 561 440 602 illum
460 575 582 616 posse
601 560 753 601 adduci
775 571 959 616 negant:
982 561 1035 602 de
1053 561 1224 616 reliquis
1243 562 1345 616 quid
1363 573 1427 602 est
1443 563 1748 603 deterrimum?

323 619 557 659 concedere
577 617 651 668 illi,
674 617 804 672 quod,
827 627 873 657 ut
895 618 1008 658 idem
1024 619 1144 668 dicit,
1163 619 1530 673 impudentissime
1547 618 1749 675 postulat.

324 690 423 716 nam
444 674 546 729 quid
570 674 888 729 impudentius?
920 675 1093 716 tenuisti
1117 676 1381 739 provmciam
1405 692 1479 732 per
1500 677 1647 718 decem
1676 691 1752 717 an-

323 746 418 781 nos,
441 746 527 772 uon
549 732 631 772 tibi
662 746 686 771 a
707 740 870 782 senatu,
901 733 971 774 sed
999 748 1023 772 a
1054 741 1094 772 te
1119 747 1211 788 ipso
1235 747 1308 787 per
1331 748 1416 773 vim
1438 744 1479 774 et
1503 748 1575 789 per
1597 733 1750 774 factio-

321 803 421 829 nem
449 789 586 829 datos.
619 789 825 843 praeteriit
855 799 1038 844 tempus,
1070 803 1154 830 nou
1185 789 1306 844 legiS,
1329 791 1400 830 sed
1426 790 1614 831 libidinis
1637 801 1749 832 tuae:

325 846 395 887 fac
433 856 590 895 tamen,
628 846 748 901 Iegis.
783 855 829 885 ut
867 847 1131 896 succedatur,
1163 847 1428 888 decernitur:
1472 848 1677 903 impedi53
1708 857 1752 888 et

326 903 404 953 ais,
426 903 536 943 habe
558 903 641 943 mei
663 903 887 943 rationem.
910 903 1020 943 habe
1042 913 1087 943 tu
1111 903 1320 944 nostrum.
1346 904 1582 944 exercitum
1609 916 1654 945 tu
1678 905 1751 945 ha-

326 961 426 1001 beas
446 960 621 1010 diutius,
644 975 712 1015 qu·
705 975 772 1000 un
792 960 973 1015 populus
986 960 1132 1015 jussit,
1155 960 1291 1001 invito
1314 964 1489 1002 senatu?
1517 961 1751 1025 Depugnes

323 1027 509 1072 oportet
534 1017 612 1057 nisi
644 1018 858 1058 concedis.
892 1032 989 1058 cum
1023 1019 1135 1058 bona
1159 1017 1332 1072 quidem
1355 1031 1445 1081 spe,
1474 1027 1521 1057 ut
1541 1018 1602 1058 ait
1622 1019 1750 1070 idem,

324 1074 392 1115 vel
414 1074 627 1125 xincendi,
653 1074 714 1115 vel
746 1074 788 1114 in
822 1075 1018 1116 libertate
1049 1074 1273 1115 moriendi.
1298 1075 1392 1130 jam
1415 1075 1448 1114 si
1472 1075 1751 1131 prio-nandum

323 1141 409 1172 est:
442 1147 528 1186 quo
551 1141 758 1187 tempore,
790 1132 832 1173 in
857 1147 982 1183 casu3
1013 1147 1099 1196 quo
1121 1131 1315 1182 consilio,
1343 1147 1384 1172 ln
1409 1133 1674 1187 temporibus
1697 1133 1752 1173 si-

325 1199 417 1229 tum
439 1199 516 1229 est.
542 1189 684 1252 itaque
707 1199 748 1229 te
770 1189 813 1229 in
836 1203 885 1229 ea
907 1190 1145 1244 quaestioue
1167 1204 1253 1229 non
1275 1203 1470 1240 exerceo,
1495 1189 1547 1230 ad
1569 1204 1633 1240 ea,
1654 1204 1752 1244 quae

326 1246 433 1296 dixi,
453 1245 569 1298 aster,
591 1261 624 1286 st
643 1246 745 1301 quid
767 1246 911 1286 habes.
934 1247 1132 1302 equidem
1155 1246 1244 1286 dies
1267 1257 1499 1301 noctesque
1519 1255 1734 1302 torqueor.

760 1335 993 1378 CICERO
1024 1335 1251 1377 ATTICO
1284 1336 1329 1378 S.

325 1394 560 1446 SUBITO
599 1403 825 1444 consilium
864 1404 975 1460 cepi,
1005 1415 1067 1454 ut,
1095 1413 1324 1459 antequam
1359 1403 1533 1456 luceret,
1571 1404 1753 1469 exirem;

321 1466 341 1494 9
367 1476 417 1501 ne
449 1462 522 1516 qui
555 1472 810 1517 conspectus
835 1461 968 1511 fieret,
993 1471 1067 1501 aut
1089 1476 1242 1511 sermo,
1269 1461 1493 1502 lictoribus
1516 1462 1753 1517 praesertim

321 1518 536 1559 laureatis.
568 1519 620 1559 (le
652 1519 828 1573 reliquo,
854 1533 990 1573 neque
1022 1518 1205 1588 hercule,
1229 1518 1330 1573 quid
1364 1533 1503 1574 agam,
1526 1533 1619 1569 nec,
1649 1519 1752 1582 quid

322 1585 494 1616 acturus
533 1576 627 1626 sim,
664 1576 776 1617 scio:
810 1576 871 1616 ita
912 1591 1004 1615 sum
1044 1577 1316 1631 pertui'uatus
1349 1576 1587 1616 temeritate
1619 1576 1752 1616 nostri

326 1635 385 1663 10·
378 1633 658 1673 amentissimi
690 1632 872 1673 consilii.
905 1633 982 1673 tibi
1016 1647 1114 1673 xero
1137 1633 1239 1687 quid
1270 1633 1484 1682 suadeam,
1508 1633 1630 1687 cujus
1662 1633 1754 1696 ipse

321 1690 549 1730 consilium
579 1692 813 1745 exspecto?
861 1689 1019 1730 Cnaeus
1050 1700 1196 1730 noster
1225 1690 1327 1744 quid
1369 1690 1535 1731 consilii
1575 1691 1753 1745 ceperit,

321 1758 491 1802 capiatx
497 1761 533 1797 e,
557 1762 715 1798 neseio,
738 1747 878 1788 adbuc
911 1747 950 1787 in
973 1747 1143 1803 oppidis
1167 1750 1198 1776 ¹¹
1216 1755 1457 1787 coarctatus
1488 1757 1532 1787 et
1562 1757 1752 1802 stupens.

323 1819 485 1855 omues,
509 1806 541 1845 si
565 1805 608 1844 in
634 1804 758 1845 Italia
779 1804 1000 1854 consistat,
1022 1819 1178 1845 erimus
1201 1819 1309 1845 una:
1342 1804 1407 1844 sin
1429 1804 1566 1854 cedet,
1585 1804 1754 1845 consilii

321 1876 387 1902 res
422 1873 498 1902 est.
533 1862 673 1902 ldhnc
707 1871 835 1911 certe,
870 1861 950 1902 uisi
983 1875 1065 1918 ego
1099 1861 1279 1911 insanio,
1307 1861 1434 1902 stulte
1457 1861 1603 1902 omnia
1623 1870 1665 1902 et
1689 1862 1753 1901 in-

322 1928 462 1959 caute.
522 1918 603 1970 Tu,
637 1933 798 1974 quaeso,
831 1920 980 1960 crebro
1003 1919 1055 1960 ad
1087 1933 1155 1959 me
1185 1919 1337 1970 scribe,
1361 1918 1426 1958 vel
1447 1918 1560 1973 quod
1585 1919 1627 1958 in
1651 1919 1755 1959 buc-

327 1991 420 2017 cam
444 1986 620 2017 venerit.

262 2050 311 2087 ’11
759 2042 992 2084 OECERO
1024 2042 1250 2085 ATTICO
1284 2044 1327 2084 S.

274 2128 312 2160 ·b.
329 2102 579 2169 QUAESO,
602 2117 705 2172 quid
727 2116 810 2157 hoc
833 2119 926 2158 est?
957 2127 1029 2157 aut
1051 2117 1151 2172 quid
1177 2117 1347 2173 agitur?
1378 2115 1481 2157 mihi
1506 2117 1620 2157 enim
1637 2125 1756 2158 tene-

325 2181 415 2220 brae
437 2186 551 2217 sunt.
613 2175 862 2230 Cingulum,
881 2175 1036 2230 inquis,
1061 2189 1136 2215 nos
1157 2184 1373 2215 tenemus:
1405 2173 1628 2215 Anconem
1648 2175 1755 2214 ami-

325 2237 471 2276 simus.
524 2233 735 2274 Labienus
757 2231 951 2272 discessit
974 2233 1027 2273 ab
1051 2232 1235 2273 Caesaime
1260 2243 1401 2272 utrum
1423 2232 1476 2272 de
1498 2231 1754 2286 imperatore

325 2290 472 2350 populi
513 2289 716 2352 Romani,
752 2304 805 2329 an
838 2289 890 2330 de
925 2288 1170 2330 Hannibale
1204 2289 1442 2343 loquimur?
1474 2304 1499 2328 o
1534 2288 1753 2328 hominem

325 2358 539 2391 amentem
577 2356 620 2388 et
657 2347 872 2397 miserum,
910 2347 982 2401 qui
1025 2361 1078 2387 ne
1111 2347 1304 2386 umbram
1338 2345 1512 2400 quidem
1550 2360 1754 2399 nmquam

324 2409 368 2445 τὲ
384 2406 477 2445 aaz&
498 2405 675 2447 viderit!
708 2411 850 2459 atque,
883 2403 993 2455 haec,
1027 2404 1101 2454 ait,
1134 2404 1279 2444 onmia
1302 2402 1441 2444 facere
1464 2417 1507 2443 se
1529 2402 1754 2458 dignitatis

267 1332 318 1368 10

366 2533 384 2559 8
408 2529 492 2568 quod
503 2531 555 2559 ille
569 2528 729 2569 sisae-iat]
750 2529 774 2560 C
778 2538 870 2565 aesar,
883 2533 920 2558 ut
932 2529 1018 2559 Con·
1062 2529 1097 2558 in
1121 2539 1195 2569 epp.
1221 2528 1261 2559 ad
1288 2528 1362 2558 Div.
1389 2528 1530 2557 incurrit
1554 2528 1619 2557 lactc
1641 2528 1757 2558 laurvs

323 2571 375 2601 sul
397 2571 469 2608 fiat,
495 2572 543 2601 vel
569 2581 600 2601 se
617 2572 794 2602 Consu'em
811 2571 865 2601 alii
884 2571 1018 2607 faciant,

324 2614 445 2643 omissa
468 2613 644 2652 provincia.
661 2621 731 2644 tum
747 2612 921 2654 jamjam
941 2612 1018 2642 alie-

324 2664 405 2685 num
420 2661 488 2685 est:
514 2655 595 2686 nihil
612 2657 726 2686 melius
740 2657 819 2693 scio,
834 2665 933 2693 quani
947 2665 1018 2684 cor-

325 2698 430 2737 rigere
451 2701 585 2735 tamen;
608 2698 695 2736 quod
717 2698 749 2728 h.
772 2699 795 2728 l.
813 2698 1019 2737 aptissimum

324 2740 379 2770 sit.

368 2786 388 2815 9
411 2792 451 2811 ne
463 2783 517 2821 qui
527 2786 709 2822 conspectus
710 2782 812 2822 fieret
825 2786 884 2811 aut
898 2781 1015 2820 sermo]

325 2824 348 2854 i.
365 2834 393 2854 e.
412 2834 452 2854 ne
467 2824 553 2854 oculi
569 2825 740 2854 hominum
752 2825 901 2854 omnium
916 2825 949 2853 in
966 2834 1019 2853 me

325 2872 573 2903 convertantur,
602 2874 636 2896 et
664 2876 828 2897 sermones
856 2867 1019 2896 oriantur.

325 2908 378 2937 Sic
405 2910 543 2948 conspici
570 2909 702 2945 dicitur,
730 2909 815 2946 quod
843 2908 1021 2938 insolentia

324 2958 383 2981 sua
408 2950 571 2982 convertit
597 2951 707 2982 oculos
735 2951 921 2983 hominum.
966 2951 1020 2981 sic

1062 2581 1125 2601 non
1142 2572 1231 2601 modo
1250 2572 1284 2600 in
1299 2571 1414 2607 oculos,
1430 2570 1485 2599 sed
1498 2570 1597 2599 etiam
1613 2571 1648 2598 in
1662 2578 1756 2598 vocu-

1063 2615 1123 2644 las.
1154 2614 1257 2644 nostri
1279 2612 1395 2642 dicunt
1419 2612 1470 2641 εἰη
1493 2610 1658 2650 ΑιςῙΣςεΙιεη
1684 2621 1754 2641 ma-

1062 2658 1151 2686 chen.

1107 2701 1143 2727 10
1166 2697 1378 2727 amentissimi
1392 2695 1528 2734 consiliz']
1545 2696 1594 2726 De
1611 2696 1690 2726 urbe
1707 2705 1756 2726 re-

1061 2739 1249 2778 linquenda,
1265 2750 1295 2769 V.
1311 2749 1360 2778 ep.
1375 2748 1442 2777 seq.

1108 2785 1117 2812 l
1131 2785 1139 2811 1
1166 2785 1350 2811 coarclatus
1364 2785 1394 2810 et
1406 2779 1549 2820 stupens]
1567 2784 1752 2811 coarctatus

1061 2824 1274 2854 multitudine
1298 2824 1444 2853 omnium
1468 2823 1755 2861 Pompeianorum,

1061 2867 1115 2913 qui
1137 2875 1176 2896 ex
1191 2867 1270 2896 urbe
1291 2865 1460 2904 sugerunt,
1483 2868 1514 2894 ec
1534 2868 1674 2907 stupeno,
1697 2874 1753 2896 ne-

1062 2909 1163 2940 sciens
1167 2930 1176 2945 ,
1190 2908 1266 2949 quid
1282 2908 1409 2939 consilii
1421 2906 1503 2949 capi
1495 2912 1543 2937 it
