1940 3231
245 1555 276 1585 p.
295 1545 363 1574 148.

308 2183 355 2217 10

333 2207 356 2218 u

383 185 459 220 682
797 181 978 220 EPIST.
1005 183 1082 221 AD
1108 183 1391 228 ATTICUM,

379 283 560 326 consilio
591 292 634 325 et
662 285 874 340 dignitate
904 301 1012 337 mea,
1040 287 1178 328 minus
1210 302 1302 328 sum
1333 286 1589 328 admiratus:
1621 286 1673 328 de
1703 301 1800 344 gra·

379 341 441 382 tia
478 351 521 382 et
552 341 604 382 de
637 356 718 396 ope
750 342 853 396 quid
893 343 1169 399 significares,
1206 359 1372 385 mecum
1405 345 1497 400 ipse
1529 343 1798 398 quaerebam:

378 412 453 454 spe
477 408 618 439 tamen
648 399 888 439 deducebar
919 400 971 440 ad
1001 414 1093 440 eam
1126 402 1449 457 cogitationem,
1473 408 1518 441 ut
1550 411 1590 441 te
1621 414 1696 455 pro
1726 409 1800 440 tua

378 455 618 497 admirabili
645 470 695 495 ac
727 455 930 510 singulari
963 457 1171 511 sapientia
1201 458 1252 499 de
1283 459 1388 508 otio,
1410 459 1461 499 de
1484 471 1602 513 pace,
1622 457 1676 496 de
1697 470 1801 497 con-

377 513 524 553 cordia
545 512 704 552 civium
727 511 797 566 agi
820 511 925 552 velle
947 513 1196 555 arbitrarer:
1225 524 1267 554 et
1289 515 1341 555 ad
1363 529 1453 556 cam
1479 514 1684 555 rationem
1707 513 1799 554 exi-

378 569 606 610 stimabam
631 569 731 608 satis
754 577 899 622 aptam
923 583 1013 609 esse
1043 579 1086 609 et
1118 579 1309 611 naturam
1332 580 1375 612 et
1401 585 1621 627 personam
1644 583 1799 610 meam.

378 626 506 672 Quod
531 625 564 664 si
588 624 648 664 ita
669 634 756 665 est:
788 634 831 664 et
853 626 886 666 si
905 640 990 680 qua
1010 625 1062 666 de
1088 626 1294 682 Pompeio
1318 639 1462 669 nostro
1486 627 1659 677 tuendo,
1680 635 1723 667 et
1745 626 1800 666 ti-

376 683 419 723 bi
443 697 495 723 ac
514 681 761 736 reipublicae
786 682 1100 723 reconciliando
1131 698 1233 724 cura
1255 694 1296 739 te
1317 685 1519 740 attingit;
1551 683 1686 739 magis
1708 682 1801 723 ido-

376 753 518 789 neum,
535 753 663 793 quam
685 753 768 793 ego
791 753 899 789 sum,
922 739 971 779 ad
997 753 1091 780 earn
1113 755 1283 781 causam
1307 741 1500 796 profecto
1525 738 1707 796 reperies‘
1726 753 1801 780 ne·

375 796 562 836 minem:
595 795 668 850 qui
691 805 734 836 et
757 794 815 836 illi
838 810 1017 851 semper,
1040 807 1082 837 et
1114 798 1294 847 senatui,
1316 812 1411 838 cum
1447 798 1627 852 primum
1663 796 1800 852 potui,

375 853 494 908 pacis
517 863 666 893 auctor
687 852 775 903 fui;
808 866 900 902 nec,
923 854 1072 893 sumtis
1096 854 1236 903 armis,
1260 854 1358 894 belli
1382 853 1508 894 ullam
1541 863 1702 909 partein
1733 862 1799 893 at-

376 909 483 966 tigi3
513 909 808 964 judicavique,
839 923 889 950 eo
923 909 1032 950 bello
1065 921 1105 950 te
1137 910 1300 960 violari,
1331 920 1480 951 contra
1509 909 1631 964 cujus
1663 910 1799 950 hono-

373 980 480 1016 rem,
516 966 660 1022 populi
702 966 888 1007 Romani
926 967 1135 1007 beneficio
1173 981 1437 1017 concessum,
1470 966 1630 1007 inimici
1669 978 1799 1022 atque

373 1022 509 1064 invidi
532 1024 783 1064 niterentur.
806 1024 877 1064 sed
902 1033 948 1064 ut
968 1038 1019 1064 eo
1042 1033 1234 1080 tempore
1261 1038 1346 1064 non
1376 1023 1505 1064 modo
1538 1023 1626 1078 ipse
1657 1022 1799 1064 fautor

373 1079 599 1135 dignitatis
624 1089 709 1121 tuae
733 1080 810 1131 fui,
833 1094 978 1121 verum
1002 1081 1128 1121 etiam
1161 1081 1312 1122 ceteris
1345 1089 1494 1122 auctor
1523 1080 1573 1120 ad
1607 1089 1648 1120 te
1677 1080 1798 1134 adju-

375 1137 585 1189 vandum3
609 1138 668 1178 sic
690 1151 758 1178 me
779 1152 893 1178 nunc
918 1137 1114 1193 Pompeii
1138 1138 1325 1194 dignitas
1347 1137 1620 1178 vehementer
1641 1144 1800 1177 movet.

374 1193 538 1249 aliquot
559 1194 674 1236 enim
697 1204 795 1235 sunt
816 1194 931 1244 anni,
950 1209 1048 1235 cum
1065 1209 1140 1235 vos
1161 1196 1246 1236 duo
1268 1194 1421 1251 delegi,
1444 1208 1550 1248 quos
1583 1192 1800 1249 praecipue

373 1251 572 1302 colerem,
595 1261 638 1292 et
659 1252 814 1306 quibus
837 1266 985 1302 essem,
1006 1252 1116 1292 sicut
1147 1267 1254 1302 sum,
1276 1252 1574 1292 amicissimus.
1636 1250 1801 1296 Quam-

374 1308 522 1349 obrem
554 1324 578 1349 a
608 1318 651 1349 te
683 1318 797 1363 peto,
820 1308 885 1348 vel
917 1308 1059 1363 potius
1085 1309 1283 1349 omnibus
1317 1308 1512 1363 precibus
1543 1320 1618 1347 oro
1648 1316 1690 1347 et
1721 1307 1799 1346 ob-

375 1374 522 1416 testor,
555 1374 600 1406 ut
630 1366 673 1405 in
708 1365 790 1406 tuis
821 1366 1022 1405 maximis
1053 1366 1164 1406 curis
1196 1365 1354 1420 aliquid
1386 1363 1604 1420 impertias
1635 1373 1800 1419 tempo-

374 1422 431 1463 ris
464 1422 565 1463 huic
597 1435 768 1476 quoque
806 1422 1077 1477 cogitationi,
1113 1431 1157 1463 ut
1191 1431 1265 1462 tuo
1304 1421 1511 1462 beneficio
1552 1422 1688 1462 bonus
1722 1419 1801 1470 vir,

377 1487 538 1534 gratus,
574 1480 669 1534 pius
701 1478 885 1533 denique
917 1493 1022 1530 esse,
1058 1480 1097 1519 in
1135 1479 1311 1520 maximi
1345 1478 1543 1519 beneficii
1580 1477 1800 1525 memoria,

377 1536 552 1591 possim.
574 1551 670 1590 quae
694 1536 727 1576 si
751 1545 916 1576 tantum
940 1536 992 1576 ad
1021 1550 1089 1576 me
1121 1535 1259 1591 ipsum
1292 1536 1566 1591 pertinerent,
1587 1548 1798 1590 sperarem

356 1607 445 1634 ·me
467 1608 492 1633 a
515 1603 554 1633 te
577 1603 719 1633 tamen
751 1592 1102 1648 impetraturum:
1135 1593 1222 1642 sed,
1247 1601 1292 1632 ut
1322 1593 1520 1640 arbitror,
1542 1601 1585 1631 et
1606 1590 1657 1631 ad
1682 1600 1798 1630 tuam

373 1650 516 1700 fidem,
552 1659 595 1690 et
632 1650 685 1690 ad
721 1649 1029 1705 rempublicam
1068 1649 1266 1704 pertinet,
1303 1663 1370 1690 me
1406 1663 1429 1688 e
1466 1648 1628 1703 paucis,
1666 1656 1708 1687 ct
1744 1646 1796 1687 ad

371 1707 593 1761 utriusque
617 1706 820 1756 vestrum,
842 1717 885 1746 et
907 1707 958 1747 ad
982 1706 1141 1746 civium
1171 1706 1460 1755 concordiam,
1487 1719 1559 1760 per
1590 1713 1646 1754 te,
1668 1717 1796 1758 quam

370 1763 880 1813 accommodatissimum,
903 1762 1159 1803 conservari.
1222 1762 1331 1817 Ego,
1354 1777 1449 1802 cum
1483 1772 1607 1802 antea
1638 1760 1717 1800 tibi
1745 1760 1798 1800 de

371 1820 555 1861 Lentulo
588 1820 745 1875 gratias
777 1820 975 1874 egissem,
997 1823 1035 1853 77
1051 1834 1147 1860 cum
1179 1820 1216 1860 ei
1250 1819 1389 1868 saluti,
1411 1819 1482 1873 qui
1516 1817 1620 1858 mihi
1644 1817 1796 1866 fuerat,

369 1877 546 1918 fuisses:
582 1886 738 1926 tamen,
768 1876 890 1916 lectis
920 1877 1013 1931 ejus
1044 1876 1210 1926 litteris,
1232 1891 1337 1931 quas
1368 1876 1420 1917 ad
1453 1890 1519 1916 me
1550 1875 1795 1929 gratissimo

368 1934 512 1974 animo
544 1933 596 1974 de
628 1944 701 1973 tua
730 1933 985 1974 liberalitate
1017 1933 1310 1987 beneficioque
1348 1932 1477 1982 misit,
1510 1931 1686 1972 eandem
1728 1943 1796 1970 me

367 1991 548 2032 salutem
571 2005 594 2030 a
615 1999 655 2030 te
677 1990 892 2045 accepisse
918 1990 1080 2045 putavi,
1101 2005 1227 2045 quam
1253 1989 1343 2030 ille:
1370 1989 1412 2030 in
1436 2003 1561 2044 quem
1586 1988 1617 2028 si
1643 2001 1709 2027 me
1733 1986 1796 2026 in-

368 2047 525 2104 telligis
548 2061 638 2087 esse
660 2056 856 2103 gratum3
888 2062 1004 2098 cura,
1027 2048 1220 2098 obsecro,
1244 2056 1290 2086 ut
1319 2045 1448 2086 etiam
1473 2047 1516 2087 iu
1540 2044 1796 2100 Pompeium

367 2119 458 2145 esse
481 2119 657 2159 possnn.

801 2175 1034 2217 CICERO
1066 2174 1293 2216 ATTICO
1326 2175 1369 2216 S.

369 2231 686 2285 LEGEBAM
720 2252 811 2285 tuas
843 2244 1004 2284 litteras
1029 2257 1125 2283 XI11
1164 2243 1344 2283 Kalend.
1367 2256 1462 2283 cum
1490 2240 1593 2281 mihi
1617 2239 1798 2296 epistola

366 2300 544 2341 affertur
582 2316 606 2341 a
647 2301 795 2356 Lepta,
831 2299 1199 2342 circumvallatum
1240 2315 1329 2340 esse
1373 2298 1644 2352 Pompeium,
1676 2299 1794 2336 7⁸ra-

367 2357 482 2398 tibus
505 2358 634 2397 etiam
657 2358 799 2398 exitus
829 2366 976 2412 portus
1009 2357 1156 2398 teneri.
1181 2371 1265 2397 non
1289 2355 1452 2396 medius
1476 2355 1601 2395 fidius
1625 2367 1711 2409 prae
1734 2353 1794 2393 la-

366 2414 510 2454 crimis
533 2429 704 2469 possum
730 2414 891 2469 reliqua
911 2429 990 2454 nec
1012 2413 1218 2469 cogitare,
1239 2428 1316 2454 nec
1339 2412 1535 2453 scribere.
1560 2410 1652 2450 misi
1677 2410 1727 2450 ad
1754 2419 1794 2450 te

366 2471 625 2525 exemplum.
659 2471 834 2511 miseros
873 2485 964 2521 nos,
996 2486 1071 2511 cur
1103 2485 1186 2510 non
1219 2485 1366 2511 omnes
1399 2468 1532 2509 fatum
1567 2467 1676 2507 illius
1709 2481 1793 2507 una

365 2528 558 2567 exsecuti
582 2530 754 2569 sumus?
784 2542 884 2568 ecce
908 2536 1051 2568 autem
1083 2542 1107 2567 a
1140 2526 1281 2567 Matio
1311 2536 1354 2567 et
1383 2524 1586 2566 Trebatio
1617 2523 1789 2565 eadem:

365 2583 521 2638 quibus
545 2583 782 2624 Minturnis
805 2584 921 2625 obvii
946 2584 1128 2632 Caesaris
1157 2582 1380 2624 tabellarii.
1404 2592 1603 2635 torqueor
1625 2579 1790 2630 infelix,

363 2640 522 2695 utjam
541 2639 656 2680 illum
683 2640 936 2682 Mucianum
961 2641 1126 2681 exitum
1149 2649 1369 2695 exoptem.
1389 2648 1432 2678 at
1447 2652 1575 2693 quain
1598 2636 1792 2687 honesta,

405 2789 443 2820 77
468 2795 542 2816 eum
564 2786 592 2816 ei
614 2784 886 2824 εαῖιιῐί-ῑίὶιὶεερε]
911 2785 1056 2815 Dimisso
1142 2786 1182 2818 78
1205 2784 1332 2813 ratibus
1347 2783 1444 2812 etiam
1461 2782 1567 2812 exitus
1578 2787 1695 2821 portus
1709 2786 1794 2812 tene-

362 2828 534 2863 incolumi,
562 2837 636 2857 cum
665 2828 698 2856 in
723 2833 886 2866 potestate
910 2827 1055 2863 liaberet,
1098 2825 1145 2865 fri]
1173 2825 1245 2855 Hoc
1261 2825 1314 2864 qui
1338 2825 1466 2865 planius
1489 2833 1683 2862 cog-noscere
1701 2823 1792 2857 velit.

360 2875 459 2908 atque
481 2870 664 2899 interficere
680 2874 801 2908 posset.
818 2880 847 2900 v.
864 2868 960 2907 Vlll,
975 2872 1006 2903 9,
1021 2874 1055 2900 et
1098 2867 1194 2898 adeat
1211 2868 1294 2898 CaeS.
1311 2866 1350 2899 B.
1368 2867 1405 2897 C.
1425 2866 1452 2903 1,
1468 2868 1518 2897 ⁶25.
1533 2876 1560 2895 s.

365 2913 449 2942 caes.
465 2912 504 2943 B.
521 2912 591 2943 (Ἰν.
609 2911 637 2950 1,
654 2912 706 2943 23.
