1940 3231
2 3028 10 3079 ²:⁶-

2 3083 11 3231 -ε--ῑς-ε

753 116 958 156 LIBER
1001 113 1054 154 11.
1546 119 1626 158 495

171 219 335 264 -Caesar
356 237 454 265 cum
479 223 663 265 venisset
684 229 857 263 mortuo
878 219 1046 276 plausu,
1079 216 1214 258 Curio
1236 215 1350 257 filius
1371 226 1436 259 est
1457 219 1625 261 insecu-

187 287 270 320 tus.
302 283 342 311 35
357 280 458 322 huic
488 280 549 322 ita
580 280 775 336 plausum
805 286 885 330 est,
918 285 978 329 ut,
1009 274 1125 317 salva
1156 273 1391 330 republica,
1416 275 1627 332 Pompeio

187 337 334 393 plaudi
367 338 545 379 solebat.
590 336 688 377 tulit
725 335 873 377 Caesar
905 333 1108 390 graviter.
1152 331 1308 372 litterae
1341 331 1536 388 Capuam
1573 334 1630 377 ad

191 394 447 450 Pompeium
468 395 608 435 volare
624 394 894 435 dicebantur.
917 392 958 422 36
972 389 1138 431 inimici
1157 399 1279 430 erant
1297 389 1532 444 equitibus,
1555 392 1629 445 qui

191 450 371 493 Curioni
408 461 569 492 stantes
612 451 881 507 plauserant3
930 449 1075 490 hostes
1119 447 1338 488 omnibus.
1399 450 1438 480 37
1455 446 1629 488 Rosciae

187 507 290 564 legi,
309 508 437 549 etiam
462 508 755 550 frumentarias
779 508 1106 548 minitabantur.
1139 519 1240 545 sane
1264 518 1328 544 res
1351 513 1442 545 erat
1466 514 1631 560 pertur-
1643 516 1678 554 b,

190 565 304 606 bata.
366 564 578 620 Equidem
598 566 847 616 malueram,
866 564 980 620 quod
1001 572 1093 604 erat
1111 571 1359 618 susceptum
1383 563 1437 602 ab
1457 561 1554 613 illis,
1577 561 1634 602 si-

170 621 323 663 *lentio
356 623 562 666 transire:
596 624 668 665 sed
700 637 863 673 vereor,
898 636 950 662 ne
981 635 1066 662 non
1098 620 1239 661 liceat.
1273 634 1359 660 non
1391 618 1535 660 ferunt
1556 618 1638 660 ho-

192 679 343 730 mines,
363 680 480 735 quod
504 681 674 722 videtur
695 695 787 722 esse
810 691 954 721 tamen
988 677 1228 719 ferendum.
1261 678 1332 718 sed
1355 687 1419 718 est
1435 677 1529 733 jam
1554 691 1640 718 una

191 750 279 777 vox
305 737 516 789 omnium,
545 740 683 795 magis
715 738 815 779 odio
839 737 1023 788 firmata,
1045 749 1174 790 quam
1200 735 1416 791 praesidio.
1479 734 1641 776 Noster

191 803 337 834 autem
362 794 543 837 Publius
565 798 604 827 38
620 796 725 837 mihi
750 794 1025 836 inimicatur:
1057 793 1279 850 impendet
1302 792 1552 848 negotium:
1586 792 1640 833 ad

193 851 310 906 quod
354 861 399 894 tu
444 853 609 895 scilicet
651 852 888 894 advolabis.
950 851 1112 892 Videor
1143 850 1250 891 mihi
1285 861 1481 891 nostrum
1520 849 1641 890 illum

193 908 464 951 consularem
487 912 727 952 exercitum
754 912 966 951 bonorum
989 908 1200 959 omnium,
1223 908 1352 949 etiam
1378 909 1480 948 satis
1504 907 1643 948 bono-

170 980 304 1018 rum,
343 967 502 1009 habere
542 968 852 1009 firmissimum.
915 967 1149 1022 Pompeius
1192 965 1412 1021 significat
1451 965 1642 1006 studium

195 1038 300 1079 erga
341 1039 409 1066 me
445 1040 532 1067 non
570 1026 800 1067 mediocre.
843 1024 955 1065 idem
979 1024 1180 1073 affirmat,
1217 1026 1257 1057 39
1275 1024 1452 1064 verbum
1489 1023 1542 1064 de
1576 1036 1644 1063 me

167 1111 175 1127 ,-
195 1080 337 1122 ullum
354 1097 439 1124 non
463 1097 554 1124 esse
578 1083 810 1124 facturum.
842 1083 887 1122 in
909 1096 995 1136 quo
1019 1096 1104 1122 non
1127 1095 1195 1120 me
1217 1080 1287 1121 ille
1306 1080 1431 1132 fallit,
1456 1081 1528 1121 sed
1552 1080 1646 1136 ipse

197 1137 373 1180 fallitur.
433 1143 475 1171 40
491 1140 707 1182 Cosconio
739 1150 927 1190 mortuo,
950 1153 1044 1179 sum
1071 1140 1114 1179 in
1136 1138 1229 1193 ejus
1251 1137 1396 1179 locum
1420 1138 1644 1179 invitatus.

197 1196 240 1237 id
263 1208 352 1239 erat
375 1201 412 1229 4¹
432 1199 573 1240 vocari
603 1199 647 1239 in
678 1199 821 1239 locum
852 1196 1029 1238 mortui.
1060 1195 1222 1236 4‘2nihil
1245 1210 1315 1236 me
1338 1196 1505 1252 turpius
1529 1196 1645 1251 apud

199 1253 396 1295 homines
419 1254 591 1298 fuisset:
625 1269 764 1311 neque
788 1269 903 1305 vero,
926 1254 978 1295 ad
1003 1254 1128 1294 istam
1152 1253 1290 1308 ipsam
1310 1256 1502 1303 ἀσφάλειαν
1523 1253 1646 1308 quic-

200 1326 330 1367 quam
366 1312 561 1354 alienius.
594 1322 694 1354 sunt
726 1313 841 1354 enim
878 1312 939 1353 illi
975 1312 1088 1368 apud
1123 1312 1260 1351 bonos
1294 1310 1522 1352 invidiosi:
1562 1325 1647 1366 ego

202 1369 316 1423 apud
339 1369 561 1426 improbos
582 1385 721 1412 meam
747 1371 1014 1411 retinuissem
1038 1368 1261 1418 invidiam,
1283 1368 1465 1408 alienam
1483 1382 1648 1408 assum-

202 1426 367 1467 sissem.
429 1426 578 1469 Caesar
608 1442 679 1469 me
712 1428 795 1469 sibi
820 1428 910 1468 vult
942 1441 1034 1468 esse
1056 1427 1262 1482 legatum.
1298 1426 1519 1467 honestior
1550 1425 1648 1467 haec

202 1482 435 1525 declinatio
470 1486 664 1541 periculi.
695 1487 736 1516 43
751 1485 822 1526 sed
859 1500 941 1541 ego
965 1485 1048 1525 hoc
1071 1484 1266 1539 repudio.
1299 1484 1402 1539 quid
1425 1497 1529 1539 ergo
1551 1486 1648 1524 est?

203 1555 397 1597 pugnare
417 1542 546 1584 malo.
579 1542 686 1584 nihil
710 1552 853 1584 tamen
875 1543 998 1584 certi.
1020 1542 1178 1582 iterum
1201 1541 1315 1591 dico,
1339 1541 1503 1581 utinam
1528 1541 1651 1581 ades-

203 1600 293 1642 ses!
327 1599 400 1640 sed
431 1609 590 1653 tamen,
621 1601 653 1642 si
687 1601 769 1641 erit
799 1614 985 1651 necesse,
1016 1613 1295 1640 arcessemuS.
1358 1598 1476 1645 Quid
1504 1598 1651 1640 aliud?

170 1671 174 1674 ⁴
201 1656 331 1710 quid?
363 1658 446 1699 hoc
479 1658 650 1714 opinor.
681 1658 787 1700 certi
823 1672 968 1699 sumus
1003 1657 1162 1714 perisse
1199 1657 1360 1696 omnia.
1392 1655 1494 1711 quid
1534 1657 1650 1696 enim

199 1715 411 1767 ἐκκιζόμεθκ
434 1716 623 1758 tamdiu?
654 1716 727 1756 sed
758 1716 853 1758 haec
885 1715 1036 1771 scripsi
1068 1728 1316 1770 properam,
1339 1722 1382 1753 et
1405 1713 1651 1755 mehercule

201 1769 368 1813 timide.
401 1773 584 1828 posthac
606 1773 660 1815 ad
695 1783 752 1827 te,
780 1782 870 1825 aut,
906 1773 947 1814 si
963 1771 1212 1829 perfidelem
1235 1771 1422 1824 habebo,
1444 1772 1515 1813 cui
1537 1772 1654 1823 dem,

245 1903 286 1932 35
314 1903 391 1933 huic
415 1903 438 1934 i.
453 1914 490 1944 p.
514 1904 557 1944 8.]
591 1905 680 1945 Quia
706 1905 845 1937 Caesaris
872 1910 907 1934 et
993 1906 1034 1938 39
1054 1903 1190 1933 verbum
1205 1903 1244 1933 de
1260 1903 1420 1933 meiltum
1435 1913 1468 1932 n.
1492 1912 1519 1933 e.
1538 1901 1654 1940 factu-

170 1959 174 1962 ·
204 1942 547 1986 Pompeiipotentiani
560 1947 660 1978 iibere
670 1948 906 1978 insectabatur.
950 1946 1042 1986 rum]
1069 1947 1165 1976 illum
1187 1946 1227 1976 de
1250 1945 1367 1976 Clo-'iio
1386 1945 1656 1984 intelligendum.

247 1987 288 2033 :26
317 1987 444 2020 inimici
472 1990 584 2030 erant]
624 1991 736 2026 Caesar
770 1997 805 2020 et
839 1991 908 2030 ejus
951 1999 1029 2019 mox
1046 1989 1103 2019 ille
1121 1987 1161 2018 de
1181 1989 1350 2029 PompeiO.
1394 1988 1457 2018 Sed
1477 1987 1655 2027 legendum

205 2029 316 2059 amici.
951 2031 1065 2071 putavi
1082 2032 1201 2068 ullum,
1222 2037 1257 2061 et
1276 2038 1391 2061 tamen
1412 2031 1451 2061 de
1473 2029 1588 2061 Clodio
1605 2039 1657 2061 res

248 2073 286 2118 37
315 2071 439 2103 Roscia>
463 2075 541 2114 legi,
566 2075 668 2106 etiam
682 2075 811 2116 frum]
841 2074 908 2112 Illi,
951 2073 1178 2113 intelligenda.
1224 2073 1339 2113 Itaque
1361 2075 1407 2103 sic
1429 2072 1566 2104 correxi.
1611 2073 1658 2103 Et

206 2119 357 2152 equitum
372 2116 460 2153 odio,
476 2117 554 2148 huie
570 2118 694 2158 populi.
952 2117 998 2147 sic
1015 2115 1088 2147 edd.
1103 2116 1201 2146 Rom.
1219 2119 1352 2147 Ascens.
1365 2116 1501 2146 habent.

247 2159 289 2203 538
306 2159 386 2188 mihi
400 2159 590 2197 minitatur,
601 2161 754 2191 inimicus
768 2159 828 2198 est]
846 2159 911 2189 ini-

206 2207 311 2229 micus
325 2205 372 2231 est
387 2201 478 2233 abest
499 2202 564 2233 ΜΞ.
588 2202 722 2234 Balliol.
745 2202 911 2241 delerique

206 2241 339 2273 volebat
354 2243 514 2275 Graevius.
538 2246 632 2276 bene.
669 2245 733 2276 Sed
747 2245 910 2285 originem

206 2280 304 2324 liujus
332 2287 560 2326 appendiculae
584 2288 702 2328 reperi.
746 2288 806 2318 Ed.
830 2287 912 2317 Jen-

206 2327 279 2357 soni
302 2327 402 2359 habet
425 2331 506 2361 ‘mim'
527 2331 736 2368 inimicatur,
759 2330 913 2361 inimicus

205 2372 263 2400 est.
308 2370 395 2403 Vera
409 2372 513 2412 igitur
527 2373 626 2403 lectio
640 2379 691 2404 est
705 2374 788 2404 mihi
802 2373 913 2403 inimi-

207 2416 325 2443 catur:
360 2415 429 2454 ejus
457 2416 566 2455 glossa
594 2420 647 2446 est
673 2417 827 2446 inimicus
853 2419 911 2450 est,

208 2463 281 2492 quae
295 2455 330 2485 in
345 2461 475 2488 textum
491 2459 620 2499 irrepsit
634 2470 641 2488 :
665 2470 705 2489 ex
716 2460 913 2489 inimicatur

208 2495 334 2529 factum
352 2504 402 2530 est
416 2501 606 2538 minitatur,
621 2502 698 2540 quia
710 2501 794 2532 illud
808 2502 912 2531 rarius

209 2544 272 2576 est,
288 2551 307 2571 e
327 2543 534 2582 praecedente
556 2543 667 2584 paullo
683 2549 762 2574 ante
778 2544 914 2573 minita-

211 2581 343 2613 bantur.
387 2585 497 2616 Verbo
524 2586 582 2616 illo
608 2591 642 2616 et
669 2586 711 2626 Ω.
735 2586 850 2616 Cicero
877 2587 916 2616 de

213 2624 314 2657 Petit.
330 2627 430 2658 Cons.
445 2639 473 2659 c.
493 2632 540 2659 12.
555 2638 632 2659 usus
648 2633 710 2666 est,
727 2629 753 2659 si
775 2628 847 2659 edd.
866 2638 916 2668 pr.

211 2668 335 2705 audias,
375 2680 515 2709 quarum
557 2671 737 2702 lectionem
774 2671 918 2702 mutavit

213 2708 391 2749 Corradus,
414 2713 452 2743 de
469 2725 535 2754 quo
550 2723 610 2744 suo
626 2714 699 2744 loco
715 2713 915 2752 videbimus;

212 2757 247 2782 et
264 2753 423 2785 Horatius
441 2756 478 2787 C.
502 2757 561 2793 lv,
581 2759 630 2788 15.
653 2759 705 2788 20.
729 2757 916 2793 inimicare,

214 2800 253 2824 ut
278 2796 310 2827 id
334 2799 469 2829 verbum
497 2799 738 2839 repudiandum
766 2809 834 2829 non
862 2800 917 2829 sit.

215 2835 333 2885 lfaque
347 2850 414 2871 non
430 2841 576 2872 dubitavi
588 2841 623 2873 id
636 2842 772 2875 verbum
787 2842 917 2875 Cicero-

214 2888 249 2925 ῳ
262 2879 295 2913 h.
312 2881 336 2913 1.
355 2883 537 2916 restituere.

995 2161 1036 2190 40
1056 2158 1216 2199 Cosconio]
1241 2159 1306 2198 Qui
1320 2158 1437 2189 XXvir
1452 2159 1573 2189 fuerat.

996 2205 1032 2232 41
1052 2202 1163 2231 vocari
1178 2202 1214 2232 in
1231 2203 1335 2232 locum
1350 2201 1486 2241 mortui]
1513 2201 1659 2241 Quomo-

952 2243 994 2274 do
1016 2244 1049 2275 id
1066 2248 1164 2284 turpe
1179 2244 1275 2275 erat?
1306 2253 1425 2284 nempe
1440 2245 1517 2283 quia
1533 2253 1600 2274 non
1617 2244 1658 2274 ab

953 2287 1050 2317 initio
1077 2286 1183 2317 lectus
1210 2291 1308 2323 esset,
1336 2286 1393 2317 sed
1418 2288 1447 2316 ei
1479 2286 1660 2317 Cosconius

955 2330 1125 2370 praelatus,
1155 2330 1222 2370 ipse
1243 2336 1375 2359 mortuo
1402 2329 1537 2359 demum
1562 2328 1661 2360 suffe-

956 2376 1041 2402 ctus.

995 2417 1037 2446 42
1059 2415 1145 2444 m'laez'l
1160 2423 1210 2444 me
1232 2414 1363 2454 turpius
1384 2423 1439 2454 ap.
1464 2412 1560 2453 h.s.]
1587 2413 1661 2444 Du-

954 2467 1029 2488 rum
1038 2463 1088 2487 est
1097 2457 1204 2496 turpis
1215 2457 1306 2496 apud
1317 2458 1459 2487 homines
1468 2457 1506 2487 de
1515 2457 1661 2487 homine.

956 2510 998 2530 an
1014 2499 1144 2539 scripsit
1161 2500 1207 2529 mi
1222 2508 1281 2539 pro
1298 2500 1380 2530 mihi
1393 2500 1408 2528 ?
1431 2499 1518 2540 quod
1533 2503 1567 2529 et
1583 2497 1663 2529 alibi

956 2542 991 2572 in
1016 2542 1107 2572 libris
1131 2543 1306 2581 reperitur,
1329 2541 1430 2572 etiam
1454 2542 1489 2572 in
1511 2541 1561 2571 his
1585 2541 1663 2581 ipsis

958 2584 1106 2625 epistolis
1121 2585 1167 2614 sic
1182 2595 1202 2615 a
1217 2583 1387 2614 nonnullis
1404 2584 1579 2623 aliquoties
1594 2583 1662 2615 edi-

959 2631 1045 2657 tum.

1001 2672 1042 2700 43
1061 2670 1117 2700 sed
1131 2679 1189 2708 ego
1204 2671 1262 2700 hoc
1276 2680 1365 2700 nunc
1379 2668 1527 2709 repudio]
1553 2668 1664 2708 Quare

959 2713 1076 2742 nunc?
1098 2722 1140 2743 an
1164 2712 1228 2743 alio
1244 2720 1394 2752 tempore
1410 2712 1588 2751 accepisset
1605 2717 1665 2742 aut

959 2755 1107 2795 accipere
1119 2755 1271 2786 volebat?
1289 2755 1372 2786 Edd.
1389 2764 1436 2794 pr.
1452 2753 1573 2783 habent
1585 2762 1664 2792 non,

959 2809 977 2828 c
993 2808 1056 2836 quo
1078 2808 1168 2828 nunc
1183 2798 1309 2828 factum
1325 2796 1540 2827 correctione.
1584 2797 1631 2826 At
1646 2807 1666 2826 a

961 2841 1026 2871 Ms.
1044 2840 1157 2871 Ursini
1172 2840 1278 2870 abfuit
1294 2837 1468 2880 particula.
1492 2843 1592 2869 recte.
1616 2837 1665 2869 fa-

963 2889 1053 2914 ctum
1071 2889 1119 2914 est
1136 2893 1199 2913 non
1217 2892 1292 2914 casu
1308 2892 1347 2913 ex
1361 2883 1429 2913 hoc.
1473 2879 1604 2911 Deievi.
