1940 3231
326 119 402 153 512
740 116 923 156 EPIST.
952 119 1029 156 AD
1056 117 1343 163 ATTICUM,

324 218 495 260 cidisse.
526 235 576 262 ea
596 221 637 252 26
652 220 685 261 si
709 222 782 277 qui
817 237 938 264 casus
961 222 1103 277 aliqua
1124 237 1179 265 ex
1216 232 1335 279 parte
1358 224 1653 277 correxerint3
1686 226 1766 268 mi-

324 289 405 316 nus
440 277 615 319 moleste
650 278 834 320 feremus
871 294 948 320 nos
972 279 1144 330 vixisse,
1176 290 1235 321 et*
1256 280 1397 322 adhuc
1436 281 1592 322 vivere.
1653 281 1765 338 Ego,

325 344 501 389 propter
536 336 616 376 viae
649 336 959 387 celebritatem,
991 346 1034 376 et
1065 338 1360 391 quotidianam
1393 338 1765 393 exspectationem

325 404 465 432 rerum
490 407 712 443 novarum,
736 407 818 433 non
844 393 1060 434 commovi
1085 409 1152 434 me
1173 393 1314 436 adhuc
1336 393 1655 436 Thessalonica.
1690 397 1764 437 sed

277 446 410 502 b.jam
445 451 727 500 extrudimur,
762 464 846 490 non
881 464 906 490 a
943 450 1134 501 Plancio,
1156 456 1274 504 (nam
1309 453 1342 492 is
1374 451 1546 507 quidem
1572 453 1762 503 retinet,)

252 944 301 980 15

325 519 470 546 verum
514 507 567 546 ab
610 507 704 561 ipso
738 506 849 557 loco,
879 507 1055 548 minime
1092 509 1292 564 apposito
1322 509 1374 550 ad
1415 509 1677 550 tolerandam
1716 510 1760 551 in

321 572 443 603 tanto
476 562 590 603 luctu
624 563 926 604 calamitatem.
991 564 1042 606 In
1075 564 1254 621 Epirum
1287 566 1399 616 ideo,
1423 575 1468 606 ut
1492 567 1760 622 scripseram,

321 633 406 660 non
433 620 543 669 veni,
566 620 680 674 quod
715 621 859 662 subito
883 621 986 662 mihi
1013 623 1198 663 universi
1233 623 1372 663 nuntii
1399 633 1601 664 venerant
1624 633 1667 664 et
1689 621 1759 664 lit-

321 686 438 726 terae,
458 691 588 730 quare
610 676 717 718 nihil
749 689 860 718 esset
891 693 1062 719 necesse
1093 680 1422 735 quamproxime
1457 679 1627 721 Italiam
1653 695 1758 722 esse.

321 732 436 781 hinc,
460 733 493 773 si
517 733 676 789 aliquid
700 738 776 775 2721
799 736 987 776 comitiis
1011 736 1286 786 audierimus,
1310 751 1385 776 nos
1410 738 1451 777 in
1476 736 1623 778 Asiam
1653 752 1757 778 con-

319 800 532 830 vertemus
551 807 559 832 :
595 806 731 846 neque
753 792 893 832 adhuc
916 793 1072 842 stabat,
1095 807 1181 847 quo
1206 794 1503 850 potissimum:
1537 795 1608 835 sed
1632 795 1755 836 scies.

319 845 422 888 Dat.
448 862 539 889 xu.
567 847 662 889 Kal.
688 850 808 889 Sext.
829 848 1162 890 Thessalonicae.

759 938 995 979 CICERO
1018 937 1247 980 ATTICO
1271 938 1316 979 S.

314 993 555 1047 ACCEPI
593 1005 657 1047 Id.
682 1007 802 1047 Sext.
826 1016 1031 1062 quattuor
1064 1007 1267 1062 epistolas
1289 1022 1314 1047 a
1337 1015 1378 1047 te
1400 1006 1576 1059 missas3
1610 1023 1754 1060 unam,

313 1078 400 1119 qua
419 1078 485 1104 me
507 1063 727 1120 objurgas,
754 1074 798 1104 ut
822 1065 898 1104 sim
922 1065 1108 1115 firmior3
1141 1064 1331 1114 alteram,
1354 1078 1438 1118 qua
1461 1063 1603 1104 Crassi
1627 1065 1755 1106 liber·

312 1131 405 1162 tum
429 1121 490 1162 ais
527 1121 603 1162 tibi
639 1122 692 1162 de
714 1136 808 1161 mea
841 1121 1128 1162 sollicitudine
1164 1122 1385 1175 macieque
1422 1136 1639 1173 narrasse3
1671 1135 1756 1164 ter-

313 1177 432 1228 tiam,
455 1193 540 1233 qua
570 1179 836 1219 demonstras
859 1189 954 1219 acta
977 1179 1019 1218 in
1043 1188 1190 1219 senatu
1211 1195 1221 1229 ;
1253 1188 1449 1233 quartam
1473 1179 1526 1219 de
1547 1193 1613 1230 e0,
1636 1181 1752 1234 quod

310 1251 336 1276 a
359 1235 549 1275 Varrone
571 1235 721 1276 scribis
752 1236 829 1276 tibi
853 1250 944 1276 esse
966 1235 1265 1276 confirmatum
1291 1236 1344 1276 de
1375 1235 1597 1276 voluntate
1621 1235 1753 1278 Pom-

311 1292 412 1348 peii.
472 1292 541 1333 Ad
574 1293 755 1347 primam
789 1293 867 1333 tibi
902 1293 983 1333 hoc
1015 1293 1182 1344 scribo;
1222 1307 1289 1332 me
1314 1293 1372 1332 ita
1403 1293 1562 1343 dolere,
1584 1301 1632 1334 ut
1663 1309 1750 1335 non

309 1350 439 1390 modo
478 1365 504 1390 a
539 1360 682 1389 mente
724 1364 809 1390 non
854 1350 1037 1400 deserar,
1072 1350 1143 1390 sed
1187 1350 1229 1390 id
1272 1350 1411 1405 ipsum
1449 1349 1633 1400 doleam,
1668 1365 1750 1402 me,

309 1416 399 1447 tam
421 1406 544 1447 firma
565 1417 707 1447 mente
731 1407 802 1447 ubi
827 1417 934 1458 utar,
957 1417 1000 1448 et
1034 1407 1307 1462 quibuscum,
1331 1421 1416 1447 non
1445 1406 1617 1448 habere.
1648 1422 1749 1449 nam

310 1463 343 1503 si
370 1473 412 1503 tu
437 1477 506 1503 me
537 1478 624 1503 uno
657 1478 741 1504 non
767 1465 856 1505 sine
895 1478 1074 1505 maerore
1095 1478 1227 1513 careS,
1249 1464 1352 1518 quid
1384 1478 1452 1504 me
1487 1478 1650 1515 censes,
1673 1466 1748 1520 qui

308 1530 351 1561 et
387 1530 429 1561 te
463 1531 504 1561 et
538 1521 768 1562 omnibus?
800 1533 844 1562 et
877 1522 909 1561 si
950 1530 993 1561 tu
1019 1521 1245 1562 incolumis
1280 1535 1347 1561 me
1371 1521 1576 1576 requiris3
1608 1536 1747 1576 ecquo

307 1578 438 1618 modo
472 1593 497 1618 a
532 1592 599 1618 me
636 1579 773 1633 ipsam
808 1578 1145 1633 incolumitatem
1186 1578 1415 1618 desiderari
1452 1581 1604 1633 putas?
1648 1579 1748 1621 nolo

307 1649 658 1685 commemorare,
681 1636 836 1690 quibus
869 1637 992 1685 rebus
1028 1636 1105 1675 sim
1131 1635 1352 1690 spoliatus,
1378 1649 1461 1675 non
1486 1635 1624 1676 solum
1646 1637 1748 1690 quia

307 1707 395 1732 non
419 1692 605 1747 ignoras,
628 1693 701 1733 sed
720 1693 848 1734 etiam
874 1708 926 1734 ne
949 1692 1139 1733 scindam
1165 1694 1256 1747 ipse
1274 1692 1465 1732 dolorem
1487 1706 1644 1733 meum.
1662 1693 1751 1734 hoc

274 1744 278 1745 ⁷
307 1749 532 1800 confirmo,
555 1764 692 1805 neque
726 1751 855 1791 tantis
879 1750 1002 1791 bonis
1024 1764 1115 1790 esse
1139 1750 1351 1804 privatum
1374 1764 1648 1804 quemquam,
1673 1765 1745 1791 ne-

193 2049 224 2080 p.
240 2039 291 2069 46.

280 2092 452 2147 -nguid
472 2092 585 2132 enim
610 2095 730 2134 sum?
753 2094 826 2134 sed
850 2107 933 2134 non
959 2092 1130 2142 faciam,
1154 2102 1197 2132 ut
1214 2102 1288 2133 aut
1311 2102 1432 2132 tuum
1455 2091 1644 2133 animum
1664 2107 1740 2133 an-

307 1821 389 1861 que
413 1807 454 1847 in
479 1815 618 1846 tantas
650 1807 839 1848 miserias
862 1807 1077 1848 incidisse.
1110 1807 1198 1847 dies
1228 1815 1371 1847 autem
1396 1821 1479 1847 non
1505 1807 1634 1848 modo
1657 1821 1744 1849 non

306 1863 420 1904 levat
443 1863 606 1904 luctum
630 1863 759 1914 hunc,
783 1865 854 1905 sed
877 1865 1005 1906 etiam
1030 1873 1174 1918 auget.
1197 1878 1295 1904 nam
1318 1864 1449 1904 ceteri
1473 1863 1639 1904 dolores
1663 1865 1743 1910 mi-

307 1921 501 1976 tigantur
523 1928 762 1973 vetustate3
795 1921 865 1962 hic
897 1937 981 1962 non
1016 1930 1158 1977 potest
1191 1935 1275 1961 non
1303 1930 1346 1960 et
1369 1935 1491 1961 sensu
1518 1921 1741 1976 praesentis

306 1979 504 2028 miseriae,
522 1988 565 2018 et
586 1979 882 2020 recordatione
906 1979 1135 2035 praeteritae
1157 1977 1257 2018 vitae
1274 1978 1469 2033 quotidie
1486 1978 1648 2033 augeri.
1668 1978 1742 2019 de-

306 2035 444 2076 sidero
474 2035 589 2076 enim
622 2050 707 2076 non
740 2050 834 2077 mea
865 2036 1017 2086 solum,
1052 2050 1188 2090 neque
1219 2049 1352 2086 meos,
1380 2035 1452 2075 sed
1484 2049 1552 2075 me
1583 2035 1740 2091 ipsum.

302 2164 400 2204 gam
424 2149 620 2205 querelis,
643 2159 717 2190 aut
748 2150 852 2192 meis
885 2150 1129 2191 vulneribus
1161 2150 1318 2205 saepius
1351 2164 1501 2190 manus
1532 2148 1738 2190 adferam.

304 2207 416 2247 Nam
440 2207 555 2261 quod
580 2222 735 2263 purgas
755 2223 963 2262 eos,quos
986 2222 1068 2263 ego
1092 2207 1196 2248 mihi
1221 2207 1371 2262 scripsi
1395 2206 1612 2258 invidisse,
1632 2215 1674 2247 et
1694 2207 1737 2248 in

301 2264 361 2304 eis
377 2263 586 2305 Catonem
606 2281 614 2306 :
635 2279 716 2320 ego
736 2280 834 2306 vcro
853 2275 1019 2305 tantum
1038 2263 1155 2304 illum
1181 2274 1285 2319 puto
1303 2265 1356 2304 ab
1377 2264 1458 2304 isto
1482 2263 1636 2304 scelere
1660 2264 1736 2304 ab-

301 2320 446 2371 fuisse,
469 2331 516 2361 ut
540 2322 727 2362 maxime
746 2322 928 2372 doleam,
950 2321 1041 2377 plus
1063 2322 1177 2377 apud
1203 2335 1269 2361 me
1291 2320 1606 2361 simulationem
1631 2320 1736 2361 alio-

300 2393 409 2430 rum,
431 2383 471 2413 29
484 2393 613 2434 quam
648 2380 770 2421 istius
804 2380 946 2432 fidem,
972 2378 1166 2419 valuisse.
1197 2381 1238 2408 30
1251 2378 1398 2429 ceteri,
1420 2392 1528 2432 quos
1561 2392 1735 2433 purgas,

1040 2491 1172 2529 tribuit,
1203 2491 1257 2530 qui
1286 2491 1394 2531 palam
1423 2490 1540 2520 inridit
1570 2491 1736 2528 Ciceroni,

1042 2543 1101 2564 nec
1116 2544 1190 2564 cum
1208 2533 1313 2573 specie
1330 2533 1482 2563 amicitia?
1499 2532 1627 2563 fefellit.

1083 2579 1123 2606 30
1145 2577 1254 2610 ceteri,
1280 2576 1536 2614 quos—purgati
1565 2575 1644 2614 esse]
1681 2575 1739 2604 Sia

1039 2617 1091 2648 ed.
1110 2618 1206 2649 Rom.
1229 2617 1316 2652 Aldi,
1335 2618 1406 2648 Asc.
1433 2617 1468 2647 P.
1491 2617 1622 2647 Manat.
1649 2617 1736 2647 Vict.

1039 2660 1139 2700 quue
1163 2672 1180 2691 e
1204 2660 1268 2691 Ms.
1300 2660 1445 2690 Helmst.
1473 2659 1620 2689 restituit
1643 2658 1734 2688 Grae-

342 2493 383 2523 26
404 2494 432 2524 si
456 2494 511 2533 qui
535 2493 886 2532 casus—correxerint]
919 2492 998 2523 Non

299 2535 414 2565 dubito
428 2536 618 2567 Ciceronem
632 2537 794 2576 scripsisse
808 2537 997 2573 correxerit,

299 2578 482 2617 praesertim
499 2588 573 2607 curn
591 2578 676 2608 dicat
694 2580 807 2619 aliqua
822 2588 862 2608 ez·
874 2583 982 2618 parte.

341 2623 380 2654 27
407 2630 428 2649 α
457 2619 608 2659 comitiis]
648 2621 726 2652 Post
748 2621 882 2651 comitia
910 2620 996 2660 quod

298 2666 410 2693 actum
425 2661 478 2691 sit.

340 2707 380 2735 28
403 2704 483 2744 quid
507 2705 594 2734 enim
621 2704 709 2743 sum]
745 2704 797 2735 An
825 2706 880 2744 qui
907 2706 993 2735 enim

296 2747 398 2776 sum?
443 2747 482 2776 ln
509 2747 574 2776 fine
598 2752 659 2783 est,
686 2757 736 2776 me
758 2757 823 2777 esse
836 2748 992 2786 aliquem,

296 2788 447 2828 quoniam
463 2791 518 2828 qui
525 2787 600 2829 fui,
613 2794 645 2818 et
657 2790 712 2828 qui
727 2799 791 2818 esse
798 2791 904 2829 potui,
911 2789 991 2830 jam

294 2841 360 2860 esse
374 2841 438 2861 non
446 2841 590 2872 possum.
610 2836 644 2861 et
659 2832 704 2860 sic
719 2831 794 2861 alibi
811 2831 902 2862 dicit.

338 2876 378 2905 29
393 2883 489 2913 quam
504 2874 598 2904 istius
599 2873 721 2914 fidem]
747 2873 858 2904 Edem
871 2873 991 2906 Catoni

1038 2703 1118 2734 rius.
1163 2702 1223 2733 Ed.
1238 2703 1330 2733 dens.
1346 2702 1460 2731 vitiose
1475 2702 1588 2731 ceteris
1602 2706 1636 2731 et
1654 2710 1733 2740 pro-

1036 2746 1112 2776 bati.
1129 2745 1182 2775 alii
1201 2745 1273 2775 libri
1285 2749 1414 2781 ceteros,
1431 2743 1517 2782 quod
1537 2744 1733 2774 recentions

1035 2788 1110 2818 inde
1126 2798 1144 2818 a
1159 2788 1257 2818 Bosio
1279 2788 1382 2817 secuti
1398 2790 1488 2824 sunt,
1505 2786 1584 2816 item
1601 2786 1734 2826 probata·

1036 2833 1127 2863 Crat.
1144 2830 1288 2870 Hervag.
1304 2833 1366 2860 ἃς.
1434 2831 1439 2836 ’
