1940 3231
411 154 490 195 344
756 150 939 192 EPIST.
966 154 1043 192 AD
1070 156 1117 197 Q.
1144 151 1445 200 FRATREM,

785 256 1042 300 MARCUS
1076 260 1132 306 Q.
1167 258 1394 301 FRATRI
1427 260 1471 301 S.

417 308 515 362 DE
539 323 728 365 Gabinio
749 325 857 366 nihil
879 325 959 366 fuit
983 325 1222 368 faciendum
1256 328 1449 378 istorum,
1471 341 1568 382 quae
1597 327 1838 370 amantissi-

411 391 483 420 me
504 382 544 412 7⁴
557 381 747 436 cogitata
769 391 880 422 sunt.
911 386 982 423 τότε
998 403 1055 434 μοι
1073 387 1179 435 χάνοι.
1212 383 1292 425 feei
1313 399 1479 424 summa
1497 399 1593 424 cum
1615 388 1840 441 gravitate,

412 446 462 476 ut
483 452 630 478 omnes
653 439 855 487 sentiunt,
877 449 919 478 et
942 453 1106 479 summa
1127 454 1223 480 enin
1256 441 1444 491 lenitate,
1467 456 1564 495 quae
1589 441 1685 483 feei.
1720 443 1838 484 illum

409 506 552 549 neque
590 495 690 544 ursi,
726 509 863 550 neque
902 495 1052 536 levavi.
1097 498 1216 537 testis
1252 498 1476 538 vehemens
1516 498 1602 540 fui:
1637 511 1841 553 praeterea

411 551 572 604 quievi.
635 550 811 591 Exitum
839 551 994 606 judicii
1031 551 1194 593 foedum
1230 563 1271 594 et
1309 555 1591 609 perniciosum
1625 555 1838 596 levissime

414 607 507 647 tuli.
569 608 696 653 Quod
730 608 901 664 quidem
938 609 1097 650 bonum
1127 610 1234 650 mihi
1266 626 1379 652 nune
1410 612 1593 668 denique
1613 613 1838 662 redundat,

411 672 462 704 ut
498 663 563 703 his
608 665 726 704 malis
764 665 1009 721 reipublicae
1047 666 1304 722 licentiaque
1343 668 1584 719 audacium,
1620 684 1705 724 qna
1739 680 1838 711 ante

412 721 656 776 rumpebar,
679 736 793 763 nunc
816 737 867 762 ne
889 737 1061 763 movear
1082 724 1270 778 quidem.
1294 724 1398 765 nibil
1418 734 1482 765 est
1499 726 1609 766 enim
1633 727 1839 782 per-ditius

411 776 480 817 his
505 777 765 829 bominibus,
789 779 853 819 his
886 781 1166 835 temporibus.
1227 780 1393 836 Itaque,
1415 796 1469 822 ex
1495 783 1710 837 republica
1732 799 1838 839 quo-

412 833 529 875 niam
560 834 667 876 nihil
691 836 785 889 jam
810 836 1040 891 voluptatis
1068 838 1163 893 capi
1192 848 1356 893 potest:
1389 853 1464 879 cur
1486 840 1740 891 stomacher,
1763 855 1837 881 ne-

406 891 516 932 scio.
580 892 754 934 Littcrae
785 908 867 943 me,
889 903 932 934 et
963 895 1102 935 studia
1128 905 1289 945 nostra5
1309 904 1351 935 et
1373 896 1524 946 otium,
1550 895 1743 951 villaeque
1765 899 1837 938 de·-

409 946 586 1000 lectant,
624 951 897 1005 maximeque
934 952 1051 1006 pueri
1086 953 1233 993 nostri.
1294 952 1429 1007 Angit
1462 965 1569 993 unus
1605 952 1731 994 Milo.
1763 956 1834 996 sed

409 1006 538 1046 velim
572 1007 700 1047 finem
733 1007 881 1048 afferat
912 1009 1182 1050 consulatus:
1214 1009 1257 1049 in
1289 1025 1373 1064 quo
1405 1009 1542 1050 enitar
1572 1024 1654 1049 non
1682 1011 1834 1063 minus,

407 1076 538 1116 quam
562 1078 652 1104 sum
676 1064 817 1106 enisus
840 1064 880 1105 in
907 1075 1076 1107 nostro:
1111 1076 1241 1120 tuque
1265 1067 1405 1115 istinc,
1428 1067 1542 1121 qnod
1570 1066 1690 1116 facis,
1714 1068 1836 1122 adju-

408 1120 545 1160 arabis.
599 1120 666 1161 De
687 1137 788 1176 quo,
804 1133 966 1171 caetera
987 1123 1086 1176 (nisi
1111 1123 1233 1178 plane
1255 1124 1316 1163 vis
1338 1123 1559 1179 cripuerit)
1583 1134 1695 1165 recte
1714 1135 1832 1166 sunt:

401 1176 461 1217 «je
485 1192 527 1218 re
549 1176 745 1219 familiari
771 1180 917 1230 timeo,

769 1245 809 1283 ‘O
829 1245 860 1284 δὲ
876 1246 1026 1295 μαίνεται
1047 1246 1090 1282 ἐκ
1108 1245 1150 1284 ’ἐτ’
1168 1248 1305 1289 amvi&

401 1308 479 1363 oui
504 1309 626 1351 ludos
648 1313 687 1344 75
704 1309 802 1351 H-S
828 1325 913 1352 ccc
939 1319 1172 1365 comparet.
1198 1311 1320 1365 cujus
1349 1311 1390 1351 in
1424 1309 1504 1352 hoc
1534 1325 1619 1352 uno
1650 1311 1836 1354 inconsi-

405 1367 642 1407 derantiam
667 1380 710 1408 et
739 1382 820 1423 ego
851 1368 1086 1418 sustinebo,
1110 1378 1156 1408 ut
1187 1379 1352 1423 potero,
1375 1378 1417 1408 et
1443 1377 1502 1419 tu,
1527 1379 1572 1409 ut
1597 1371 1747 1425 possis,
1770 1380 1835 1412 est

405 1434 577 1465 tuorum
616 1440 857 1466 nervorum.
920 1424 988 1465 De
1028 1435 1147 1465 motu
1192 1435 1434 1480 temporum
1470 1427 1678 1467 venientis
1720 1429 1836 1479 anni,

404 1480 515 1521 nibil
537 1492 578 1522 te
600 1481 836 1538 intelligere
862 1482 1073 1523 volueram
1097 1482 1321 1523 domestici
1345 1482 1526 1534 timoris,
1549 1485 1620 1524 sed
1643 1483 1696 1524 de
1717 1499 1836 1525 com-

405 1539 524 1579 muni
548 1539 795 1594 reipublicae
820 1549 956 1581 statu:
982 1540 1021 1579 in
1046 1555 1131 1594 quo
1150 1540 1318 1580 etiamsi
1340 1539 1445 1580 nihil
1469 1554 1666 1595 procum,
1691 1550 1831 1583 tamen

406 1595 516 1636 nibil
549 1611 696 1637 curare
724 1597 796 1637 vix
831 1611 1016 1652 possum.
1079 1597 1222 1642 Quam
1253 1608 1395 1637 autem
1429 1606 1470 1636 te
1504 1597 1628 1638 velim
1661 1608 1834 1640 cautum

403 1666 497 1693 csse
520 1652 561 1693 in
585 1654 825 1705 scribendo,
847 1668 899 1694 ex
924 1654 1006 1694 hoc
1036 1653 1258 1708 conjicito,
1280 1655 1395 1708 quod
1423 1668 1504 1709 ego
1527 1654 1578 1694 ad
1603 1663 1644 1694 te
1667 1670 1718 1695 ne
1740 1655 1835 1697 haec

399 1709 578 1764 quidem
612 1710 767 1761 scribo,
789 1726 885 1766 quae
919 1711 1057 1767 palam
1090 1711 1132 1751 in
1165 1710 1384 1766 republica
1415 1711 1654 1761 turbantur,
1679 1727 1730 1752 ne
1759 1728 1833 1754 cu-

397 1765 603 1821 jusquam
625 1768 815 1808 animum
841 1782 945 1809 meae
969 1767 1122 1808 litterae
1147 1768 1395 1823 interceptae
1419 1767 1654 1809 offendant.
1688 1769 1833 1815 Quare

401 1823 641 1865 domestica
670 1839 771 1865 cura
802 1835 843 1865 te
875 1825 1061 1865 levatum
1087 1824 1196 1865 volo,
1257 1824 1310 1865 In
1341 1824 1561 1880 republica
1587 1825 1676 1866 scio
1703 1841 1833 1880 quam

402 1880 612 1922 sollicitus
640 1895 731 1922 esse
756 1882 905 1923 soleas.
966 1881 1102 1923 Video
1127 1881 1358 1922 Messalam
1381 1890 1575 1922 nostrum
1598 1884 1831 1936 consulem,

403 1938 444 1971 76
457 1939 491 1979 si
514 1953 589 1993 per
611 1939 882 1995 interregem,
903 1939 993 1980 sine
1009 1939 1204 1994 judicio:
1237 1939 1270 1979 si
1300 1952 1374 1994 per
1395 1939 1664 1991 dictatorem,
1688 1948 1829 1982 tamen

401 1996 494 2036 sine
528 1995 731 2050 periculo.
777 1997 862 2037 odii
899 1995 1006 2037 nibil
1044 1996 1187 2037 habet.
1248 1995 1469 2036 Hortensii
1503 1996 1618 2036 calor
1649 1998 1832 2039 multum

403 2052 576 2094 valebit.
639 2053 816 2095 Gabinii
838 2053 1067 2104 absolutio,
1090 2054 1157 2094 lex
1181 2053 1450 2108 impunitatis
1478 2063 1664 2109 putatur.
1695 2058 1722 2096 ἐν
1741 2075 1830 2110 ποις-

401 2112 503 2164 ίςγῳι
538 2111 590 2151 de
612 2111 823 2152 dictatore
845 2122 985 2152 tamen
1011 2121 1154 2151 actum
1177 2111 1317 2151 adbuc
1340 2110 1445 2151 nibil
1468 2120 1546 2151 est.
1594 2110 1826 2167 Pompeius

402 2168 546 2210 abest:
580 2167 748 2223 Appius
785 2169 958 2210 miscet:
998 2167 1153 2209 Hirrus
1188 2180 1331 2223 parat:
1374 2167 1496 2208 multi
1531 2167 1827 2210 intercessores

380 2235 702 2266 numerantur:
747 2226 928 2280 populus
968 2240 1053 2266 non
1091 2237 1235 2266 curat:
1279 2225 1493 2280 principes
1528 2224 1703 2267 nolunt:
1747 2240 1829 2281 ego

400 2282 589 2336 quiesco.
653 2282 719 2323 De
760 2283 1002 2338 mancipiiS,
1041 2282 1156 2337 quod
1200 2282 1303 2322 mihi
1350 2282 1573 2336 polliceris,
1626 2282 1745 2323 valde
1789 2293 1828 2323 tc

399 2354 521 2380 amo:
555 2350 597 2379 ct
626 2354 718 2380 sum
749 2339 962 2394 equidem,
986 2339 1046 2380 uti
1074 2339 1238 2388 scribis,
1262 2348 1304 2379 et
1328 2338 1497 2388 Romae,
1521 2348 1564 2379 et
1585 2339 1627 2379 in
1652 2339 1823 2394 praediis

398 2396 660 2451 infrequens.
721 2397 804 2436 Sed
838 2411 956 2447 cave,
982 2397 1150 2446 amabo,
1178 2396 1427 2451 quidquam,
1455 2395 1569 2450 quod
1601 2397 1651 2437 ad
1684 2410 1823 2436 meum

395 2454 670 2494 commodum
708 2454 905 2506 attineat,
938 2454 1019 2495 nisi
1053 2454 1244 2495 maximo
1279 2463 1352 2495 tuo
1389 2453 1632 2505 commodo,
1663 2463 1705 2493 et
1737 2467 1826 2494 ma-

435 2614 476 2646 74
497 2612 641 2649 cogitata
662 2610 754 2652 sunt]
779 2621 823 2643 se.
841 2623 858 2642 a
882 2616 925 2642 te.
940 2611 1089 2642 voluerat
1132 2610 1313 2642 Manutius,
1356 2610 1549 2642 'runstauus
1563 2615 1675 2641 tamen
1691 2611 1829 2649 corrigit

392 2653 549 2693 QuintuS,
584 2654 720 2683 fratrem
755 2656 826 2692 ejus
866 2654 1088 2684 defensionem
1131 2655 1410 2691 concertatinnem,
1428 2665 1458 2693 p.
1480 2656 1549 2685 107.
1587 2654 1752 2683 Sustineho
1776 2663 1825 2683 rc-

392 2697 567 2735 suscipere,
598 2696 629 2725 in
663 2697 812 2733 Caesaris,
844 2697 989 2736 Pompeii
1027 2696 1085 2726 &cn
1130 2696 1197 2727 fero
1214 2696 1253 2726 ad
1271 2697 1442 2735 pecuniam
1459 2695 1487 2724 ei
1502 2695 1786 2735 suppeditandum,
1801 2696 1826 2724 si

392 2739 544 2778 gratiam.
1131 2738 1296 2777 indigeat:
1321 2737 1352 2766 id
1368 2742 1458 2777 patet
1474 2748 1511 2767 ex
1526 2748 1577 2774 en,
1592 2737 1677 2776 quod
1692 2737 1724 2766 id
1747 2737 1828 2767 dicit

435 2782 474 2813 75
498 2779 670 2818 HScce]
702 2779 887 2810 Nun-‚erum
909 2779 998 2810 hunc
1019 2789 1086 2810 esse
1131 2790 1198 2811 esse
1215 2789 1388 2809 nemorum
1403 2780 1533 2819 Quinti.

384 2824 477 2860 justo
500 2823 674 2857 minorem,
698 2827 794 2861 atque
817 2822 896 2852 adeo
918 2823 1084 2857 vitiosum,
1171 2823 1212 2855 76
1240 2823 1267 2851 si
1288 2831 1350 2861 per
1370 2820 1581 2861 interregem]
1607 2821 1668 2850 int.
1692 2821 1826 2855 comitia

390 2865 424 2894 iu
446 2864 558 2894 oeulos
580 2865 728 2895 incurrit.
754 2874 828 2894 (nox
845 2864 1083 2894 inconsict'cran-
1129 2864 1345 2897 habebuntur..
1361 2865 1402 2896 cf.
1422 2863 1491 2897 Ati..
1509 2864 1548 2898 V,
1569 2865 1615 2895 152.

389 2908 472 2938 tiam
483 2907 552 2939 dedi
565 2916 622 2947 pro
633 2907 917 2944 considerantiam„
929 2910 965 2938 ut.
978 2905 1083 2938 voluit
