1940 3231
647 132 864 172 LIBER
902 132 997 170 XII.
1487 137 1564 175 753

113 235 362 294 colloqui03
394 253 580 296 cumque
610 253 737 280 mane
767 252 836 278 me
868 237 910 276 in
941 235 1091 276 silvam
1115 235 1301 276 abstrusi
1325 236 1499 278 densam
1523 248 1568 278 et

116 309 327 350 asperam,
351 312 438 338 non
470 312 579 338 exeo
611 296 710 337 inde
731 304 831 335 ante
853 307 1096 349 vesperum.
1119 292 1356 333 secundum
1381 303 1436 344 te⁷
1459 295 1568 336 nihil

114 361 182 392 est
210 353 318 395 mihi
350 355 530 395 amicius
562 351 808 394 solitudine.
851 351 895 392 in
938 364 988 391 ea
1018 349 1126 391 mihi
1158 350 1299 390 omnis
1331 364 1470 391 sermo
1501 362 1568 393 est

117 423 217 450 cum
255 411 425 453 litteris.
458 425 556 452 eum
592 421 735 451 tamen
779 408 1024 465 interpellat
1062 408 1214 448 fletus:
1247 406 1318 448 cui
1354 412 1581 463 repugno,'

114 468 259 520 quoad
296 483 482 523 possum.
520 468 593 508 sed
629 467 772 508 adhuc
812 481 933 523 pares
973 480 1061 506 non
1101 479 1262 506 sumus.
1327 464 1479 512 Bruto,
1520 477 1568 507 ut

116 525 284 576 suades,
316 526 564 567 rescribam.
597 539 666 566 eas
698 525 863 565 litteras
895 537 988 565 cras
1020 523 1218 564 habebis.
1250 536 1351 564 cum
1382 522 1465 563 erit
1496 523 1566 564 cui

113 581 204 634 des,
226 583 363 623 dabis.

547 649 784 692 CICERO
816 648 1047 691 ATTICO
1082 648 1125 690 S.
1585 645 1636 686 16

113 706 215 770 TE,
239 718 323 759 tuis
356 718 545 776 negotiis
580 719 755 770 relictis,
790 718 891 759 nolo
914 718 968 759 ad
1004 731 1073 758 me
1105 717 1275 758 venire:
1313 731 1397 773 ego
1421 716 1567 772 potius

114 777 332 826 accedam,
348 776 381 816 si
396 778 560 817 diutius
584 777 835 833 impediere.
856 776 937 817 etsi
961 789 1014 815 ne
1030 775 1322 815 discessissem
1344 775 1519 830 quidem
1544 789 1568 816 e

110 843 348 890 conspectu
373 843 464 885 tuo,
483 834 563 875 nisi
588 849 656 875 me
678 834 801 890 plane
821 833 927 874 nihil
952 832 1038 873 ulla
1061 847 1125 872 res
1145 831 1386 887 adjuvaret.
1411 833 1567 887 quodsi

110 902 223 931 esset
245 891 421 947 aliquod
453 891 664 943 levamen,
691 891 733 932 id
756 901 867 932 esset
890 891 932 932 in
966 899 1007 931 te
1030 905 1139 931 uno:
1172 900 1230 941 et,
1254 905 1352 930 cum
1377 891 1568 946 primum

109 949 166 989 ab
196 948 342 1004 aliquo
366 950 527 1007 poterit
549 964 655 1000 esse,
679 965 703 990 a
725 959 767 990 te
790 949 884 989 erit.
918 962 1034 988 nunc
1057 957 1200 988 tamen
1234 947 1373 1003 ipsum
1411 948 1502 989 sine
1524 958 1567 988 te

108 1019 202 1047 esse
233 1021 318 1048 non
352 1021 544 1063 possum.
583 1007 655 1047 sed
688 1021 767 1048 nec
800 1016 885 1047 tuae
909 1005 1027 1047 domi
1051 1005 1332 1060 probabatur,
1357 1020 1435 1046 nec
1458 1020 1566 1046 meae

107 1073 332 1119 poteran13
357 1080 449 1116 nec,
468 1065 499 1105 si
525 1065 702 1120 propius
722 1078 858 1104 essem
878 1063 1062 1119 uspiam,
1079 1072 1222 1103 tecum
1247 1072 1390 1103 tamen
1414 1077 1566 1104 essem.

109 1121 222 1163 idem
265 1123 378 1163 enim
423 1134 463 1162 te
502 1122 747 1176 impediret,
780 1135 866 1176 quo
897 1121 1040 1162 minus
1076 1134 1246 1161 mecum
1280 1134 1407 1170 esseS,
1450 1120 1569 1176 quod

107 1193 225 1220 nunc
248 1179 378 1220 etiam
419 1179 615 1236 impedit.
659 1179 767 1219 mihi
793 1178 935 1219 adhuc
958 1176 1067 1219 nihil
1093 1177 1208 1232 prius
1234 1177 1317 1217 fuit
1348 1177 1429 1218 hac
1465 1178 1567 1218 soli-

109 1236 285 1278 tudine:
320 1252 449 1292 quam
477 1250 636 1287 vereor,
660 1238 698 1267 58
713 1250 767 1276 ne
794 1235 1025 1290 Philippus
1060 1233 1195 1276 tollat.
1229 1234 1320 1275 heri
1355 1235 1469 1275 enim
1497 1250 1566 1276 ve-

108 1295 220 1350 speri
254 1304 444 1336 venerat.
506 1293 586 1335 Me
619 1293 799 1349 scriptio
825 1302 868 1334 et
890 1292 1046 1334 litterae
1076 1307 1162 1333 non
1186 1292 1367 1344 leniunt,
1392 1293 1464 1333 sed
1488 1293 1568 1334 ob..

106 1352 299 1393 turbant.

553 1440 791 1484 CICERO
822 1439 1054 1482 ATTICO
1087 1440 1131 1481 S.
1585 1455 1632 1496 17

105 1498 500 1555 MARCIANUS
533 1513 586 1554 ad
619 1526 687 1552 me
719 1511 906 1566 scripsit,
934 1524 1004 1550 me
1034 1518 1292 1550 excusatum
1322 1524 1414 1551 esse
1446 1511 1562 1566 apud

103 1571 340 1627 Apuleium
364 1586 385 1611 a
421 1570 658 1620 Laterensi,
683 1568 875 1618 Nasone,
901 1568 1094 1618 Laenate,
1117 1566 1355 1622 Torquato,
1370 1568 1557 1615 Strabo-
1573 1571 1605 1604 b.

104 1644 173 1670 ne.
206 1629 257 1669 iis
283 1628 408 1668 velim
433 1630 580 1668 59meo
614 1627 789 1667 nomine
822 1625 1059 1666 reddendas
1092 1625 1257 1666 litteras
1289 1640 1427 1676 cures,
1462 1640 1560 1682 gra-

103 1696 197 1727 tum
223 1686 327 1727 mihi
349 1701 421 1726 eos
447 1684 614 1726 fecisse.
678 1683 808 1730 Quod
834 1697 911 1738 pro
936 1682 1177 1723 Cornificio
1203 1697 1270 1723 me
1290 1683 1451 1725 abhinc
1470 1699 1561 1724 arn—

102 1744 216 1801 plius
239 1743 363 1784 annis
388 1757 491 1783 xxv
526 1741 810 1798 spopondisse
841 1740 949 1780 dicit
974 1739 1173 1781 Flavius:
1212 1740 1292 1780 etsi
1325 1741 1367 1770 60
1381 1755 1476 1781 reus
1499 1741 1562 1782 lo-

101 1801 250 1857 cuples
273 1812 352 1852 est,
371 1810 414 1841 et
437 1799 646 1855 Apuleius
671 1798 905 1855 praediatOr
924 1797 1137 1848 libe1·alis;
1173 1807 1316 1838 tamen
1337 1798 1465 1839 velim
1486 1798 1560 1839 des

101 1873 294 1915 operam,
330 1869 377 1899 ut
409 1858 643 1912 investiges
675 1871 730 1897 ex
762 1869 1106 1911 consponsorum
1140 1855 1313 1906 tabulis,
1338 1855 1449 1896 sitne
1484 1856 1559 1897 ita.

100 1916 210 1957 mihi
233 1916 348 1956 enim
375 1926 474 1959 ante
497 1915 751 1956 aedilitatem
774 1927 915 1953 meam
939 1912 976 1955 531
997 1912 1106 1952 nihil
1130 1923 1224 1952 erat
1246 1927 1345 1953 cum
1370 1911 1560 1954 Cornifi-

101 1975 186 2016 cio.
220 1982 364 2029 potest
396 1983 537 2014 tamen
572 1972 679 2013 fieri.
718 1971 790 2011 sed
824 1971 932 2011 scire
963 1981 1130 2010 certum
1167 1970 1321 2022 velim3
1362 1979 1404 2011 et
1426 1971 1467 2001 62
1483 1985 1560 2026 ap-

100 2031 232 2089 pelles
258 2040 572 2086 procuratores,
598 2030 630 2070 si
657 2029 736 2070 tibi
758 2029 941 2069 videtur.
975 2041 1238 2082 quamquam
1261 2027 1365 2085 quid
1388 2027 1441 2068 ad
1464 2030 1560 2070 me?

99 2098 414 2129 verumtamen..
452 2087 603 2128 Pansae
629 2086 944 2143 profectionem
970 2085 1145 2135 scribes,
1169 2099 1267 2126 cum
1292 2085 1415 2126 scies.
1475 2084 1558 2126 At-

99 2146 232 2187 ticam
256 2145 417 2187 salvere
441 2145 567 2201 jube,
589 2154 633 2185 et
655 2158 750 2185 eam
772 2158 875 2184 cura
905 2143 1085 2184 obsecro
1119 2142 1366 2199 diligenter.
1431 2141 1556 2184 Piliae

99 2204 297 2246 salutem.

492 2329 495 2331 ,
536 2274 773 2316 cronno
804 2272 1035 2315 ATTICO
1069 2273 1113 2314 s,
1572 2281 1621 2322 18

101 2334 261 2386 DUM
287 2343 606 2386 recordationes
644 2342 782 2399 fugio,
805 2357 902 2397 quae
936 2341 1057 2397 quasi
1084 2355 1227 2381 morsu
1259 2339 1449 2395 quodam
1476 2340 1554 2382 do-

97 2402 233 2444 lorem
265 2403 476 2451 efficiunt,
500 2400 669 2456 refugio
694 2416 718 2440 a
741 2411 782 2441 te
813 2399 1102 2440 admonendo.
1135 2397 1250 2453 quod
1286 2398 1413 2438 velim
1445 2399 1555 2440 mihi

99 2461 320 2516 ignoscas,
354 2459 620 2501 cuicuimodi
656 2466 736 2498 est.
768 2457 930 2499 etenim
964 2456 1105 2497 habeo
1139 2455 1370 2496 nonnullos
1393 2469 1449 2497 ex
1489 2457 1555 2509 iis,

100 2532 209 2573 quos
249 2532 366 2559 nunc
399 2517 565 2568 lectito,
589 2525 800 2568 auctores,
835 2514 909 2570 qui
941 2514 1104 2565 dicant,
1134 2513 1224 2557 fieri
1259 2511 1304 2553 id
1337 2523 1554 2569 oportere,

143 2694 181 2722 53
205 2700 246 2720 ne
261 2690 439 2731 Philippus
455 2691 564 2731 tollat]
593 2700 626 2721 v.
646 2690 686 2721 ad
703 2700 756 2731 ep.
770 2693 803 2724 9.
891 2689 926 2719 Gt
954 2689 1037 2719 nihil
1050 2694 1124 2719 erat
1142 2699 1218 2720 cum
1240 2688 1425 2730 Cornificio]
1457 2688 1553 2719 Nihil

97 2734 153 2764 sed
170 2734 293 2764 frustra
305 2735 457 2766 timebat.
475 2745 504 2764 ν.
521 2745 573 2774 ep.
594 2736 642 2765 18.
848 2741 924 2761 cum
939 2741 978 2762 eo
994 2732 1118 2771 negotii
1134 2732 1167 2761 in
1184 2743 1217 2762 re
1235 2732 1425 2772 pecuniaria
1440 2731 1552 2762 habui.

142 2779 182 2810 59
208 2785 274 2805 meo
301 2777 431 2806 mmme
459 2777 643 2807 reddendas
672 2774 800 2815 liceras]
848 2774 988 2804 aedilitas
1012 2774 1183 2804 Ciceronis
1198 2785 1218 2804 τι
1233 2774 1388 2815 praesenti
1404 2778 1554 2813 tempore

98 2818 170 2848 scil.
186 2824 224 2848 ut
240 2827 340 2858 supra
358 2819 419 2852 XI.
437 2822 467 2850 2.
483 2822 512 2852 7.
532 2821 592 2850 ἃς.
848 2826 916 2846 non
932 2817 1046 2847 aberat
1063 2817 1169 2847 XXV.
1186 2817 1293 2847 annis.

140 2861 184 2891 60
206 2870 283 2890 reus
306 2861 458 2900 locuples]
488 2872 563 2892 retes
581 2873 600 2893 a
616 2870 681 2902 quo
705 2871 805 2902 pecu·
891 2860 933 2890 62
956 2860 1096 2899 appelles
1106 2857 1353 2901 procuratores]
1384 2857 1554 2897 Cornificii

97 2904 155 2943 pia
173 2904 308 2943 petitur.
325 2913 354 2933 ν.
373 2904 467 2934 Clav.
850 2912 888 2931 ex
906 2912 958 2942 ep.
979 2904 1027 2933 14.

163 2959 447 2989 ¹0·01..111.1³.
473 2960 530 2989 ιι.
795 2949 819 2985 3
847 2957 870 2984 c
