1940 3231
325 156 403 191 556
737 152 918 192 EPIST.
945 153 1023 191 AD
1048 152 1335 197 ATTICUM,

322 254 545 311 republica
566 255 726 298 scribas
750 257 802 298 ad
825 271 893 299 me
923 257 1065 308 velim,
1089 257 1122 298 si
1144 257 1247 313 quid
1269 257 1363 307 erit,
1385 256 1499 312 quod
1519 258 1756 313 opperiare.

321 312 516 354 nondum
537 313 652 353 enim
675 314 777 355 satis
798 313 883 356 huc
900 324 991 355 erat
1012 314 1201 365 allatum,
1228 317 1262 348 17
1273 314 1490 370 quomodo
1505 313 1650 356 Caesar
1672 315 1756 357 fer-

322 378 388 410 ret
408 369 461 410 de
482 369 738 410 auctoritate
759 371 1018 426 perscripta:
1050 380 1224 427 eratque
1254 385 1398 412 rumor
1422 373 1458 401 18
1471 370 1523 411 de
1544 369 1758 428 Transpa-

323 425 460 476 danis,
482 440 553 466 eos
577 426 721 480 jussos
746 427 947 468 1111viros
980 441 1136 469 creare.
1169 428 1284 483 quod
1315 428 1349 469 si
1380 428 1440 468 ita
1464 436 1544 480 est,
1575 442 1757 484 magnos

323 492 468 524 motus
491 483 637 523 timeo.
661 483 732 523 sed
755 483 915 539 aliquid
934 498 989 525 ex
1013 483 1222 540 Pompeio
1245 485 1390 525 sciam.

288 557 314 595 3
757 563 991 607 CICERO
1022 565 1249 608 ATTICO
1281 568 1325 609 S.

326 625 396 677 A.
422 633 480 674 D.
505 646 552 673 v1
587 630 655 672 Id.
684 629 794 672 Mai.
831 633 925 674 veni
957 633 998 673 in
1030 632 1318 675 Trebulanum
1354 635 1404 676 ad
1440 634 1661 676 Pontium.
1696 634 1759 677 ibi

326 689 433 730 mihi
459 700 543 730 tuae
573 688 727 730 litterae
763 689 874 731 binae
907 690 1084 731 redditae
1118 700 1214 731 sunt
1248 692 1373 731 tertio
1395 693 1469 732 abs
1500 702 1541 732 te
1563 692 1655 734 die:
1687 707 1760 733 eo-

326 745 424 786 dem
455 756 614 796 autem,
643 760 697 786 ex
730 745 881 787 Pansae
918 746 1182 803 Pompeiano
1216 747 1451 789 Philotimo
1481 749 1678 790 dederam
1707 748 1760 789 ad

327 810 371 841 te
404 803 579 843 litteras.
611 817 689 843 nec
712 817 811 843 vero
835 817 948 844 nunc
969 813 1059 843 erat
1090 819 1202 855 sane,
1225 805 1339 859 quod
1368 805 1610 846 scriberem.
1671 805 1759 852 Qui

327 859 382 901 de
412 859 629 916 republica
661 873 866 910 rumoreS,
891 860 1028 900 scribe
1049 875 1210 914 quaeso.
1242 862 1284 901 in
1309 861 1479 916 oppidis
1500 862 1613 902 enim
1646 877 1763 904 sum-

325 932 447 958 mum
471 916 594 957 video
617 916 839 968 timorem3
872 917 943 957 sed
974 916 1108 957 multa
1131 917 1287 958 inania..
1310 917 1411 971 quid
1435 917 1486 958 de
1509 918 1560 958 iis
1581 920 1762 974 cogiteS,

331 977 422 1014 19et
443 973 629 1028 quando,
654 973 760 1013 scire
784 973 926 1015 velim.
984 973 1052 1014 Ad
1075 988 1178 1028 quas
1201 974 1362 1015 litteras
1385 974 1464 1014 tibi
1494 975 1666 1015 rescribi
1692 990 1764 1016 ve-

327 1029 394 1081 lis,
429 1031 588 1071 nescio.
629 1029 762 1070 nullas
801 1031 915 1070 enim
952 1030 1091 1071 adhuc
1122 1045 1384 1086 acceperam,
1423 1041 1578 1087 praeter
1612 1033 1763 1086 20quae

328 1088 434 1129 mibi
471 1088 582 1128 binae
605 1086 734 1127 semel
765 1087 807 1127 in
830 1087 1071 1129 Trebulano
1094 1088 1270 1128 redditae
1293 1098 1416 1129 sunt:
1449 1102 1627 1143 quarum
1659 1089 1764 1130 alte-

330 1160 389 1186 rae
414 1147 449 1175 ⁶2¹
468 1145 656 1185 edictum
682 1143 731 1184 P.
757 1144 910 1185 Licinii
935 1145 1165 1195 habebant,
1187 1149 1326 1197 (erant
1347 1153 1490 1185 autem
1515 1145 1630 1186 Non.
1654 1145 1765 1186 Mai.

331 1203 479 1252 datae‚)
502 1201 646 1242 alterae
679 1201 896 1256 rescriptae
931 1202 983 1242 ad
1013 1216 1126 1243 meas
1163 1201 1501 1242 Minturnenses.
1535 1217 1661 1257 quam
1694 1217 1766 1243 ve-

331 1274 440 1309 reor,
459 1273 510 1299 ne
527 1258 629 1313 quid
649 1257 774 1298 fuerit
798 1259 1024 1312 σπεδιιιότεςον
1047 1259 1088 1298 in
1113 1258 1177 1310 iis,
1197 1273 1301 1313 quas
1320 1273 1404 1299 non
1429 1259 1590 1314 accepi,
1609 1259 1766 1314 quibus

331 1316 506 1361 rescribi
532 1316 607 1355 vis.
655 1314 785 1370 Apud
811 1313 1039 1354 Lentulum
1061 1317 1101 1345 22
1116 1329 1272 1370 ponam
1297 1324 1337 1356 te
1360 1316 1400 1355 in
1426 1317 1624 1371 gratiam.
1658 1315 1769 1356 Dio-

330 1374 480 1428 nysius
499 1372 624 1413 nobis
649 1371 766 1412 cordi
789 1379 867 1412 est.
901 1370 1092 1412 Nicanor
1115 1382 1211 1412 tuus
1231 1386 1402 1427 operam
1423 1373 1527 1413 mihi
1551 1373 1624 1413 dat
1647 1386 1769 1428 egre-

333 1431 464 1486 giam.
524 1428 624 1471 Jam
646 1428 780 1480 deest,
802 1431 840 1459 23
851 1427 966 1482 quod
988 1429 1197 1481 scribam3
1229 1439 1271 1469 et
1294 1429 1419 1469 lucet.
1478 1432 1518 1460 24
1533 1429 1770 1470 Beneventi

289 1498 321 1529 b.
335 1486 583 1542 cogitabam
605 1485 747 1533 hodie.
779 1496 926 1526 nostra
946 1486 1213 1527 continentia
1231 1494 1274 1526 et
1295 1486 1519 1542 diligentia
1540 1490 1579 1518 25
1593 1501 1683 1528 esse
1704 1501 1772 1527 sa-

335 1544 616 1587 tisfaciemus.
638 1543 754 1584 satis.
786 1541 826 1583 A
851 1541 1024 1595 Pontio,
1046 1557 1101 1584 ex
1123 1542 1365 1583 Trebulano
1388 1558 1425 1583 a.
1448 1543 1490 1584 d.
1515 1558 1541 1584 v
1565 1542 1631 1585 Id.
1657 1543 1769 1585 Mai.

294 1638 323 1676 4
770 1631 1004 1673 CICERO
1036 1630 1262 1673 ATTICO
1296 1631 1339 1672 S.
1938 1586 1940 1696 i

220 1691 784 1764 P·72·BENEVENTUM
809 1700 905 1742 veni
927 1715 965 1741 a.
988 1699 1030 1740 d.
1056 1713 1082 1740 v
1107 1698 1174 1741 Id.
1199 1699 1309 1740 Mai.
1342 1699 1400 1740 ibi
1429 1699 1576 1755 accepi
1607 1713 1677 1740 eas
1699 1698 1770 1741 lit-
1939 1697 1940 1774 l

317 1756 462 1810 ‘teras,
485 1774 588 1814 quas
612 1767 656 1799 tu
680 1757 970 1813 superioribus
991 1757 1144 1797 litteris
1167 1756 1486 1813 significaveras
1510 1766 1551 1798 te
1572 1756 1738 1798 dedisse
1759 1774 1770 1799 :
1939 1786 1940 1816 ἶ

335 1817 377 1848 26
388 1817 441 1858 ad
465 1831 568 1873 quas
590 1830 672 1872 ego
696 1816 790 1871 ipso
812 1829 863 1856 eo
884 1814 953 1855 die
976 1814 1175 1855 dederam
1205 1829 1260 1855 ex
1282 1813 1526 1855 Trebulano
1547 1829 1572 1855 a
1595 1813 1771 1856 Pontio.
1939 1818 1940 1821 ’

379 1976 416 2008 17
431 1984 461 2014 q.
481 1973 515 2004 C.
519 1972 557 2013 f.
571 1974 610 2004 de
623 1972 820 2003 auctoritate
829 1970 1030 2012 perscripta]
1118 1972 1159 2002 22
1177 1980 1300 2010 ponam
1323 1975 1354 2001 te
1374 1972 1410 2001 in
1429 1970 1595 2010 gratiam]
1617 1970 1706 2001 Alias
1721 1970 1777 2001 Ci-

334 2026 378 2048 sc.
395 2017 566 2053 nuncium,
580 2019 731 2045 senatum
743 2014 931 2051 decrevisse,
945 2013 1034 2043 Mar·
1077 2023 1150 2043 cero
1165 2012 1246 2043 dicit
1266 2014 1301 2043 z'n
1320 2014 1449 2050 gratia,
1467 2013 1553 2052 quod
1569 2018 1603 2043 et
1626 2012 1700 2043 viris
1716 2012 1775 2042 do·

335 2058 418 2089 cello
446 2058 618 2095 referente,
636 2062 674 2087 ut
697 2057 724 2087 ei
748 2056 989 2093 succederetur,
1004 2055 1033 2085 ei
1077 2055 1138 2085 ctis
1153 2054 1271 2095 placet.
1318 2055 1379 2085 Ed.
1394 2055 1492 2085 Rom.
1507 2054 1608 2086 habet
1621 2054 1775 2086 Lentulo.

334 2104 448 2132 tamen
465 2101 553 2130 SCto
570 2100 783 2130 intercessum
799 2108 877 2128 esse.
1074 2098 1167 2128 Jens.
1183 2097 1365 2127 Lentulum
1381 2097 1451 2127 sine
1465 2097 1565 2137 apud.

381 2146 418 2174 18
448 2143 486 2172 de
522 2142 662 2181 Transp.
692 2151 742 2171 eos
760 2139 870 2181 jussos
898 2138 1035 2171 IVviros
1117 2141 1157 2171 23
1195 2140 1280 2179 quod
1312 2139 1468 2179 scribam]
1508 2138 1580 2170 edd.
1614 2148 1663 2179 pr.
1691 2137 1777 2170 male

335 2185 463 2224 creare]
488 2184 714 2224 Transpadani
736 2182 955 2222 intelligendi,
979 2182 1034 2220 qui
1076 2181 1165 2220 quid.
1189 2181 1275 2211 male
1297 2183 1438 2212 servavit
1450 2181 1611 2218 Graevius,
1626 2190 1702 2211 cum
1725 2191 1777 2222 ep.

329 2228 387 2267 jus
408 2227 564 2258 Latinum
589 2226 761 2262 haberent,
776 2224 867 2255 velut
884 2224 1034 2261 coloniae,
1078 2226 1107 2253 5.
1124 2223 1196 2253 init.
1213 2223 1280 2263 ipse
1296 2222 1421 2254 dederit
1436 2224 1532 2260 deest,
1547 2223 1632 2263 quod
1644 2232 1708 2253 scr.

336 2279 411 2309 quae
427 2269 470 2299 ibi
486 2274 606 2300 essent.
630 2277 684 2298 eos
709 2266 882 2307 Pompeius
904 2266 1035 2297 volebat
1119 2267 1160 2297 24
1172 2265 1350 2296 Beneventi
1362 2266 1547 2305 cogitabam
1556 2265 1603 2305 1ι.]
1622 2264 1683 2295 int.
1696 2274 1778 2297 esse.

337 2312 484 2352 accipere
513 2313 569 2350 jus
598 2310 866 2350 municipiorum,
895 2313 934 2339 ut
969 2308 1035 2338 Ro·
1078 2307 1140 2338 Sed
1156 2307 1269 2338 malim
1285 2307 1522 2344 Beneventum,
1538 2317 1614 2337 cum
1633 2307 1777 2344 Graevio,

339 2363 429 2384 marn
452 2355 562 2384 venire
584 2361 698 2383 omnes
719 2357 754 2382 et
777 2351 931 2391 suffragia
953 2351 1036 2381 ferre
1079 2349 1157 2388 quia
1182 2350 1219 2380 in
1255 2349 1316 2381 hac
1346 2350 1452 2381 forma
1482 2350 1544 2380 iter
1578 2348 1778 2389 intelligitur

339 2400 492 2435 possent:
516 2395 772 2435 municipiorum
794 2398 905 2424 autem
933 2393 1037 2432 magi-
1080 2391 1170 2423 alibi.

338 2441 462 2468 stratus
477 2438 585 2468 IVviri
606 2442 712 2468 erant.
755 2436 819 2468 Res
842 2439 995 2466 narratur
1016 2445 1036 2465 a
1119 2436 1159 2464 25
1181 2443 1246 2463 esse
1259 2431 1513 2473 satisfaciemus]
1533 2442 1597 2464 esse
1618 2432 1710 2463 abest
1723 2432 1776 2464 ed.

340 2478 461 2510 Dione.
1078 2476 1209 2506 Graevii.
1225 2484 1299 2514 quae
1320 2475 1478 2505 correctio
1501 2475 1669 2505 facillima.
1715 2473 1780 2505 Sed

387 2525 423 2555 19
437 2525 467 2552 et
481 2521 623 2561 quando]
642 2521 676 2551 Si
691 2530 770 2552 sana
783 2519 882 2551 lectio
893 2522 955 2557 est,
973 2519 1034 2549 int.
1079 2519 1132 2548 vix
1155 2522 1206 2548 est
1224 2528 1244 2549 a
1266 2517 1418 2548 librariis.
1442 2527 1483 2547 an
1500 2517 1614 2548 Cicero
1629 2516 1717 2547 dedit
1739 2526 1780 2546 ex

339 2563 469 2602 quando
485 2563 635 2593 futurum
651 2563 694 2592 sit
709 2562 832 2601 aliquid
845 2561 883 2592 de
898 2561 1035 2602 oppidis.
1081 2570 1150 2591 asse
1160 2561 1176 2590 ?

339 2606 500 2640 Pertinet,
516 2605 645 2644 opinor,
661 2604 702 2635 ad
714 2603 984 2644 Transpadanam
999 2603 1038 2633 il·
1122 2603 1163 2633 26
1185 2602 1231 2633 ad
1242 2611 1324 2641 quas
1337 2610 1394 2639 ego
1407 2600 1472 2640 ipse
1487 2610 1520 2630 eo
1534 2600 1586 2631 die
1599 2600 1631 2630 d.
1645 2610 1685 2630 ex
1701 2597 1783 2630 Tre-

339 2646 407 2678 lam
421 2656 565 2684 causam,
583 2646 621 2677 de
636 2657 699 2685 qua
712 2657 763 2686 ep.
778 2646 948 2686 superiori.
1082 2645 1200 2674 bulanu
1235 2644 1278 2674 L.
1308 2642 1441 2682 Pontio]
1480 2642 1572 2673 Male
1607 2643 1673 2681 ipse
1707 2641 1781 2672 edd.

383 2692 425 2720 20
438 2698 508 2729 quoe
521 2689 601 2720 mihi
616 2689 696 2719 bime
709 2689 807 2718 semel
818 2698 847 2718 r.
861 2687 902 2728 s-]
927 2687 1040 2719 Placet
1081 2686 1192 2726 vulgg.
1209 2686 1342 2717 Correxi
1363 2685 1430 2724 ipso
1451 2694 1486 2714 eo
1506 2685 1570 2722 die,
1593 2688 1633 2714 ut
1658 2683 1782 2714 habent

341 2729 453 2763 Ursini
470 2732 659 2771 conjectura
672 2731 782 2760 simul.
1083 2728 1155 2759 edd.
1171 2728 1262 2758 JenS.
1285 2727 1357 2757 Ald.
1375 2727 1433 2756 διο.
1455 2726 1553 2757 Rom.
1569 2736 1604 2757 eo
1627 2727 1693 2765 ipso
1714 2726 1780 2762 die,

381 2776 416 2806 2²
444 2774 586 2804 edictum
612 2772 657 2804 P.
681 2771 817 2811 Licinii]
841 2769 947 2810 Quale
969 2770 1039 2801 fue·
1081 2771 1183 2801 etiam
1207 2769 1324 2800 lenius.
1347 2773 1421 2798 tum
1444 2767 1515 2799 dedi
1540 2778 1563 2799 α
1585 2767 1718 2805 Pontio,
1741 2771 1781 2798 ut

338 2815 397 2852 rit,
421 2816 604 2856 ignoratur.
650 2815 776 2845 Putant
798 2812 940 2852 intelligi
965 2822 1041 2852 pro-
1081 2816 1132 2843 est
1160 2812 1195 2842 in
1219 2811 1285 2842 fine
1311 2810 1441 2851 prioris,
1467 2810 1524 2843 ubi
1545 2814 1581 2844 et
1604 2810 1656 2843 ed.
1681 2810 1781 2843 Rom.

336 2857 490 2895 vinciale‚
513 2857 600 2897 quod
615 2856 729 2888 Cicero
752 2856 871 2886 habere
886 2855 1040 2894 voluerit,
1081 2854 1182 2888 habet
1196 2854 1239 2888 L.
1256 2853 1388 2889 Pontio.

337 2903 379 2944 ut
392 2909 432 2933 eo
444 2900 494 2932 uti
508 2900 544 2933 in
558 2909 617 2932 suo
629 2897 857 2941 componendo
875 2901 997 2940 posset.
1268 2896 1271 2899 “
