1940 3231
377 171 458 210 ⁸74—
795 167 975 206 EPIST.
1002 167 1081 206 AD
1106 161 1389 214 Armenii,

378 271 711 327 depugnabitur.
744 287 876 328 puero
906 274 1142 330 municipia
1172 275 1278 316 mire
1307 273 1467 315 faverit.
1492 272 1571 325 iter
1593 276 1704 317 euim
1740 276 1801 319 fa-

378 328 496 370 ciens
518 328 562 371 in
584 328 807 371 Samnium
829 331 947 371 venit
970 330 1107 382 Cales,
1130 331 1286 374 mansi-t
1317 330 1466 372 Teani.
1489 331 1669 373 mirifica
1694 337 1802 373 εἰπάν-

376 407 482 436 τηως,
503 396 545 428 et
567 386 826 429 cohortatio.
847 386 931 428 hoe
954 398 997 428 tu
1028 398 1197 444 putares
1213 392 1229 431 ?·
1256 389 1313 430 ob
1345 388 1427 431 hoc
1454 403 1536 444 ego
1561 389 1688 430 citius
1712 389 1803 430 Ro-

373 456 508 494 mam,
540 458 669 499 quam
700 444 1021 486 constitueram.
1053 445 1178 488 simul
1209 460 1258 486 ac
1288 445 1567 496 constituero,
1600 447 1799 487 scribam.

375 499 470 546 Etsi
493 501 683 542 nondum
706 500 1002 556 stipulationes
1024 501 1209 557 iegeram
1230 506 1329 555 (nec.
1350 503 1462 544 enim
1488 503 1594 544 Eros
1613 505 1805 553 venerat)

374 567 518 599 tamen
542 572 628 598 rem
653 557 790 613 pridie
813 556 860 598 ld
872 572 917 601 us
938 558 1064 599 veiim
1087 558 1306 600 conficias
1349 560 1564 616 Epistoias
1587 560 1804 610 Catinam,

373 614 724 664 Tauromenium,
745 614 975 670 Syracusas
997 615 1265 657 commodius
1287 617 1456 661 mittere
1477 627 1640 673 potero,
1663 617 1697 657 si
1715 616 1803 657 Va-

372 672 501 713 lerius
524 672 733 726 interpres
754 672 807 713 ad
829 685 898 712 me
918 675 955 706 9ι
972 672 1147 713 nomina
1170 673 1456 728 gratiosorum
1478 675 1710 735 scripserit.
1732 672 1804 715 alii

374 728 489 769 enim
513 737 614 771 sunt
634 728 763 770 alias:
786 728 1007 786 nostrique
1025 729 1254 770 famiiiares
1275 730 1363 771 fere
1383 730 1610 773 demortui.
1633 730 1805 788 publice

374 794 521 826 tamen
543 786 710 840 scripsi,
731 788 772 821 92
786 788 819 827 si
843 786 904 827 uti
931 785 1056 827 veliet
1075 786 1136 827 eis
1158 787 1377 829 Valerius:
1410 797 1486 828 aut
1507 789 1608 829 mihi
1631 788 1808 829 nomina

375 843 582 884 mitteret.
638 845 678 877 93
695 842 763 884 De
800 843 1032 899 Lepidanis
1063 843 1179 885 feriis
1214 843 1375 886 Balbus
1406 845 1458 886 ad
1489 859 1559 886 me
1588 858 1722 901 usque
1752 845 1805 886 ad

377 914 462 943 1111
489 897 672 942 Kalend.
714 899 992 957 Exspectabo
1015 909 1110 942 tuas
1131 900 1319 943 litteras:
1342 902 1479 958 deque
1499 901 1708 958 Torquati
1731 915 1805 943 ne-

375 957 542 1013 gotiolo
562 956 822 998 94sciturum
846 967 967 1013 puto.
1020 957 1174 1004 Quinti
1196 958 1357 1000 litteras
1379 959 1431 1000 ad
1455 968 1497 1000 te
1517 958 1630 1010 misi,
1654 969 1702 1001 ut
1723 960 1806 1001 sci-

372 1028 455 1065 res,
477 1027 605 1069 quarn
628 1013 751 1056 valde
772 1029 868 1056 eum
892 1024 1069 1066 amaret,
1091 1029 1217 1070 quem
1246 1015 1361 1056 dolet
1383 1031 1408 1056 a
1429 1024 1472 1057 te
1494 1017 1634 1057 minus
1657 1016 1806 1060 amari.

373 1071 552 1122 Atticae,
573 1072 794 1125 quoniam,
814 1072 930 1128 quod
954 1073 1168 1128 optimum
1192 1074 1234 1114 in
1258 1072 1400 1130 pueris
1422 1082 1501 1125 est,
1523 1072 1705 1115 hiiarula
1724 1082 1805 1125 est,

371 1129 480 1170 meis
499 1128 642 1169 verbis
662 1130 858 1171 suavium
880 1130 968 1171 des.
1029 1129 1148 1170 Vale.

312 1192 363 1230 12
803 1201 1038 1244 CICERO
1069 1202 1296 1245 ATTICO
1328 1203 1374 1245 S.

327 1263 361 1295 ¹³·
377 1258 558 1313 OPPII
576 1270 785 1328 epistolae,
803 1271 905 1326 quia
927 1270 1189 1326 perhumana
1207 1282 1312 1322 erat,
1328 1271 1407 1318 tibi
1428 1272 1523 1314 misi
1542 1272 1804 1328 exemplum.

376 1327 444 1370 De
468 1328 631 1378 Ocelia,
653 1328 754 1369 dum
779 1337 823 1369 tu
843 1328 1190 1384 1nuginaris‚nec
1212 1328 1318 1375 mihi
1335 1329 1569 1385 quidquam
1594 1330 1805 1380 rescribis,

373 1385 469 1442 cepi
493 1385 720 1431 consilium
741 1385 1043 1430 domesticum.
1074 1385 1219 1442 itaque
1250 1400 1316 1429 me
1339 1387 1476 1443 pridie
1499 1386 1808 1437 Idusarbitror

372 1443 530 1484 Romae
550 1443 759 1487 futurum.
779 1442 1048 1485 commodius
1067 1452 1132 1483 est
1148 1443 1302 1494 visum,
1324 1442 1481 1485 frustra
1498 1458 1566 1488 me
1584 1445 1682 1492 istic
1700 1457 1806 1494 esse,

371 1514 469 1544 cum
494 1500 537 1542 id
561 1514 648 1544 non
668 1514 842 1542 necesse
865 1508 991 1551 esset,
1014 1515 1159 1555 quam,
1189 1500 1223 1544 si
1245 1515 1354 1556 opus
1375 1511 1501 1555 esset,
1523 1516 1610 1543 non
1631 1501 1802 1543 adesse:

371 1567 413 1599 et
445 1556 586 1608 simul,
618 1571 672 1600 ne
701 1555 1022 1609 intercluderer‚
1051 1559 1312 1603 metuebam.
1334 1561 1374 1592 95
1389 1558 1457 1600 ille
1484 1557 1707 1613 enimjam
1731 1557 1806 1600 ad-

371 1623 547 1659 ventare
569 1622 737 1670 potest:
769 1614 848 1657 etsi
876 1614 978 1654 varii
1002 1629 1207 1666 rumores,
1231 1614 1456 1670 multique,
1474 1631 1580 1671 quos
1601 1629 1804 1671 cuperem

368 1685 508 1713 veros.
533 1671 642 1713 nihii
670 1680 813 1716 tamen
840 1672 960 1712 certi.
983 1686 1066 1729 ego
1090 1686 1204 1723 vero,
1227 1672 1436 1727 quidquid
1458 1682 1536 1723 est,
1560 1683 1702 1715 tecum
1724 1687 1803 1728 po-

369 1730 471 1781 tius,
492 1743 623 1785 quam
652 1727 784 1770 animi
813 1727 1037 1784 pendeam,
1060 1743 1159 1771 cum
1182 1745 1207 1770 a
1229 1739 1271 1770 te
1291 1729 1445 1781 absim,
1466 1738 1510 1772 et
1531 1729 1583 1771 de
1608 1738 1662 1781 te,
1684 1739 1727 1771 et
1748 1728 1801 1770 de

368 1800 454 1828 me.
477 1786 549 1828 sed
579 1785 682 1842 quid
717 1786 796 1828 tibi
825 1786 995 1828 dicam?
1024 1787 1066 1820 96
1079 1787 1241 1827 bonum
1269 1786 1475 1829 animum.
1536 1787 1605 1835 De
1623 1789 1805 1842 Ἡρακλει-

367 1845 435 1897 ὃείῳ
458 1843 677 1894 Varronis,
711 1843 888 1899 negotia
920 1842 1042 1884 salsa.
1076 1858 1144 1884 me
1174 1844 1347 1899 quidem
1381 1843 1489 1886 nihil
1513 1858 1718 1900 umquam
1743 1843 1804 1885 sic

368 1899 615 1943 delectavit.
639 1900 712 1941 sed
734 1899 844 1952 haec,
865 1908 909 1941 et
929 1899 1013 1942 alia
1033 1901 1199 1957 majora
1220 1916 1379 1942 coram.

305 1971 355 2007 ¹3
802 1983 1037 2026 CICERO
1069 1983 1296 2026 ATTICO
1329 1985 1373 2027 S.

368 2041 417 2095 Ο
445 2052 658 2095 CASUM
682 2052 934 2094 mirificum!
961 2068 1008 2094 vr
1036 2050 1138 2094 Idus
1160 2067 1258 2094 cum
1277 2062 1377 2094 ante
1398 2051 1537 2093 lucem
1555 2052 1607 2094 de
1631 2052 1804 2095 Sinues-

365 2126 470 2155 sano
505 2111 800 2161 surrexissem,
836 2110 1134 2165 venissemque
1166 2109 1355 2152 diluculo
1389 2110 1440 2151 ad
1477 2119 1651 2166 pontem
1682 2109 1803 2152 Tire-

364 2183 485 2218 num,
507 2168 580 2223 qui
614 2177 679 2209 est
712 2167 967 2218 Minturnis,
995 2167 1038 2208 in
1061 2181 1147 2222 quo
1169 2168 1308 2208 flexus
1330 2177 1394 2208 est
1415 2167 1468 2209 ad
1496 2168 1576 2209 iter
1596 2167 1799 2223 ArpinaS,

364 2226 537 2268 obviam
564 2225 670 2266 mihi
704 2225 755 2266 fit
785 2224 1044 2274 tabellarius,
1067 2224 1139 2280 qui
1166 2239 1233 2265 me
1258 2224 1441 2266 offendit
1461 2225 1592 2276 ’δολιχὸν
1621 2226 1721 2263 πλέον
1749 2227 1801 2278 ἐς-

362 2280 533 2336 μοὲύοντοι.
565 2297 648 2338 ego
679 2281 841 2332 statim,
865 2281 987 2333 cedo,
1021 2282 1213 2337 inquam,
1240 2282 1274 2322 si
1298 2282 1403 2337 quid
1425 2282 1479 2322 ab
1501 2278 1667 2320 Attico.
1689 2293 1798 2320 non-

363 2340 466 2381 dum
497 2341 637 2396 legere
672 2348 934 2396 poteramus.
967 2353 1067 2380 nam
1104 2348 1147 2380 et
1179 2338 1341 2380 lumina
1366 2337 1686 2386 dimiseramus3
1719 2350 1799 2377 nec

364 2397 467 2439 satis
494 2397 679 2439 lucebat.
710 2411 810 2438 cum
837 2405 980 2438 autem
1004 2395 1179 2448 luceret,
1209 2405 1309 2438 ante
1341 2396 1502 2453 scripta
1533 2392 1716 2450 epistola
1739 2407 1798 2434 ex

400 2514 438 2545 91
464 2513 598 2542 'aomina
609 2509 847 2550 gratiosorum]
874 2510 913 2541 In
927 2510 998 2540 istis
1013 2510 1059 2540 ci·
1101 2511 1315 2550 pontificatus
1337 2509 1499 2551 auspiciis.
1524 2507 1578 2538 alii
1595 2505 1799 2546 Lepidianis.

357 2553 528 2591 vitatibus,
564 2554 681 2593 quibus
719 2562 797 2583 eum
835 2552 1058 2583 commodasse
1143 2556 1186 2586 94
1206 2554 1368 2583 sciturum
1376 2551 1473 2592 puto]
1498 2558 1621 2586 se.me,
1636 2559 1675 2580 ex
1693 2549 1798 2585 literis

359 2597 474 2637 prosit.
1100 2594 1180 2631 tuis,
1198 2605 1276 2635 quas
1291 2595 1482 2634 expectabo.

399 2640 441 2672 92
461 2639 489 2668 si
502 2637 553 2667 uti
564 2638 660 2667 vellet
670 2638 715 2667 eis
730 2636 818 2676 Vnt]
843 2637 889 2667 eis
903 2637 964 2666 int.
980 2636 1056 2667 lite·
1141 2640 1181 2671 95
1205 2638 1260 2668 ille
1274 2638 1360 2667 enim
1375 2635 1450 2675 δια]
1475 2634 1641 2665 Antonius
1656 2643 1676 2664 a
1689 2633 1800 2665 Brun-

356 2680 402 2711 ris
419 2679 468 2710 his
483 2680 603 2710 nostris
614 2679 654 2710 ad
669 2680 817 2709 civitates
828 2678 968 2719 seriptis.
982 2678 1056 2709 edd.
1099 2678 1193 2717 elisio,
1208 2679 1262 2710 ubi
1277 2684 1351 2709 tum
1364 2682 1448 2708 erat.
1463 2687 1494 2707 v.
1508 2687 1560 2718 ep.
1574 2681 1603 2708 8.
1619 2681 1651 2711 9.

356 2732 407 2762 pr.
433 2724 463 2752 ei
491 2723 616 2752 vitiose.
639 2722 756 2751 melius
777 2720 915 2751 omnino
933 2730 1055 2760 prono·
1140 2722 1182 2755 96
1205 2722 1321 2752 honum
1337 2719 1502 2759 animum]
1528 2729 1572 2750 sc.
1594 2719 1727 2755 habeto,
1747 2717 1798 2748 vel

355 2773 433 2795 men
455 2764 607 2795 abfuerit.
629 2767 689 2793 auc
704 2764 786 2794 mihi
799 2764 934 2793 nomina
950 2764 1056 2793 mitte·
1098 2762 1287 2794 habeamus.
1311 2762 1357 2792 sic
1371 2761 1472 2792 edidit
1491 2772 1509 2791 e
1525 2761 1669 2802 vestigiis
1685 2769 1798 2791 corru-

354 2811 417 2843 ret,
434 2816 535 2845 quare
548 2806 603 2836 hic
614 2806 658 2835 sit
674 2814 740 2836 non
755 2805 859 2835 video.
875 2810 909 2836 et
925 2815 973 2836 res
982 2807 1054 2846 jain
1099 2808 1232 2844 ptarum
1255 2806 1436 2837 lectionum
1461 2803 1636 2835 Victorius.
1658 2802 1704 2833 sic
1731 2803 1796 2834 Ms.

353 2848 466 2890 paullo
483 2856 560 2879 ante
576 2853 637 2878 est.
1098 2847 1242 2879 Helmst.
1281 2847 1398 2877 Bosius
1424 2857 1442 2876 e
1465 2848 1655 2886 conjectura
1674 2844 1797 2875 duriori

394 2893 436 2925 93
467 2891 506 2921 de
531 2890 709 2930 Lepidanis
725 2888 842 2930 seriis]
883 2899 912 2919 v.
941 2899 991 2928 ep.
1022 2892 1052 2920 5.
1098 2891 1224 2931 πονῧμα,
1247 2890 1355 2926 enim.-
1378 2888 1463 2930 quod
1486 2888 1646 2921 Gruterus
1666 2891 1797 2920 secutus

353 2938 436 2965 extr.
459 2939 537 2965 sunt
557 2942 637 2973 quas
651 2931 773 2965 indixit
794 2931 844 2965 M.
861 2931 1002 2973 Lepidus
1019 2932 1052 2962 in
1095 2937 1158 2965 est.
