1940 3231
340 157 419 193 816
741 153 927 192 EPIST.
962 149 1043 192 AD
1075 147 1360 199 ATTICUM,
1918 155 1919 187 l

338 256 542 298 Caecilius
578 256 975 323 circumsederetur,
1008 258 1169 314 etjam
1208 254 1446 310 teneretur,
1471 253 1636 300 'venisse
1670 265 1767 303 cum'

335 315 536 356 maximis
563 315 700 370 copiis
736 315 947 356 Pacorum
983 315 1217 357 Parthum,
1250 316 1310 356 ita
1339 315 1420 356 sibi
1449 329 1540 357 esse
1562 331 1659 358 eum
1677 331 1770 360 ere-

336 381 474 436 ptum,
498 371 641 412 multis
666 373 749 412 suis
770 373 959 414 amissis:
993 373 1036 412 in
1058 387 1143 428 qua
1165 386 1208 413 re
1227 384 1401 414 accusat
1423 372 1683 415 Volcatium.
1709 375 1770 416 ita

334 428 441 471 mihi
467 430 632 470 videtur
653 428 808 470 bellum
831 429 931 469 illud
955 429 1126 470 instare.
1159 430 1271 470 sed3
1274 430 1535 471 7Dolabella
1553 443 1596 471 et
1620 431 1768 472 Nicias

335 487 536 528 viderint.
567 486 681 526 idern
716 485 876 526 Balbus
901 486 1075 527 meliora
1100 487 1153 527 de
1183 486 1339 528 Gallia.
1381 501 1470 528 xx1
1501 488 1571 529 die
1607 487 1768 530 litteras

334 543 362 586 h
367 544 476 585 abeb
481 552 548 594 ·ιῐ;
581 543 821 583 Germanos
847 542 1023 598 illasque
1046 543 1255 593 nationes,
1275 559 1318 585 re
1340 545 1486 586 audita
1507 545 1559 585 de
1583 545 1769 597 Caesare,

334 601 499 657 legatos
522 599 687 640 misisse
710 600 761 640 ad
792 598 1030 651 Aurelium,
1052 600 1124 655 qui
1149 609 1214 641 est
1236 602 1492 658 praepositus
1525 603 1579 643 ab
1606 601 1770 654 Hirtio,

335 672 393 722 se,
415 657 531 712 quod
554 657 810 720 imperatum
833 668 957 707 esset,
980 671 1070 698 esse
1101 657 1303 698 facturos.
1334 659 1438 713 quid
1460 660 1646 714 quaeiis?
1677 674 1771 701 om-

335 715 408 755 nia
429 714 553 770 plena
572 728 704 770 pacm,
727 714 850 755 aliter
872 729 922 755 ac
944 715 1051 755 mihi
1073 717 1113 745 38
1133 713 1324 755 Calvena
1345 716 1528 758 dixerat.
1772 734 1774 737 ·

767 802 1001 845 CICERO
1032 802 1261 845 ATTICO
1294 803 1338 845 S.

337 861 534 914 ITANE
572 874 699 913 vero?
739 872 824 914 hoc
860 888 978 914 meus
1001 883 1044 914 et
1067 881 1163 914 tuus
1199 872 1358 914 Brutus
1381 872 1486 928 egit,
1507 880 1554 913 ut
1589 872 1772 916 Lanuvii

335 932 473 972 esset?
525 939 572 971 ut
613 929 854 971 Trebonius
896 931 1121 971 itineribus
1164 929 1299 971 deviis
1342 930 1683 986 proficisceretur
1725 932 1776 974 inv

201 1010 232 1041 p.
249 998 320 1030 226.
334 987 632 1042 provinciam?
665 996 712 1028 ut
744 988 890 1028 omnia
925 988 1054 1039 facta,
1091 987 1265 1043 scripta,
1289 988 1419 1039 dicta,
1442 987 1664 1043 promissa,
1695 1004 1778 1030 co-.

288 1051 318 1072 ἃ·
333 1044 471 1101 girata
503 1044 686 1086 Caesaris
730 1045 824 1101 plus
859 1045 1061 1095 valerent,
1094 1059 1223 1109 quarn
1254 1046 1288 1086 si
1321 1045 1415 1101 ipse
1448 1044 1636 1087 viveret?
1669 1060 1771 1090 me·

333 1103 496 1143 ministi
530 1116 598 1143 me
633 1102 830 1153 clamate,
853 1102 978 1143 39illo
1011 1103 1102 1158 ipso
1133 1102 1271 1157 primo
1304 1102 1552 1158 Capitolino
1584 1102 1667 1154 die,
1705 1118 1769 1145 se-

332 1170 482 1201 natum
525 1160 566 1200 in
604 1158 871 1215 Capitolium
915 1176 940 1201 a
974 1160 1230 1215 praetoribus
1265 1160 1438 1201 vocari?
1489 1159 1549 1199 dii
1596 1159 1770 1202 immor-

334 1217 464 1260 tales*
517 1231 614 1272 quae
658 1226 749 1258 tum
780 1232 912 1274 opera
951 1218 1064 1258 effici
1098 1226 1344 1273 potuerunt,
1386 1216 1633 1258 laetantibus
1677 1232 1771 1258 om-

331 1275 459 1315 nibus
491 1275 630 1324 bonis,
653 1274 782 1315 etiam
817 1284 883 1314 sat
905 1275 1044 1325 bonis,
1066 1273 1213 1315 fractis
1243 1273 1508 1315 latronibus?
1537 1276 1579 1303 40
1599 1274 1770 1316 Libera-

331 1331 389 1373 lia
413 1342 456 1372 tu
479 1346 669 1372 accusas.
701 1332 805 1386 quid
828 1332 917 1373 fieri
957 1342 1047 1372 tum
1073 1331 1242 1387 potuit?
1267 1332 1360 1386 jam
1386 1331 1550 1387 plidem
1585 1332 1788 1387 periera-‚

331 1404 441 1431 mus.
480 1388 770 1430 meministine
807 1397 848 1430 te
890 1389 1087 1454 clamare,
1118 1404 1290 1430 causam
1324 1389 1513 1444 periisse,
1551 1388 1585 1429 si
1620 1387 1768 1432 funere

330 1447 465 1488 elatus
499 1448 637 1488 essct?
668 1455 712 1487 at
745 1445 813 1487 ille
843 1447 972 1488 etiam
1003 1447 1046 1487 in
1079 1445 1174 1487 foro
1209 1447 1459 1488 combustus
1487 1445 1768 1502 laudatusque

329 1503 656 1546 miserabiliter:
690 1504 884 1559 servique
907 1516 950 1545 et
971 1511 1146 1560 egentes
1172 1504 1214 1544 in
1239 1512 1353 1545 tecta
1374 1513 1521 1544 nostra
1542 1518 1640 1544 cum
1664 1503 1776 1545 faci-v

328 1561 442 1603 bus
434 1561 628 1603 immissi.
651 1576 748 1616 quae
763 1561 947 1603 deinde?
968 1573 1014 1602 ut
1032 1561 1218 1602 audeant
1236 1561 1501 1613 clicere,t1me
1521 1568 1661 1602 contra
1679 1560 1768 1602 Cae-

324 1619 428 1661 souis
449 1626 613 1661 nutum.
603 1617 626 1648 ⁶2
655 1619 750 1660 haec
772 1628 814 1659 et
836 1619 918 1659 alia
942 1619 1049 1660 ferre
1071 1633 1156 1659 non
1181 1633 1368 1674 possum.
1393 1619 1534 1674 itaque
1551 1624 1610 1667 siv
1627 1625 1689 1674 φ-ςὸ
1706 1639 1780 1668 γης,

326 1677 490 1732 cogito.
507 1680 545 1708 41
563 1685 636 1717 tua
660 1683 837 1716 tamen
824 1679 1001 1728 υπηνὲμιος.
1026 1690 1343 1740 natlseajaxnne
1359 1675 1481 1731 plane
1503 1673 1635 1716 abiit?
1658 1674 1766 1716 mihi

326 1735 501 1789 quidem
524 1748 577 1774 ex
602 1733 685 1774 tuis
708 1733 859 1774 litteris
883 1733 1146 1788 conjectanti
1170 1733 1230 1774 ita
1251 1733 1491 1775 videbatur.
1515 1732 1640 1774 redeo
1658 1734 1699 1762 42
1712 1731 1766 1773 ad

327 1791 554 1843 Tebassos,
574 1790 761 1840 ScaevaS,
785 1791 839 1831 Fi
843 1805 1047 1846 angoues.
1072 1791 1149 1831 hos
1174 1800 1218 1831 tu
1242 1790 1465 1831 existimas
1488 1789 1704 1831 confidere
1722 1803 1766 1830 se

327 1849 399 1890 illa
421 1847 676 1898 habituros,
683 1858 718 1888 st
724 1825 925 1888 autibusv
934 1849 1086 1890 nobis?
1119 1849 1159 1888 in
1177 1849 1339 1912 quibus
1368 1846 1460 1904 plus
1494 1846 1662 1888 virtutis
1689 1861 1765 1902 pu-

327 1916 488 1956 ta1·‚unt
520 1920 648 1961 quam
681 1905 849 1961 experti
882 1915 994 1946 sunt.
1028 1905 1144 1961 pacis
1175 1905 1245 1946 isti
1277 1904 1440 1945 scilicet
1473 1915 1699 1953 amatores,
1721 1912 1765 1944 et

324 1978 412 2004 non
436 1963 649 2004 latrocinii
673 1966 897 2004 auctores?
920 1973 963 2003 at
985 1977 1067 2019 ego
1090 1977 1188 2005 cum
1212 1962 1291 2003 tibi
1313 1962 1366 2003 dc
1389 1961 1573 2003 Curtilio
1598 1960 1765 2017 scripsi,

326 2021 653 2075 Sextilianoque
688 2019 839 2071 fundo,
862 2020 1012 2076 scripsi
1011 1997 1088 2060 ode
1119 2019 1374 2070 Censorino,
1397 2019 1449 2060 de
1474 2018 1678 2069 Messala,
1712 2018 1766 2060 de

326 2078 506 2130 Planco,
528 2078 581 2119 de
619 2076 860 2128 Postumio,
893 2077 946 2118 de
979 2091 1133 2133 genele
1159 2085 1267 2118 toto.
1300 2076 1450 2117 melius
1482 2076 1566 2117 fuit
1588 2075 1764 2140 periisse

324 2135 398 2176 illo
430 2135 673 2186 inter-‚fecto
693 2138 734 2166 43
749 2135 864 2189 quod
887 2149 1119 2199 numquam
1152 2134 1392 2184 accidisset,
1415 2148 1545 2189 quam
1575 2133 1670 2174 haec
1702 2147 1765 2174 vl-

322 2193 438 2235 dere.
499 2192 709 2234 Octavius
733 2191 963 2249 Neapolim
990 2192 1106 2234 venit
1129 2206 1251 2233 xl111
1278 2191 1375 2232 Kal.
1395 2191 1456 2232 ibi
1479 2205 1577 2232 eum
1601 2190 1762 2232 Balbus

273 795 325 832 10

1066 2354 1116 2385 die
1132 2355 1165 2384 in
1181 2355 1318 2391 Senatu,
1336 2354 1369 2384 in
1387 2353 1453 2383 aede
1468 2353 1610 2385 Telluris
1625 2362 1762 2392 congre—

365 2361 404 2391 37
428 2356 508 2388 DoI.
519 2360 549 2387 et
563 2356 682 2387 Nicias
693 2354 848 2394 viderint]
868 2354 1022 2386 Dolabel-

1066 2401 1155 2436 gato,
1184 2396 1267 2427 nihil
1293 2397 1461 2427 decretum
1487 2400 1582 2432 esset,
1607 2394 1693 2434 quod
1721 2395 1761 2425 ad

324 2399 357 2430 la
370 2404 442 2430 tum
457 2398 594 2435 Consul,
609 2403 764 2439 expetens
779 2397 878 2428 etiam
895 2397 964 2437 Syr
957 2407 1022 2428 iam

323 2442 548 2482 provinciam.
585 2445 660 2472 tum
690 2440 814 2470 ironice
842 2440 880 2470 de
910 2439 1019 2477 Nida,

322 2484 378 2522 qui
408 2487 479 2514 erat
507 2483 595 2524 apud
620 2482 842 2518 Dolabellam,
869 2481 923 2521 qui
951 2484 1019 2521 eius

321 2526 465 2556 consiliis
480 2527 648 2562 utebatur,
663 2529 722 2555 aut
737 2525 787 2554 uti
803 2524 1005 2554 credebatur.

348 2571 405 2608 ,38
433 2567 576 2599 Calvena
595 2568 740 2607 dixerat]
767 2566 906 2603 Matius,
921 2576 1020 2607 supra

321 2620 339 2640 e
368 2633 375 2641 .
396 2613 423 2640 l.
438 2619 510 2649 sqq.

342 2620 362 2650 p
364 2655 405 2686 39
427 2653 482 2682 illo
509 2652 532 2681 i
553 2661 591 2691 p.
624 2652 801 2691 Capitolino
829 2651 893 2690 die]
934 2651 1019 2681 Cum

321 2693 445 2725 Brutus
460 2699 495 2725 et
510 2694 640 2725 Cassius
652 2703 684 2724 se
701 2692 876 2723 interfecto
892 2694 1019 2724 Caesare

318 2737 354 2767 in
377 2736 586 2784 Capitolium
594 2737 801 2776 recepissent,
819 2736 932 2766 Cicero
956 2745 1014 2774 pu-

317 2784 448 2818 gnaret,
463 2783 500 2810 ut
516 2777 586 2809 ab*
578 2778 655 2818 ipsis
673 2784 806 2808 senatus
829 2778 863 2807 in
881 2777 1014 2817 Capito-

1065 2439 1205 2469 salutem
1231 2439 1310 2479 reip.
1335 2439 1533 2478 pertineret:
1563 2447 1635 2468 eam
1658 2438 1759 2468 fuisse

1063 2491 1195 2512 causam
1214 2482 1387 2512 malorum.

1104 2526 1142 2554 41
1168 2529 1227 2554 tua
1240 2527 1351 2553 tamen
1365 2521 1525 2560 ὑπηνέμιος.
1541 2530 1666 2552 nausea
1681 2520 1754 2560 &c.]

1067 2565 1261 2606 luter-punxi
1277 2571 1351 2606 post
1374 2565 1534 2604 ὑτηνέμιος.
1557 2574 1586 2594 v.
1607 2563 1698 2595 Clav.
1721 2564 1779 2594 in⁷

1063 2607 1121 2638 Gr.

1103 2651 1144 2680 4⁶2
1160 2649 1206 2679 ad
1221 2649 1382 2684 Tebassos,
1400 2648 1540 2687 Scoeoas,
1552 2646 1757 2687 Frangones]

1063 2701 1093 2721 v.
1108 2691 1201 2723 Clav.
1218 2691 1253 2721 in
1271 2690 1472 2730 Frangones.

1100 2735 1139 2764 43
1163 2734 1248 2773 quod
1257 2743 1438 2773 numquam
1455 2731 1634 2772 accidisset]
1652 2731 1760 2762 Intel-

1058 2776 1135 2816 ligo,
1150 2775 1237 2815 quod
1251 2785 1350 2811 nunc,
1366 2786 1404 2806 eo
1419 2776 1607 2812 interfecte,
1624 2773 1754 2805 accidit.

317 2821 398 2851 lium
416 2824 606 2852 vocaretur:
631 2820 740 2859 quod
733 2829 766 2849 in
781 2830 815 2850 re
831 2819 889 2850 illa
903 2829 1014 2850 recen·
1057 2818 1113 2848 sed
1129 2817 1246 2848 melius
1257 2824 1306 2849 est
1322 2828 1380 2858 pro
1393 2828 1564 2858 nunquam
1578 2827 1654 2849 cum
1667 2816 1701 2848 J.
1719 2814 1777 2847 F.-

315 2864 356 2900 ti,
373 2863 479 2894 multa
493 2864 574 2894 bene
589 2861 718 2893 decerni
732 2866 879 2901 possent.

355 2908 398 2937 40
420 2905 593 2938 Liberalia
619 2909 657 2936 tu
681 2904 830 2946 accusas]
857 2902 956 2945 Quod
977 2912 1016 2934 eo

1059 2860 1225 2893 Gronovio
1239 2860 1390 2893 scribere
1395 2862 1538 2893 utinam.
