1940 3231
677 152 896 194 LIBER
938 152 1031 192 XII.
1503 161 1581 200 ‘745

574 256 810 300 CICERO
840 255 1070 298 ATTICO
1104 256 1148 297 S.
1593 266 1621 303 2

139 312 263 369 HIC
288 339 477 368 rumores
500 334 642 367 tamen
666 324 872 366 Murcum
898 324 1073 381 periisse
1094 322 1349 379 naufragi03
1382 324 1584 370 Asinium

139 385 328 426 delatum
346 385 489 426 vivum
507 384 548 424 in
565 397 714 424 manus
729 382 913 423 militum
929 399 939 434 ;
965 382 1012 423 L.
1030 397 1158 424 naves
1175 381 1335 423 delatas
1351 381 1393 422 in
1409 383 1585 427 Uticam

139 443 293 483 reflatu
329 442 438 494 hoc;
473 440 730 495 Pompeium
754 454 840 481 non
864 454 1129 496 comparere,
1152 453 1231 481 uec
1265 439 1308 480 in
1333 439 1586 484 Balearibus

137 499 317 540 omnino
352 498 496 547 fuisse,
518 505 566 537 ut
600 497 619 527 6
635 497 830 538 Patietus
853 497 1055 538 affirmat.
1079 497 1150 538 sed
1173 506 1324 538 auctor
1346 497 1502 538 nullius
1526 500 1585 540 rei

136 556 380 611 quisquam.
434 554 599 605 Habes,
637 569 750 611 quae,
784 555 886 596 dum
922 564 964 595 tu
1000 555 1116 605 abes,
1139 554 1271 596 locuti
1296 565 1410 596 sunt.
1473 555 1585 597 Ludi

139 613 303 654 interea
327 612 560 654 Praeneste.
591 612 651 653 ibi
676 612 863 664 Hirtius,
888 622 929 653 et
952 612 1021 653 isti
1049 627 1213 661 omnes.
1233 621 1275 653 et
1297 613 1472 668 quidem
1496 612 1586 655 ludi

138 670 229 712 dies
261 678 376 711 octo.
410 684 509 725 quae
543 672 715 712 coenae?
746 685 844 725 quae
877 669 1073 711 deliciae?
1106 684 1170 711 res
1205 671 1369 711 interea
1404 669 1588 712 fortasse

138 736 354 769 transacta
384 737 458 768 est.
487 742 512 767 o
537 727 668 768 miros
691 728 910 769 homines!
944 737 988 767 at
1016 727 1178 768 Balbus
1209 726 1425 780 aedificat3
1457 733 1494 769 τί
1515 733 1588 785 γὰρ

138 789 230 837 αὐτῷ
243 787 362 838 paim?
399 799 562 835 verum,
587 785 621 825 si
646 786 819 841 quaeris,
842 784 1008 826 homini
1031 799 1118 826 non
1142 794 1273 836 recta,
1293 785 1365 826 sed
1390 785 1588 841 volupta-

138 842 203 883 ria
224 842 452 897 quaerenti,
490 857 633 883 nonne
664 844 847 890 βεξίωτοιιέ
882 841 947 883 Tu
979 843 1142 883 interea
1168 842 1454 898 dormis.jam
1479 846 1589 884 7ex-

139 898 390 955 plicandum
422 908 486 940 est
518 902 712 956 πςόέλημα,
745 898 778 939 si
802 900 906 955 quid
940 910 1113 941 acturus
1147 915 1207 941 es.
1235 900 1269 940 si
1293 900 1451 955 quaeris
1484 900 1589 955 quid

138 965 304 1012 putem,
330 959 440 1014 8ego
464 957 654 998 fructum
678 965 801 1012 puto.
825 957 897 998 sed
920 957 1023 1012 quid
1049 957 1321 1013 multa?jam
1344 967 1386 999 te
1407 959 1590 1009 videbo;

138 1024 182 1054 et
203 1014 394 1069 quidem,
425 1024 471 1055 ut
505 1029 645 1071 spero,
668 1014 755 1054 9de
789 1014 858 1055 via
892 1024 1009 1056 recta
1042 1016 1093 1057 ad
1130 1030 1212 1056 me.
1250 1015 1376 1056 simul
1409 1016 1522 1057 enim
1547 1025 1592 1057 et

138 1071 254 1112 diem
275 1071 544 1128 Tyrannioni
566 1071 897 1124 constituemus,
920 1083 962 1113 et
987 1072 1019 1113 si
1045 1073 1149 1128 quid
1170 1073 1301 1114 aliud.

575 1164 812 1208 CICERO
845 1165 1076 1210 ATTICO
1109 1168 1153 1209 S.

143 1220 353 1277 UNUM
388 1245 430 1277 te
465 1243 572 1292 puto
610 1234 751 1275 minus
795 1234 1000 1277 blandum
1034 1249 1140 1288 esse,
1175 1249 1304 1291 quam
1335 1248 1429 1275 me:
1463 1241 1520 1283 et,
1559 1233 1595 1274 si

142 1302 322 1348 uterque
353 1294 547 1335 nostrum
582 1301 648 1333 est
676 1292 909 1347 aliquando
930 1294 1132 1335 adversus
1156 1294 1359 1350 aliquem,
1382 1291 1495 1332 inter
1516 1304 1595 1331 nos

141 1359 258 1391 certe
284 1366 519 1406 numquam
550 1365 712 1391 sumus.
740 1350 842 1391 audi
870 1351 1004 1407 igitur
1028 1366 1095 1392 me
1115 1351 1200 1392 hoc
1222 1353 1425 1399 ἀγοητεῦτως
1447 1348 1595 1389 diceu-

142 1415 256 1450 tem:
290 1423 343 1449 ne
367 1409 524 1460 vivam,
547 1408 605 1448 mi
629 1407 793 1458 Attice,
817 1408 850 1448 si
883 1409 989 1450 mihi
1014 1424 1101 1450 non
1131 1408 1261 1450 modo
1285 1406 1595 1457 Tusculanum,

143 1465 219 1507 ubi
253 1467 474 1521 ceteroqui
511 1480 604 1506 sum
642 1465 840 1517 libenter,
871 1467 943 1508 sed
974 1469 1136 1521 μοικοέςων
1156 1472 1237 1509 νῆσοι
1268 1465 1375 1505 tanti
1409 1473 1524 1515 sunt,
1547 1473 1597 1503 ut

144 1522 237 1564 sine
273 1533 315 1565 te
345 1524 426 1565 sim
463 1527 629 1564 ¹0totos
662 1523 768 1565 dies,
798 1538 930 1578 quare
954 1524 1242 1564 llobduretur
1269 1522 1353 1563 hoc
1377 1523 1594 1574 triduum3

146 1590 193 1621 ut
215 1589 258 1621 te
279 1596 452 1636 quoque
475 1595 631 1636 ponam
658 1581 701 1621 iu
724 1581 876 1621 eodem
899 1583 1022 1622 πάθεα
1057 1580 1172 1636 quod
1201 1580 1264 1620 ita
1292 1589 1356 1620 est
1380 1579 1642 1636 profecto.b,

144 1637 218 1679 sed
253 1639 379 1680 velim
410 1639 533 1690 scire,
566 1638 752 1679 hodiene
785 1639 930 1679 statim
953 1637 1006 1678 de
1029 1639 1246 1688 auctione,
1271 1639 1308 1669 12
1322 1648 1396 1678 aut
1418 1653 1505 1693 quo
1526 1636 1597 1678 die

145 1694 308 1737 venias.
331 1711 413 1753 ego
437 1710 506 1736 me
528 1696 692 1737 interea
713 1711 812 1737 cum
832 1694 1002 1737 libellis,
1025 1712 1074 1737 ac
1097 1696 1278 1737 moleste
1298 1693 1406 1746 fero,
1420 1696 1598 1736 Venno-

146 1754 207 1794 nii
242 1768 312 1795 me
348 1754 574 1795 historiam
612 1768 698 1794 non
734 1753 908 1795 habere.
947 1753 1019 1794 sed
1054 1764 1213 1805 tamen,
1237 1767 1291 1793 ne
1324 1753 1433 1794 nihil
1462 1753 1515 1794 (le
1538 1766 1597 1803 re,

148 1812 185 1840 13
201 1826 357 1853 nomen
381 1811 502 1862 illud,
524 1811 642 1867 quod
675 1826 700 1852 a
724 1810 912 1863 Caesare,
937 1820 1020 1851 tres
1051 1811 1183 1852 habet
1206 1810 1497 1862 conditiones,
1522 1819 1598 1850 aut

146 1869 383 1911 emtionem
406 1870 460 1910 ab
482 1868 630 1910 hasta:
663 1869 861 1925 (perdere
890 1868 1029 1911 malo:
1063 1869 1159 1921 etsi,
1184 1878 1341 1926 praeter
1364 1867 1598 1924 turpitudi-

147 1941 264 1979 nem,
294 1927 377 1969 hoc
412 1928 553 1983 ipsum
586 1935 693 1982 puto
726 1941 817 1967 esse
856 1927 1034 1983 perdere
1050 1928 1079 1978 z)
1119 1936 1192 1967 aut
1223 1925 1542 1982 delegationem
1575 1940 1601 1965 a

1605 1181 1631 1217 3

147 1985 365 2042 mancipe,
402 2000 544 2026 annua
576 1985 670 2026 die:
714 1985 830 2039 (quis
864 1985 961 2034 erit,
994 1985 1065 2025 cui
1098 1984 1294 2026 credam?
1327 1994 1401 2025 aut
1425 1983 1601 2039 quando

152 2045 189 2077 14
204 2043 285 2083 iste
320 2042 516 2084 Metonis
538 2056 675 2084 annus
698 2043 890 2092 veniet?)
921 2050 1010 2094 aut,
1047 2044 1083 2072 15
1101 2042 1280 2084 Vecteni
1303 2042 1602 2083 conditionem

190 2157 212 2188 6
235 2156 405 2196 Patietur]
432 2167 462 2187 v.
481 2156 574 2188 Clav.

944 2160 980 2188 13
1003 2167 1119 2187 nomen
1133 2157 1229 2192 illud,
1246 2156 1332 2196 quod
1343 2166 1364 2186 a
1385 2155 1510 2187 Caesare
1526 2155 1601 2195 &c.]

191 2203 210 2234 7
234 2200 470 2240 explicandum
494 2203 543 2229 est
567 2198 690 2242 πξὸβλ]
729 2198 855 2229 Utrum
897 2200 1043 2230 Pecunia
1067 2199 1204 2237 credita,
1231 2209 1329 2239 quan]
1349 2199 1486 2229 Caesaris
1507 2200 1607 2229 bene·

150 2242 275 2273 virtute
304 2252 346 2273 an
381 2243 554 2283 voluptate
583 2241 758 2282 quaerenda
786 2241 854 2272 vita
897 2243 973 2272 ficio
1013 2247 1265 2283 recuperaturus
1295 2251 1368 2272 sum
1395 2252 1415 2272 a
1445 2241 1607 2272 debitore.

148 2284 260 2321 beata,
275 2284 518 2315 decernendum
534 2285 595 2315 tibi
611 2291 672 2316 est.

193 2331 212 2359 8
235 2338 294 2367 ego
297 2326 458 2367 smcmm
467 2328 564 2368 puto]
590 2328 701 2358 Vitam
725 2327 855 2357 beatam

152 2376 236 2412 puto
264 2371 298 2401 in
326 2370 465 2402 fruenda
493 2371 563 2401 vita
588 2370 623 2402 h.
651 2382 680 2401 e.
706 2369 741 2400 in
764 2370 858 2399 volu-

150 2417 256 2455 ptate.

194 2460 215 2491 9
238 2457 278 2487 de
290 2457 345 2487 via
366 2456 471 2496 recta]
499 2455 564 2494 Ita,
581 2459 619 2487 ut
641 2460 680 2487 tu
701 2460 793 2487 recta
809 2455 862 2485 via

153 2497 195 2532 ad
212 2509 264 2529 me
279 2499 401 2530 venias,

202 2544 240 2571 10
262 2545 342 2572 totos
370 2542 449 2582 dies]
476 2541 591 2573 Placet
616 2541 729 2573 Ursini
754 2542 863 2582 conje-

155 2587 252 2615 ctura
267 2588 313 2614 tot
327 2585 404 2616 dies.

205 2628 238 2656 11
263 2626 441 2659 obduretur
469 2628 526 2657 hoc
555 2627 720 2667 triduum]
747 2627 863 2658 Feram

161 2668 345 2699 absentiam
360 2676 453 2701 tuam
482 2680 540 2710 per
566 2669 628 2700 hoc
650 2671 812 2705 triduum,
828 2674 862 2700 et

158 2710 326 2741 obdurabo
341 2715 489 2743 animum
504 2711 656 2743 adversus
666 2713 863 2743 desiderium

158 2753 222 2790 tui,
240 2759 278 2783 ut
302 2758 341 2784 tu
359 2766 486 2795 quoque
513 2756 577 2786 mei
593 2755 751 2787 desiderio
766 2759 865 2786 tanto

160 2805 325 2827 moveare.

207 2840 244 2869 12
280 2843 341 2870 aut
367 2849 427 2879 th
444 2841 506 2878 ‘die
534 2839 660 2880 venias]
701 2841 754 2872 Sic
782 2840 866 2871 bene

161 2880 322 2911 Graevius.
338 2881 410 2913 edd.
427 2893 476 2923 pr.
493 2887 523 2913 et
538 2892 599 2922 quo
614 2883 647 2913 d.
668 2892 700 2914 υ.
737 2884 868 2923 Bosius,

160 2922 324 2955 Gruterus
338 2934 435 2966 ecquo
448 2925 537 2956 dieve
550 2934 582 2957 v.
598 2925 698 2957 male.

900 2295 976 2315 mox
1001 2286 1106 2324 ipsam
1122 2295 1197 2316 cum
1215 2285 1344 2316 Graevio
1360 2284 1477 2316 delevi.
1492 2285 1609 2316 aberat

900 2327 965 2358 Ms.
980 2327 1115 2358 Balliol.

948 2373 984 2401 14
1018 2372 1078 2400 iste
1103 2370 1246 2401 llIetonz's
1272 2379 1382 2399 annus
1409 2368 1457 2408 22]
1497 2368 1607 2408 Vulgo

902 2413 988 2444 male
1014 2415 1092 2454 ipse.
1118 2414 1178 2444 iste
1194 2413 1342 2443 Graevius
1367 2416 1466 2442 recte.
1483 2416 1533 2442 est
1549 2421 1605 2443 au-

901 2461 971 2486 tem
987 2456 1120 2495 elegans
1133 2456 1223 2486 lusus
1239 2456 1272 2485 in
1289 2455 1428 2485 Metonis
1442 2464 1539 2485 anno.
1560 2464 1610 2485 re·

903 2498 999 2538 spicit
1017 2499 1057 2529 ad
1078 2498 1160 2528 illud
1182 2507 1298 2528 annua
1312 2497 1384 2527 die.-
1407 2507 1521 2536 quam‚
1537 2497 1611 2527 vult

906 2541 1025 2577 dicere,
1041 2550 1109 2571 esse
1119 2542 1295 2577 incertam,
1305 2549 1365 2569 nec
1376 2541 1456 2571 satis
1466 2544 1611 2576 certum,

906 2594 949 2614 an
963 2591 1079 2614 exacto
1095 2593 1183 2614 anno
1196 2583 1326 2613 debitor
1337 2583 1455 2612 Meton
1469 2583 1512 2612 sit
1522 2582 1613 2612 solu-

906 2631 1014 2656 turus.
1039 2626 1129 2656 lusus
1153 2632 1204 2656 est
1228 2626 1262 2656 in
1288 2635 1341 2661 eo,
1358 2624 1445 2664 quod
1471 2625 1613 2655 flletom's

905 2679 1007 2699 annos
1032 2669 1219 2699 celebratur
1247 2667 1335 2708 apud
1369 2667 1612 2707 Chronologos,

904 2711 1086 2747 habuitque
1103 2720 1165 2742 >ux
1182 2721 1286 2741 annos
1299 2710 1422 2740 civileS.

952 2756 989 2784 15
1015 2754 1146 2784 Vectem*
1169 2754 1383 2784 conditionem
1397 2750 1538 2790 semisse]
1566 2749 1614 2782 Ut

907 2797 1053 2834 semisse,
1083 2796 1219 2827 dimidia
1243 2805 1382 2826 summae
1404 2799 1511 2833 parte,
1535 2802 1615 2823 con-

908 2840 995 2870 tenti
1011 2840 1124 2875 simus,
1141 2837 1418 2878 quemadmodum
1438 2836 1463 2866 V
1465 2840 1615 2872 eotenus,

910 2883 966 2922 qui
984 2882 1032 2912 ita
1049 2881 1220 2912 dimidium
1237 2879 1352 2910 crediti
1375 2878 1529 2919 perdidit.
1545 2879 1615 2917 qui-

910 2925 988 2956 dam
1002 2924 1079 2957 libri
1097 2923 1228 2956 Vectem·
1242 2922 1423 2954 conditione
1440 2922 1615 2956 semissem,
