1940 3231
334 189 411 228 778
753 186 934 225 EPIST.
962 186 1041 224 AD
1067 186 1351 232 ATTICUM‚

335 299 385 331 ut
407 289 514 331 nihil
536 289 648 331 aliud
673 304 740 331 me
765 301 948 342 moveat,
970 291 1049 332 nisi
1074 292 1187 347 quod
1223 303 1268 333 tu
1293 291 1447 333 videris
1468 291 1679 334 dubitare.
1715 293 1766 336 il-

334 347 407 388 lud
430 350 542 388 enim
569 363 651 388 non
677 349 843 404 accipio
867 349 907 388 in
932 349 1087 389 bonam
1113 360 1289 405 partem,
1306 350 1420 406 quod
1443 349 1496 390 ad
1519 364 1586 390 me
1610 349 1763 394 refers:

336 406 408 460 qui
439 407 471 446 si
507 407 597 461 ipse
632 407 853 460 negotium
885 419 1026 446 meum
1062 420 1267 460 gererem,
1305 407 1410 448 nihil
1444 421 1649 462 gererem,
1684 407 1766 449 nisi

337 463 519 504 consilio
556 475 644 502 tuo.
676 462 745 502 sed
781 472 920 501 tamen
956 461 1164 518 intelligo,
1193 464 1328 519 magis
1353 477 1393 505 te
1426 464 1466 504 id
1500 463 1638 505 facere
1669 464 1766 505 dili-

336 521 498 578 gentia,
521 535 605 575 qua
636 533 801 574 semper
833 518 978 568 uteris,
1000 534 1127 573 quam
1160 521 1273 575 quod
1296 522 1465 562 dubites
1497 521 1549 562 de
1581 521 1766 562 nomini-

337 579 416 619 bus
454 578 557 617 istis.
610 576 768 616 etenim
813 574 1003 616 Coelium
1046 590 1130 617 non
1171 578 1349 633 probas:
1404 578 1522 634 plura
1560 593 1644 618 non
1685 578 1764 619 vis.

336 645 565 688 utrumque
587 633 729 673 laudo.
762 632 828 672 his
852 633 985 688 igitur
1008 634 1210 674 utendum
1235 644 1312 675 est.
1354 638 1387 665 1¹
1406 650 1513 690 praes
1536 635 1765 690 aliquando

335 692 475 733 factus
497 705 623 740 esses,
645 699 688 730 et
722 690 762 729 in
786 690 850 730 his
885 690 1057 744 quidem
1083 690 1252 732 tabulis.
1283 706 1308 731 a
1340 706 1406 732 me
1441 692 1572 747 igitur
1605 693 1765 733 omnia.

340 750 503 804 1²2q110d
528 749 617 789 dies
655 747 824 802 longior
857 759 935 797 est,
957 751 1195 800 (teneamus
1231 749 1358 789 modo
1382 750 1494 803 quod
1535 750 1764 800 volumus,)

335 818 441 862 puto
464 806 555 846 fore
575 806 698 846 istam
731 805 860 845 etiam
884 820 908 844 a
932 819 1128 859 praeeone
1159 805 1287 855 diem,
1311 816 1424 846 certe
1446 807 1499 846 ab
1523 806 1765 848 heredibus.

203 870 235 902 P·
250 862 323 892 5205.
339 863 406 904 De
438 863 592 919 Crispo
623 873 667 903 et
699 861 889 901 Mustela
922 861 1109 903 videbis:
1142 871 1185 903 et
1217 863 1340 903 velim
1374 863 1495 912 scire,
1531 866 1565 894 13
1579 879 1674 918 quae
1711 865 1766 904 sit

291 914 320 933 a.
337 936 431 976 pars
454 921 651 961 duorum.
713 919 780 960 De
804 919 924 958 Bruti
948 919 1132 959 adventu
1151 934 1264 960 eram
1291 919 1429 960 factus
1451 921 1619 961 certior.
1651 931 1766 961 attu-

334 979 443 1019 lerat
463 978 578 1018 enim
600 978 653 1017 ab
684 990 734 1017 eo
759 976 955 1032 AEgypta
985 975 1163 1017 libertus
1186 977 1362 1017 litteras.
1394 977 1491 1017 misi
1525 978 1577 1018 ad
1612 988 1652 1018 te
1674 979 1766 1035 epi-

336 1035 504 1087 stolam,
527 1035 627 1090 quia
647 1035 874 1075 commode
897 1034 1057 1089 scripta
1078 1044 1182 1074 erat.

293 1115 320 1151 4
769 1138 1002 1180 CICERO
1034 1138 1261 1182 ATTICO
1295 1140 1338 1181 s,

335 1197 559 1252 HABEO
586 1212 622 1240 14
638 1223 790 1249 munus
821 1224 845 1248 a
879 1219 918 1248 te
948 1208 1212 1249 elaboratum
1244 1209 1390 1249 decem
1424 1207 1690 1264 legatorum:
1724 1217 1768 1249 et

332 1269 504 1324 quiden]
532 1277 652 1323 puto.
684 1281 781 1307 nain
805 1266 915 1305 filius
938 1280 1050 1305 anno
1070 1276 1167 1321 post
1189 1277 1377 1321 quaestor
1398 1265 1494 1315 fuit,
1513 1281 1640 1321 quam
1661 1280 1766 1306 con-

333 1326 396 1366 sul
422 1325 676 1366 Mummius.
738 1324 819 1363 Sed
843 1323 1047 1377 quoniam
1071 1324 1228 1378 saepius
1250 1323 1302 1363 de
1323 1324 1569 1363 nominibus
1591 1323 1765 1378 quaeris,

331 1383 435 1438 quid
461 1383 651 1439 place-<213
681 1395 762 1436 ego
794 1395 964 1435 quoque
1000 1380 1074 1419 tibi
1111 1382 1266 1436 saepius
1299 1381 1550 1435 respondeo,
1585 1383 1765 1435 placere.

335 1442 371 1471 ¹5
387 1441 430 1481 Si
473 1439 575 1495 quid
619 1438 778 1494 poteris
823 1452 922 1478 cum
974 1437 1145 1487 Pisone,
1188 1438 1417 1489 conficies3
1467 1437 1604 1478 Avius
1650 1437 1766 1478 enim

330 1497 500 1538 videtur
533 1498 574 1537 in
612 1495 757 1536 officio
792 1495 974 1535 futurus.
1035 1494 1174 1535 Velim
1210 1505 1309 1535 ante
1345 1494 1507 1549 possis:
1540 1495 1574 1535 si
1611 1495 1766 1544 minus,

329 1556 480 1611 utique
501 1553 627 1595 simul
650 1554 796 1602 simus,
816 1566 914 1593 cum
942 1551 1098 1591 Brutus
1123 1552 1262 1592 veniet
1287 1553 1327 1592 in
1348 1551 1653 1593 Tusculanum.
1677 1566 1767 1592 ma-

328 1613 404 1668 gni
427 1612 602 1653 interest
626 1625 733 1659 mea,
756 1623 839 1649 una
874 1624 948 1649 nos
971 1623 1077 1648 esse.
1108 1609 1212 1649 scies
1236 1618 1393 1658 autem,
1418 1608 1491 1664 qui
1525 1609 1615 1649 dies
1638 1610 1672 1649 is
1695 1607 1763 1650 fu·

331 1682 450 1711 turus
473 1671 542 1721 sit,
566 1669 599 1708 si
624 1681 756 1723 puero
781 1667 1003 1723 negotium
1028 1665 1208 1718 dederis,
1232 1678 1278 1706 ut
1300 1675 1480 1721 quaerat.

327 1833 419 1870 dicit,
452 1834 500 1862 his
525 1832 631 1870 igitur
657 1831 824 1861 utendum.
851 1834 932 1870 puto
958 1839 1026 1859 esse

326 1876 378 1906 vel
393 1876 508 1913 quibus
532 1875 670 1914 pecunia
684 1873 769 1904 credi
793 1873 907 1913 possit,
924 1873 1026 1902 unde-

327 1929 455 1957 cunque
479 1917 548 1947 scil.
571 1921 645 1946 tum
668 1917 768 1951 facta,
793 1915 855 1951 vel,
879 1915 934 1954 qui
965 1924 1024 1954 pro

329 1962 422 1992 nobis
437 1971 486 1990 cax
496 1965 602 1994 erent,
619 1959 694 1997 quia
710 1958 802 1988 nobis
818 1958 948 1987 debent.

376 2006 405 2033 11
429 2012 515 2042 precs
529 2001 705 2040 aliquando
713 1999 836 2040 jhc-tus
851 2009 929 2029 esses
946 1998 1020 2038 δια]

328 2045 480 2076 Dedisses
504 2044 583 2074 mihi
609 2043 682 2078 hoc,
707 2051 744 2072 ut
768 2043 802 2072 in
829 2042 901 2078 hac,
925 2051 1023 2080 quam

325 2088 451 2118 solvere
473 2087 587 2123 debeo,
604 2091 693 2115 emto
710 2085 742 2114 in
767 2085 920 2114 auctione
942 2092 1023 2123 prae—

325 2130 392 2166 dio,
410 2129 560 2170 pecunia,
579 2138 636 2168 pro
655 2137 705 2156 me
720 2136 800 2167 praes
815 2127 921 2162 fieres,
937 2125 1024 2164 quod

325 2178 364 2202 tu
393 2181 562 2210 nunquam
588 2174 665 2200 ante
688 2169 805 2199 fecisti.
828 2168 882 2198 sed
906 2168 938 2198 id
964 2167 1024 2197 tibi

326 2215 474 2250 remitto,
492 2218 523 2243 et
538 2214 572 2242 in
596 2213 646 2242 his
659 2212 787 2251 quidem
809 2211 941 2246 tabulis,
957 2209 977 2239 i.
994 2220 1021 2239 e.

324 2256 550 2292 auctionariis,
567 2260 605 2284 ut
620 2254 654 2283 in
669 2254 707 2284 iis
724 2262 846 2284 nornen
861 2257 968 2287 tuum,
986 2257 1024 2281 ut

326 2299 458 2339 praedis,
475 2298 649 2328 scribatur.
660 2327 670 2338 ,

372 2343 409 2371 12
432 2341 517 2381 quod
541 2340 607 2370 dies
630 2339 757 2377 longior
780 2336 839 2376 est]
872 2346 915 2366 sc.
942 2335 1021 2372 dies,

325 2393 388 2422 qua
402 2383 517 2413 volunt
531 2381 654 2411 solvere
669 2381 704 2417 ii,
717 2380 772 2419 qui
787 2378 867 2410 mihi
884 2378 1020 2415 deheim

326 2427 463 2463 longior,
480 2434 576 2464 quam
593 2423 765 2454 videantur
779 2421 976 2457 concessuri,
988 2420 1022 2449 in

324 2477 462 2507 quorum
494 2472 544 2497 est
572 2469 752 2506 potestate:
784 2473 878 2503 spero
901 2472 1021 2503 praeco-

326 2518 402 2539 nem
419 2518 663 2544 concessurum,
687 2506 737 2536 vel
761 2511 848 2536 certe
876 2505 1021 2540 heredes,

323 2561 463 2591 quorum
482 2561 530 2581 res
545 2556 605 2581 est.
621 2553 754 2590 apparet
769 2548 928 2589 praeconis
942 2547 1021 2577 fuis.

323 2603 357 2624 se
371 2594 410 2623 de
425 2593 476 2623 die
493 2593 705 2623 constituere.

368 2638 404 2666 13
427 2645 497 2675 quoe
511 2636 552 2665 sit
566 2644 649 2674 pars
663 2630 818 2670 duorum]
848 2631 922 2661 Hoc
941 2630 1022 2662 mihi

320 2677 434 2713 durius
451 2677 590 2707 videtur.
614 2686 673 2705 cur
689 2684 755 2704 non
770 2683 881 2703 eorum
894 2675 910 2704 .⁷

366 2722 403 2753 Μ
426 2729 546 2751 munus
565 2728 588 2749 a
609 2722 640 2749 te
662 2718 744 2748 elab.
770 2716 877 2746 decem
900 2717 1023 2756 legato-

1069 1828 1161 1868 rum]
1202 1828 1315 1858 Cicero
1342 1827 1491 1858 voluerat
1521 1828 1602 1857 scire
1630 1827 1767 1859 nomina

1069 1871 1180 1900 decem
1204 1870 1402 1909 legatorum,
1418 1871 1471 1909 qui
1488 1870 1652 1900 Mummio
1675 1870 1766 1899 missi

1068 1913 1199 1943 fuerunt
1216 1924 1235 1943 a
1259 1918 1386 1948 senatu,
1405 1912 1567 1943 Corintho
1591 1912 1710 1947 excisa,
1725 1912 1765 1942 de

1068 1955 1256 1986 ordinandis
1274 1956 1368 1985 rebus
1383 1955 1525 1985 Achaiae.
1572 1954 1611 1984 In
1628 1954 1666 1983 iis
1681 1953 1767 1984 vide-

1066 2002 1122 2027 tur
1151 1997 1307 2027 dissensio
1335 1997 1445 2027 fuisse.
1492 1997 1531 2026 ln
1559 2006 1598 2025 eo
1628 2005 1766 2026 numero

1066 2040 1172 2070 fuerat
1187 2050 1204 2069 e
1229 2040 1395 2071 Ciceronis
1418 2039 1586 2079 opinione,
1603 2038 1639 2068 C.
1661 2037 1766 2068 Tudi-

1066 2087 1176 2118 tanus,
1194 2082 1363 2112 Hortensii
1385 2091 1474 2117 avus,
1489 2090 1563 2111 cum
1580 2080 1678 2110 fuerit
1692 2089 1767 2120 pro-

1066 2134 1160 2154 avus:
1179 2134 1254 2154 nani
1274 2123 1328 2154 ille
1342 2125 1413 2162 ejus
1428 2123 1513 2153 filius
1528 2130 1600 2153 tuin
1618 2123 1766 2152 nondum

1068 2172 1201 2197 aetateni
1228 2165 1327 2205 legati
1354 2166 1430 2196 talis
1459 2166 1622 2196 habebat:
1658 2174 1766 2194 sume-

1068 2209 1190 2239 bantur
1225 2209 1314 2238 enim
1348 2209 1413 2238 fere
1445 2207 1643 2237 consulares
1677 2216 1767 2237 erro-

1068 2260 1136 2281 rem
1165 2251 1205 2281 ab
1235 2250 1347 2280 Attico
1371 2251 1634 2280 demonstratum
1661 2258 1764 2288 agno-

1067 2293 1128 2322 scit
1157 2293 1290 2324 Cicero:
1315 2297 1346 2322 et
1369 2293 1497 2332 quidem
1516 2295 1618 2331 puto.-
1645 2292 1704 2322 ἃς.
1733 2300 1763 2322 ν.

1068 2335 1154 2374 inpr.
1184 2335 1271 2365 infra
1295 2344 1346 2374 ep.
1377 2337 1427 2365 31.
1455 2334 1588 2373 Pighius
1617 2331 1765 2363 ordinem

1065 2377 1279 2417 epistolarum
1308 2377 1538 2416 perturbatum
1561 2374 1702 2414 judicat,
1729 2378 1765 2405 et

1066 2422 1119 2450 31.
1140 2419 1219 2449 facit
1235 2419 1397 2455 omnium,
1413 2419 1444 2448 in
1465 2418 1580 2457 quibus
1604 2416 1699 2455 hujus
1716 2416 1763 2446 rei

1066 2461 1192 2492 mentio
1207 2465 1269 2497 est,
1286 2462 1438 2500 primam,
1456 2460 1496 2490 ad
1511 2470 1539 2489 a.
1555 2460 1626 2490 608.
1642 2468 1673 2498 p.
1688 2458 1762 2489 464.

1065 2504 1119 2534 ubi
1144 2503 1290 2533 ordinem
1316 2502 1502 2533 constituit.
1548 2500 1586 2530 ln
1614 2500 1675 2530 hae
1692 2501 1764 2539 qui-

1063 2546 1137 2576 dem
1152 2544 1304 2586 epistola,
1317 2546 1431 2575 verba:
1447 2553 1505 2581 ego
1516 2543 1573 2574 tibi·
1587 2543 1702 2582 soepius
1713 2552 1763 2572 re-

1063 2588 1209 2628 spondeo,
1227 2590 1371 2628 placere‚
1386 2587 1516 2621 docent,
1533 2584 1618 2615 hanc
1635 2585 1757 2625 episto-

1065 2631 1131 2661 lam
1147 2640 1214 2660 esse
1227 2630 1299 2660 aliis
1314 2629 1538 2669 posteriorem.

1110 2675 1145 2703 15
1171 2671 1433 2713 Siquidpoteris
1456 2679 1532 2701 cum
1560 2667 1695 2711 Pisone]
1727 2677 1763 2701 v.

1064 2725 1117 2756 ep.
1131 2717 1165 2746 2.
