1940 3231
680 101 899 163 ιιιΒΕιι
942 101 1052 140 x1v.
1524 99 1601 140 817

153 225 281 253 mane
312 209 548 268 postridie3
585 208 823 263 eodemque
853 206 923 248 die
954 219 1123 247 mecum
1157 204 1201 246 in
1232 203 1449 255 Cumano,
1480 202 1599 244 illum

155 268 440 311 hereditatem
461 268 693 309 aditurum.
718 264 806 316 sed,
827 273 874 304 ut
899 264 1066 314 scribis,
1084 264 1256 318 ῥοιξόθεμιν
1274 276 1476 317 magnam
1500 275 1600 301 cum

154 325 365 368 Antonio.
406 324 640 367 Buthrotia
660 321 768 363 mihi
796 332 870 363 tua
901 336 966 362 res
988 330 1069 371 est,
1093 330 1141 360 ut
1172 318 1316 369 debet,
1335 319 1503 372 eritque
1525 331 1601 357 cu-

154 398 229 425 rae.
282 383 413 432 Quod
436 382 607 438 quaeriS,
628 379 829 435 44jamne
850 379 903 420 ad
921 387 1107 420 centena
1129 375 1417 418 Cluvianum:
1442 374 1601 415 adven-

155 450 246 482 tare
270 441 463 483 videtur:
514 438 584 479 sed
611 437 751 492 primo
785 451 899 478 anno
936 450 1073 477 Lxxx
1099 434 1370 476 detersimus.
1433 432 1490 478 Q.
1527 444 1601 486 pa-

154 508 220 539 ter
237 499 291 540 ad
313 513 382 540 me
413 496 561 552 gravia
592 495 646 536 de
677 494 782 545 filio,
803 494 991 535 maxime
1023 493 1137 549 quod
1173 492 1297 533 matri
1323 505 1436 532 nunc
1460 487 1601 552 indul-

154 566 269 612 great,
290 556 359 596 cui
391 564 519 595 antea
558 553 667 594 bene
699 552 881 593 merenti
913 551 1043 592 fuerit
1074 550 1290 591 inimicus.
1327 548 1524 590 ardentes
1556 560 1597 586 in

152 628 252 655 eum
275 613 436 654 litteras
459 610 511 651 ad
535 624 604 651 me
636 610 769 651 misit.
802 610 872 650 ille
893 619 1038 650 autem
1070 608 1174 664 quid
1198 617 1314 664 agat,
1337 607 1370 647 si
1404 607 1502 657 scis,
1526 617 1600 646 ne·
1612 612 1645 643 b.

151 685 236 726 que
270 670 374 710 dum
415 668 558 711 Roma
588 682 634 708 es
668 667 903 724 profectus,
942 666 1103 707 scribas
1152 665 1205 706 ad
1250 679 1318 706 me
1350 663 1505 715 velim;
1556 669 1601 702 et

151 726 339 779 hercule,
363 726 395 767 si
420 725 524 785 quid
544 724 678 769 aliud.
711 724 988 768 vehementer
1008 723 1199 764 delector
1222 723 1308 763 tuis
1330 721 1499 762 litteris.

586 825 824 871 CICERO
859 824 1087 866 ATTICO
1120 825 1166 866 S.
1615 823 1661 861 ll

149 883 409 938 NUDIUS
446 894 712 937 TERTIUS
752 894 849 936 dedi
893 894 946 935 ad
987 904 1028 934 te
1065 893 1294 950 epistolam
1330 891 1599 948 longiorem:

153 967 270 996 nunc
284 954 335 995 ad
353 968 417 1004 ea,
434 969 532 1009 quae
551 953 766 1010 proxime.
798 951 940 993 Velim
955 951 1214 1002 mehercule,
1234 950 1406 991 Asturae
1424 949 1599 990 Brutus.

149 1014 337 1053 ἀκολασίαι
368 1011 547 1052 istorum
582 1010 748 1052 scribis.
792 1024 846 1050 an
878 1009 1083 1051 censebas
1115 1009 1269 1050 aliter?
1300 1007 1500 1063 equidem
1537 1015 1601 1047 et-

151 1067 237 1108 iam
281 1069 446 1124 majora
485 1078 712 1125 exspecto,
758 1069 798 1097 45
816 1082 915 1108 cum
957 1067 1156 1122 equidem
1198 1066 1455 1108 concionem
1487 1064 1600 1120 lego,

155 1139 219 1166 DE
253 1139 420 1167 TANTo
457 1139 592 1177 vino,
629 1139 690 1167 DE
721 1138 1030 1167 -CLARISSIMO
1067 1138 1186 1174 cxvt,
1219 1124 1329 1165 ferre
1353 1138 1438 1164 non
1462 1137 1599 1178 queo:

150 1183 232 1224 etsi
265 1183 347 1224 ista
370 1183 464 1239 jam
496 1184 548 1226 ad
581 1183 727 1224 risum.
771 1183 843 1223 sed
877 1191 1122 1224 memento:
1169 1182 1230 1223 sic
1261 1181 1389 1222 alitur
1419 1194 1602 1221 consue-

154 1241 260 1281 tudo
294 1242 553 1297 perditarum
598 1241 894 1292 concionum3
938 1250 987 1282 ut
1017 1239 1153 1284 nostri
1193 1239 1269 1291 illi,
1309 1254 1394 1280 non
1434 1238 1600 1289 heroes,

150 1298 224 1339 sed
256 1298 332 1349 dii,
365 1299 497 1341 futuri
529 1299 704 1354 quidem
737 1298 781 1339 in
812 1298 951 1355 gloria
981 1298 1244 1354 sempiterna
1274 1296 1376 1349 sint,
1404 1296 1482 1337 sed
1512 1311 1600 1337 non

153 1356 246 1397 sine
284 1356 462 1408 invidia,
514 1371 566 1398 ne
601 1357 692 1397 sine
730 1356 922 1412 periculo
962 1356 1154 1411 quidem.
1209 1369 1355 1396 verum
1395 1353 1478 1395 illis
1509 1369 1601 1395 ma-

150 1428 239 1470 gna
276 1413 536 1466 consolatio,
579 1413 849 1456 conscientia
887 1414 1067 1455 maximi
1113 1423 1157 1454 et
1198 1411 1423 1454 clarissimi
1466 1411 1599 1454 facti:

151 1471 278 1513 nobis
320 1475 450 1528 quae?
489 1472 562 1527 qui
604 1470 834 1513 interfecto
872 1485 988 1527 rege,
1020 1471 1142 1513 liberi
1181 1486 1268 1512 non
1302 1471 1479 1511 sumus?
1526 1469 1600 1511 sed

148 1527 245 1570 haec
285 1529 459 1571 fortuna
502 1529 672 1580 viderit,
708 1529 915 1584 quoniam
958 1529 1066 1570 ratio
1110 1543 1197 1569 non
1239 1529 1466 1585 gubernat.
1530 1527 1600 1569 De

150 1586 379 1638 Cicerone,
397 1602 495 1642 quae
520 1587 686 1639 scribis,
702 1587 901 1642 jucunda
932 1586 1037 1627 mihi
1061 1596 1187 1629 sunt:
1228 1586 1370 1636 velim,
1394 1586 1481 1626 sint
1500 1600 1599 1641 pro-

148 1658 287 1701 spera.
317 1646 434 1701 quod
468 1659 569 1686 vero
587 1659 707 1686 curae
729 1645 810 1685 tibi
833 1655 913 1695 est,
937 1654 984 1686 ut
1005 1644 1043 1685 ei
1076 1644 1376 1701 suppeditetur
1397 1643 1451 1684 ad
1473 1658 1600 1685 usum

147 1711 193 1746 et
214 1701 380 1744 cultum
403 1703 594 1759 copiose,
620 1717 694 1759 per
715 1702 822 1743 mihi
847 1711 1018 1758 gratum
1041 1712 1132 1755 est;
1161 1702 1290 1757 idque
1314 1711 1362 1742 ut
1384 1700 1533 1751 facias,
1556 1712 1600 1743 te

142 1760 277 1801 etiam
305 1775 425 1817 rogo.
488 1759 551 1801 De
574 1760 835 1812 Buthrotiis,
857 1771 900 1800 et
925 1769 968 1801 tu
994 1770 1109 1801 recte
1130 1761 1314 1816 cogitas,
1337 1769 1380 1800 et
1402 1774 1486 1815 ego
1508 1774 1598 1802 non

147 1818 326 1860 dimitto
361 1820 487 1859 istam
519 1832 684 1861 curam.
708 1818 942 1874 suscipiam
975 1832 1148 1859 omnem
1182 1819 1314 1859 etiam
1348 1817 1597 1870 actionem3

144 1890 278 1931 quam
316 1876 441 1917 video
474 1876 670 1931 quotidie
707 1875 960 1919 faciliorem,
1025 1875 1094 1917 De
1129 1875 1359 1926 Cluviam,
1389 1875 1598 1930 quoniam

148 1933 195 1974 in
216 1947 261 1974 re
295 1948 389 1975 mea
422 1948 490 1975 me
524 1934 666 1989 ipsum
700 1933 929 1989 diligentia
952 1933 1103 1985 vincis,
1127 1948 1191 1974 res
1221 1934 1273 1975 ad
1296 1943 1480 1974 centena
1502 1947 1599 1989 per-

147 1991 337 2032 ducitur.
360 1992 484 2032 ruina
507 2005 594 2032 rem
615 2006 700 2032 non
725 1990 830 2032 fecit
858 1991 1132 2042 deteriorem,
1155 1991 1270 2032 haud
1301 1992 1391 2033 scio
1423 2005 1476 2031 an
1502 1990 1597 2044 jam

149 2047 501 2093 fructuosiorem.
563 2048 653 2092 Hic
676 2063 844 2090 mecum
872 2049 1049 2100 Balbus,
1075 2048 1262 2100 Hirtius,
1288 2048 1443 2090 Pansa.
1466 2048 1597 2089 modo

148 2107 268 2147 venit
303 2106 528 2156 Octavius,
554 2116 598 2147 et
632 2106 806 2162 quidem
840 2107 883 2148 in
924 2107 1168 2164 proximam
1205 2107 1349 2148 villam
1387 2105 1595 2162 Philippi,

144 2164 254 2205 mihi
289 2173 405 2205 totus
439 2164 624 2207 deditus,
687 2163 895 2206 Lentulus
933 2164 1143 2222 Spinther
1182 2164 1311 2210 hodie
1347 2164 1463 2224 apud
1500 2178 1593 2210 me:

148 2236 242 2264 cras
266 2236 392 2268 mane
416 2222 548 2264 vadit.
972 2223 975 2224 ⁷

588 2295 828 2338 CICERO
857 2295 1089 2340 ATTICO
1121 2297 1166 2341 S,
1613 2309 1663 2348 12

147 2353 198 2408 Ο
232 2364 309 2407 ΜΙ
333 2364 497 2416 Attice,
519 2379 683 2416 vereor,
706 2379 758 2405 ne
787 2365 913 2406 nobis
949 2365 1051 2407 Idus
1090 2365 1225 2410 Mart.
1256 2364 1364 2406 nihil
1397 2364 1726 2413 dederint-p.227.

146 2435 304 2480 praeter
345 2423 559 2474 laetitiam,
594 2432 638 2463 et
669 2423 808 2464 460dii
848 2438 1024 2479 poenam
1058 2439 1108 2465 ac
1142 2423 1318 2465 doloris.
1352 2438 1451 2479 quae
1487 2423 1638 2465 mih-la.

148 2481 277 2524 istinc
302 2480 568 2524 afferuntur?
600 2495 698 2537 quae
730 2480 802 2524 hic
826 2481 979 2527 video?
1011 2483 1034 2526 ὃ
1062 2483 1210 2541 πςοέξεως
1237 2485 1343 2526 καλῆς
1368 2483 1440 2534 μὲν,
1458 2486 1595 2526 ἀτελοῦς

188 2642 230 2671 44
241 2639 363 2679 jamne
389 2639 436 2669 ad
459 2644 595 2671 centena
628 2640 842 2680 Cluuianum]
931 2640 973 2671 46
995 2640 1059 2670 odii
1068 2649 1202 2680 poenam
1217 2649 1257 2670 ae
1271 2639 1402 2679 doloris]
1422 2648 1555 2679 poenam
1571 2639 1593 2669 i.

145 2683 198 2714 An
215 2682 338 2713 reditus
354 2682 505 2713 Cluviani
522 2683 635 2724 praedii
649 2683 687 2713 ad
704 2688 846 2714 centena
888 2683 1111 2723 expiationem
1137 2682 1217 2720 odii,
1243 2687 1276 2712 et
1301 2683 1392 2722 quasi
1415 2682 1592 2719 ultionem,

144 2725 368 2766 pervenerint.
399 2725 441 2755 cf.
469 2736 520 2765 ep.
547 2728 594 2756 10.
617 2727 729 2766 primo
759 2736 846 2756 anno
890 2726 993 2759 ποινήν.
1016 2736 1045 2756 ν.
1063 2725 1172 2757 Clavis
1192 2725 1224 2755 in
1242 2724 1275 2756 h.
1291 2736 1319 2756 v.
1342 2725 1464 2755 frustra
1480 2725 1594 2755 Victo-

146 2769 312 2806 θεῖος-Μία
344 2767 547 2806 detersimus,
572 2770 692 2810 opinor
719 2779 759 2800 ex
787 2769 846 2800 illa
888 2769 957 2799 rius
985 2768 1121 2807 corrigit
1141 2771 1279 2808 plenam
1301 2778 1319 2798 e
1341 2767 1484 2798 lectione
1511 2766 1593 2798 eod.

145 2816 366 2841 centenorum
382 2819 525 2840 summa.
890 2821 952 2842 scr.
963 2821 1087 2851 penam
1100 2822 1109 2838 .·
1132 2810 1219 2850 quod
1234 2814 1284 2841 est
1299 2819 1390 2841 more
1412 2809 1595 2845 scribarum

188 2855 230 2883 45
253 2862 327 2882 cum
355 2853 536 2882 concionem
567 2853 652 2893 lego]
693 2854 847 2890 Antonii,
891 2853 1038 2894 plurium
1054 2863 1114 2895 pro
1121 2863 1269 2895 poenam.

143 2895 179 2927 in
195 2905 258 2935 qua
272 2895 436 2926 Caesarem
450 2894 641 2937 appellavit,
651 2900 691 2929 ut
701 2905 779 2928 mox
788 2900 850 2927 est.

207 2951 317 2980 vox..
342 2951 420 2980 111.
446 2950 489 2980 P.
513 2951 569 2981 11.
829 2943 856 2982 3
881 2952 909 2980 c
