1940 3231
677 167 743 207 L1
759 166 885 204 BER
922 157 1021 205 XIII
1467 174 1546 214 757

101 273 178 316 nio
200 271 446 315 admonitus
468 287 594 314 esses.
626 271 699 313 sed
720 271 816 312 haec
847 271 1003 312 iterum
1025 270 1117 326 ipse
1140 269 1309 311 viderit.
1354 271 1423 313 De
1443 272 1544 314 hor-

102 331 174 382 tis,
196 332 398 395 quoniam
425 331 594 393 probaS‚
610 329 733 370 effice
755 328 933 383 aliquid.
965 329 1151 369 rationes
1170 342 1286 368 meas
1306 331 1435 370 nosti.
1458 332 1543 372 765ἰ

100 402 204 430 vero
225 389 356 430 etiam
379 405 404 429 a
426 387 607 429 Faberio
629 386 790 441 aliquid
822 386 1004 436 accedit,
1027 385 1136 426 nihil
1164 385 1327 441 negotii
1350 396 1429 427 est.
1472 389 1546 430 sed

100 447 232 487 etiam
271 447 361 487 sine
383 461 433 486 eo
468 458 590 499 posse
621 443 768 484 videor
794 444 1070 484 contendere.
1103 444 1271 484 venales
1307 453 1424 484 certe
1447 455 1547 486 sunt

104 501 253 554 Drusi,
269 503 447 544 fortasse
462 511 505 541 et
525 501 719 542 Lamiani
734 512 777 542 et
792 501 1009 543 Cassiani:
1034 500 1105 542 sed
1123 500 1547 543 coram.DeT-e1en-

101 560 166 601 tia
184 575 270 601 non
294 574 466 616 possum
487 558 758 599 commodius
782 559 982 623 scribere,
1001 574 1130 614 quam
1156 568 1202 599 tu
1222 558 1388 600 sciibis.
1408 559 1546 600 offici-

101 630 175 658 um
199 618 255 658 sit
271 617 394 657 nobis
412 616 775 670 antiquissimum.
799 617 954 672 siquid
976 631 1055 656 nos
1074 615 1286 666 fefellerit,
1302 616 1412 657 iilius
1432 617 1546 658 malo

99 688 186 727 me,
208 688 335 729 quam
360 674 442 714 mei
465 674 692 729 poenitere.
756 673 882 716 Oviae
907 673 958 714 C
986 673 1094 714 Lolii
1116 674 1305 714 cuianda
1324 685 1424 715 sunt
1444 674 1509 716 H·
1515 675 1544 716 S

103 746 145 772 c.
170 740 299 784 negat
323 730 430 772 Eros
457 746 579 786 posse
599 732 689 772 sine
712 746 805 783 me;
837 731 980 782 credo,
1003 731 1119 786 quod
1141 735 1179 765 77
1195 731 1449 787 accipienda
1469 732 1547 774 ali-

98 803 184 843 qua
204 789 260 829 sit
276 797 319 828 et
337 789 479 829 danda
502 789 748 830 aestimatio.
783 788 933 830 vellem
957 789 1037 829 tibi
1061 788 1257 830 dixisset.
1281 789 1314 829 si
1338 791 1450 830 enim
1481 804 1546 831 res

97 853 178 896 est,
202 854 248 886 ut
271 845 378 886 mihi
402 847 567 897 scribit,
591 855 765 902 parata3
788 861 868 888 nec
893 847 933 887 in
957 861 1009 887 eo
1034 847 1129 902 ipso
1153 848 1387 889 mentitur:
1411 863 1483 903 per
1505 858 1546 889 te

97 877 255 944 corifici
272 904 428 958 potuit.
453 904 496 944 id
514 919 767 960 cognoscas,
787 915 829 945 et
852 904 1058 945 conficias
1085 904 1225 944 velim.
1260 904 1389 951 Quod
1411 920 1478 945 me
1502 906 1547 947 in

96 959 240 1001 forum
265 976 418 1012 voc-153
441 976 492 1002 eo
515 976 656 1012 vocaS,
679 936 806 1012 unde,
821 963 951 1002 etiam
974 962 1098 1002 bonis
1121 962 1226 1002 meis
1247 962 1388 1014 rebus,
1406 962 1548 1028 fugie-

95 1017 212 1059 bam.
244 1019 348 1073 quid
380 1019 495 1059 enim
518 1020 625 1060 mihi
648 1034 747 1060 cum
770 1019 880 1069 foro,
903 1019 1206 1083 sinejudiciis,
1233 1020 1323 1059 sine
1345 1035 1478 1071 curia,
1503 1022 1547 1062 in

96 1076 244 1117 oculos
277 1077 627 1118 incurrentibus
621 1077 684 1126 iis,
707 1091 814 1131 quos
840 1092 966 1132 aequo
989 1077 1134 1117 animo
1171 1077 1315 1117 videre
1338 1092 1421 1118 non
1448 1093 1549 1134 pos-

45 1183 47 1185 ,
96 1137 220 1176 sum?
253 1134 383 1180 Quod
417 1144 560 1175 autem
585 1134 781 1174 homines
804 1150 828 1175 a
862 1148 929 1175 me
951 1133 1169 1189 postulare
1192 1135 1358 1185 scribis,
1384 1144 1430 1175 ut
1457 1135 1545 1177 Ro-

94 1205 179 1231 mae
215 1191 311 1242 sim,
334 1206 472 1246 neque
504 1191 626 1240 mihi,
660 1201 706 1231 ut
729 1193 884 1242 absim,
906 1192 1157 1242 concedere
1180 1194 1309 1232 78aut
1331 1204 1543 1247 quatenus

94 1262 168 1289 eos
193 1249 298 1289 mihi
333 1249 593 1290 concedere:
624 1248 720 1304 jam
745 1249 910 1305 pridem
943 1249 1052 1290 scito
1082 1264 1188 1298 esse,
1220 1265 1319 1291 cum
1344 1265 1473 1291 unum
1501 1263 1542 1292 te
1556 1265 1586 1294 i)-
1606 1257 1677 1289 193.

93 1305 244 1361 pluris,
263 1321 392 1361 quam
416 1321 564 1347 omnes
587 1306 696 1357 ilios,
721 1315 896 1363 putem:
931 1321 984 1347 ne
1004 1321 1072 1348 me
1091 1307 1266 1362 quidem
1286 1318 1519 1350 contemno
1533 1327 1542 1351 ι
1556 1308 1586 1329 ²²·

94 1377 279 1418 meoque
305 1363 476 1419 judicio
509 1363 645 1404 multo
679 1374 790 1405 staie
824 1365 952 1415 malo,
975 1379 1104 1420 quam
1134 1365 1328 1406 omnium
1361 1366 1561 1421 reliquo-

94 1435 205 1461 rum.
240 1435 378 1477 neque
412 1431 555 1462 tamen
593 1422 847 1478 progiedior
876 1422 1065 1478 longius,
1091 1437 1219 1477 quam
1254 1422 1359 1463 mihi
1385 1424 1546 1464 doctis-

95 1478 194 1518 simi
218 1478 414 1519 homines
438 1481 712 1521 concedunt:
751 1495 934 1535 quorum
959 1480 1118 1536 scripta
1140 1481 1300 1531 omnia,
1324 1496 1547 1545 quaecum-

95 1549 179 1591 que
215 1545 315 1577 sunt
348 1537 391 1577 in
413 1552 508 1577 eam
543 1537 817 1589 sententiam,
839 1552 927 1578 non
949 1537 1034 1594 legi
1070 1537 1224 1587 solum,
1255 1513 1371 1593 qiiod
1403 1554 1546 1595 ipsum

95 1602 189 1634 erat
223 1593 347 1634 fortis
379 1594 549 1650 aegioti,
577 1595 774 1650 accipere
805 1595 1081 1645 medicinam,
1105 1596 1177 1636 sed
1213 1597 1254 1635 in
1288 1610 1384 1636 mea
1413 1597 1547 1638 etiam

96 1650 258 1706 scripta
275 1652 487 1702 transtuli,
509 1652 625 1706 quod
644 1662 760 1693 certe
782 1652 933 1694 afflicti
955 1661 998 1693 et
1033 1652 1158 1693 fracti
1179 1653 1312 1694 animi
1335 1668 1421 1694 non
1447 1654 1545 1696 fuit.

95 1709 151 1749 ab
183 1708 249 1749 his
273 1723 341 1750 me
374 1709 572 1751 remediis
596 1709 684 1751 noli
710 1710 761 1763 in
786 1710 913 1752 istam
951 1710 1122 1752 turbam
1157 1725 1326 1764 vocare,
1352 1725 1403 1752 ne
1437 1714 1545 1753 reci-

96 1766 212 1808 dam.

533 1839 769 1882 CICERO
801 1840 1030 1883 ATTICO
1063 1842 1108 1882 S.

95 1897 197 1950 DE
229 1908 447 1960 Terentia,
470 1909 586 1964 quod
609 1909 717 1950 mihi
740 1924 869 1951 omne
892 1925 999 1951 onus
1024 1910 1238 1966 imponis;
1271 1925 1359 1952 non
1380 1926 1546 1968 cogno-

94 1981 168 2009 sco
191 1975 309 2008 tuam
332 1967 378 2008 iu
408 1981 478 2008 me
499 1967 832 2023 indulgentiam.
863 1969 948 2011 ista
976 1969 1092 2009 enim
1116 1978 1216 2009 sunt
1239 1968 1333 2025 ipsa
1356 1969 1546 2022 vulnera,

1558 1852 1615 1889 ΞΩ.

96 2097 205 2136 Tatio,
219 2098 312 2129 Jens.
329 2097 452 2135 Ranio,
474 2098 530 2128 sed
546 2099 617 2129 sine
643 2100 798 2140 praeposi-

93 2141 197 2172 tione.
242 2140 409 2171 Victorius
431 2141 534 2171 edidit
557 2141 678 2172 Rario.
705 2142 799 2173 Tun-

90 2183 210 2214 stallus
239 2193 272 2223 p.
305 2183 375 2214 162.
406 2184 542 2223 corrigit
576 2183 686 2215 Kana.
716 2185 798 2216 alias

91 2227 193 2257 mitto
209 2227 426 2265 conjecturas.
449 2226 559 2257 Ranio
571 2227 703 2266 praetuii
719 2237 796 2258 cum

91 2269 234 2304 Graevio,
261 2269 337 2308 quia
362 2268 396 2299 id
421 2278 545 2299 nomen
573 2271 735 2309 reperitur
761 2271 797 2301 in

93 2311 240 2351 antiquis
292 2312 540 2342 monumentis:
581 2312 682 2342 Ram·
729 2322 796 2344 non

90 2354 184 2384 item.
228 2353 290 2384 Sed
315 2353 445 2393 quiade
467 2354 581 2385 Attico
607 2364 715 2385 sermo
730 2362 794 2393 est,

90 2396 310 2438 praeceditque
325 2401 363 2426 uc
377 2397 536 2435 corrigas,
551 2397 727 2437 legendum
736 2397 795 2437 fe-

89 2440 415 2469 asses—admonitus
438 2449 527 2470 esses.
556 2441 628 2479 quis
651 2441 794 2471 enimin

78 2480 217 2521 fecisset
231 2481 489 2520 intelligendus?
508 2492 576 2512 non
591 2482 738 2513 dubitavi
750 2483 796 2514 sic

91 2524 265 2563 corrigere.
312 2525 366 2555 Ita
379 2534 492 2554 ser-sus
507 2530 575 2555 est:
600 2526 794 2556 correxisses

89 2565 150 2603 sic,
166 2566 228 2596 etsi
245 2571 277 2597 te
295 2576 362 2597 non
378 2567 516 2604 BrutuS,
528 2567 585 2597 sed
600 2567 673 2597 vilis
688 2569 794 2599 scriba

92 2608 328 2639 admonuisset.
374 2609 532 2639 Ceterum
569 2619 635 2640 nou
662 2611 794 2647 tacebo,

91 2660 146 2680 me
168 2650 345 2689 aliquando
368 2653 567 2689 conjecisse:
598 2653 728 2683 etiamsi
753 2654 796 2683 ab

91 2693 158 2723 alio
187 2693 375 2725 admonitus
400 2704 465 2725 non
503 2704 594 2726 esses.
623 2695 645 2725 i.
676 2706 706 2726 e.
734 2700 795 2727 tua

89 2742 221 2776 sponte.

133 2778 175 2811 76
195 2779 223 2808 sz·
247 2787 323 2807 vero
338 2779 437 2809 etiam
459 2790 482 2810 a
509 2780 646 2811 Faberio
669 2781 798 2820 aliquid

90 2820 227 2859 recedit]
254 2821 382 2859 αἰὲτμιῑιί
395 2822 486 2853 abest
501 2823 575 2854 edd.
591 2833 639 2863 pr.
684 2824 716 2853 Si
733 2823 793 2854 Fa-

89 2862 200 2892 berius
216 2867 324 2893 emtor
339 2871 446 2904 posset
468 2865 624 2904 intelligi,
643 2871 796 2905 putarem

88 2914 143 2935 res
157 2904 335 2943 excidisse3
360 2910 395 2936 ut
411 2916 459 2936 ess
463 2912 539 2944 et,s
544 2907 625 2937 1i11e
639 2909 795 2938 emtionis

89 2947 267 2980 eonsilium
281 2928 408 2989 abjicit.
453 2949 506 2983 lta
520 2950 703 2991 accipiebat
718 2950 792 2981 Ma-

744 2998 774 3034 3

840 2099 967 2138 nutius,
983 2099 1151 2140 corrigens
1165 2110 1217 2130 res
1231 2100 1325 2130 cedit.
1370 2101 1446 2139 Sed,
1470 2102 1547 2141 qnia

841 2141 1007 2179 Faberius,
1024 2149 1064 2173 ut
1086 2153 1137 2182 ep.
1162 2145 1215 2174 25.
1238 2143 1346 2180 docet,
1372 2145 1544 2183 negotium

841 2186 1069 2225 pecuniarium
1103 2185 1246 2215 habebat
1268 2195 1343 2215 cum
1371 2187 1544 2224 Cicerone,

839 2227 949 2267 placet
965 2227 1100 2258 Corradi
1116 2228 1321 2266 conjectura,
1334 2228 1474 2268 legentis
1488 2240 1545 2260 αι’-

839 2271 936 2307 eedit,
953 2270 1041 2310 quod
1055 2275 1090 2300 et
1105 2269 1235 2300 Graevio
1252 2269 1421 2310 placebat:
1446 2273 1472 2302 si
1491 2282 1545 2302 ve-

840 2322 877 2342 ro
894 2319 929 2343 et
946 2323 1018 2353 spes
1033 2316 1082 2343 est
1098 2313 1249 2352 pecuniae
1264 2323 1282 2343 a
1299 2313 1434 2344 Faberio
1458 2315 1544 2345 acci-

839 2355 990 2394 piendae3
1023 2355 1110 2394 quod
1133 2355 1180 2385 rei
1203 2355 1328 2395 optime
1351 2358 1541 2387 consentit:

838 2403 938 2437 atque
954 2398 986 2427 id
1014 2398 1062 2428 ita
1086 2397 1218 2428 evidens
1235 2405 1298 2435 est,
1314 2404 1353 2429 ut
1377 2399 1422 2429 sic
1447 2399 1543 2432 edere

838 2449 905 2470 non
921 2440 1151 2471 dubitaverim.

883 2486 922 2516 77
946 2482 1136 2522 aeciliienda
1161 2483 1276 2522 aliqua
1302 2483 1345 2512 sit
1371 2487 1403 2514 et
1429 2485 1544 2516 danda

839 2526 1026 2565 aestimatio]
1052 2524 1162 2565 Quod,
1192 2526 1267 2563 quia
1293 2527 1433 2565 pecunia
1455 2528 1544 2567 exigi

839 2568 955 2598 debeat
971 2578 991 2599 a
1006 2568 1153 2598 debitore
1167 2567 1290 2606 aliquo,
1308 2569 1468 2608 praedium
1483 2580 1543 2609 pru

838 2611 980 2650 pecunia
1005 2620 1063 2650 per
1092 2611 1348 2640 aestimationem
1379 2613 1541 2652 accipien-

837 2653 915 2683 dum
939 2658 973 2683 et
988 2652 1105 2683 deinde
1128 2653 1278 2692 pecuniae
1295 2653 1367 2683 loeo
1394 2653 1542 2685 dandum

836 2695 880 2725 sit
904 2696 1009 2731 Oviae,
1032 2694 1120 2735 quod
1143 2696 1278 2726 absente
1295 2696 1453 2728 Cicerone
1469 2697 1541 2727 fieri

838 2746 905 2768 non
922 2739 1036 2779 possit.

880 2783 921 2814 73
944 2784 1005 2811 aut
1019 2785 1180 2820 quatenus-
1194 2791 1245 2811 eos
1259 2781 1339 2810 mihi
1353 2780 1537 2820 concedere]

839 2821 922 2854 Haec
955 2823 1104 2854 Graevius
1133 2823 1231 2854 deleri
1262 2822 1416 2859 volebat3
1453 2824 1541 2863 quod

840 2875 909 2895 non
931 2864 1093 2906 displicet.
1118 2867 1216 2896 verba
1239 2864 1483 2903 antecedentia,
1500 2871 1541 2896 ut

839 2907 1167 2938 Romae—concedere
1193 2918 1212 2938 a
1239 2908 1320 2937 Mss.
1338 2908 1457 2938 Graevii
1484 2909 1540 2939 ab.

836 2955 945 2983 erant.
968 2950 1089 2984 absunt
1107 2955 1140 2983 et
1156 2950 1197 2984 ab
1212 2950 1263 2982 ed.
1281 2949 1378 2981 Rom.

799 2997 872 3032 03
