1940 3231
314 144 397 185 792
727 132 911 172 EPIST.
939 131 1016 175 AD
1046 129 1337 176 ATTICUM,

318 253 396 286 tuo
421 239 609 298 periculo
624 238 804 295 jubeam
824 237 954 279 libros
976 236 1066 278 dari
1086 234 1296 277 Varroni?
1326 234 1456 275 etiam
1469 248 1597 277 -nunc-
1612 237 1647 278 si
1668 237 1757 280 dus·

319 302 449 350 bitas,
472 297 539 339 sac
573 306 619 338 ut
655 293 991 338 sciamus.-nihil
1023 306 1085 333 est
1118 293 1230 333 enim
1256 291 1336 332 illis
1367 291 1619 346 elegantius.
1649 293 1757 337 volu

322 357 576 407 Varronem,
600 353 836 410 praesertim
861 365 958 392 cum
981 350 1050 391 ille
1072 350 1280 390 desideret
1300 366 1309 390 :
1343 348 1414 389 sed
1437 359 1515 401 est,
1538 359 1585 390 ut
1605 349 1704 402 scis,

586 429 688 467 Δεινὸς
707 426 792 476 o'crn'g.
810 423 911 472 τείχει
927 438 977 459 κεν
994 424 1052 459 καὶ
1071 422 1210 459 ἀναίτιον
1227 423 1389 460 animm-0.

326 500 390 541 ita
417 497 522 538 mihi
558 509 672 550 saepe
707 491 894 534 occurrit
927 492 1067 532 vultus
1100 491 1208 546 ejuS‚
1230 492 1444 546 querentis
1479 491 1658 533 fortasse
1691 491 1759 535 vel

326 557 428 606 hoc,
451 567 565 595 meas
590 561 728 607 partes
753 550 795 590 in
820 549 868 589 iis
899 548 1016 589 libris
1050 549 1266 603 copiosius
1288 547 1482 592 defensas
1504 556 1770 605 esse,'quam³

332 627 452 654 suas:
500 610 615 665 quod
648 606 888 648 mehercule
919 620 1002 646 non
1035 619 1126 645 esse
1157 605 1383 660 intelliges,
1403 611 1439 641 91
1458 608 1490 648 si
1514 608 1686 662 quando
1716 609 1761 648 in

334 670 514 725 Epirum
539 664 715 706 veneris.
750 678 845 705 nam
868 677 981 703 nunc
1002 661 1227 702 Alexionis
1249 663 1439 717 epistolis
1461 665 1667 706 cedimus.
1689 659 1765 706 sed

334 737 477 768 tamen
500 738 582 779 ego
605 737 690 763 non
710 722 887 777 despero
912 720 1138 776 probatum
1162 719 1210 758 iri
1231 718 1439 762 Varroni:
1460 732 1503 762 et
1522 724 1564 756 95:
1581 723 1638 772 id,
1656 737 1765 777 quo·

335 784 449 825 niam
480 782 718 836 impensam
751 779 929 819 fecimus
953 777 993 817 in
1017 775 1272 825 mam-ocola,
1296 775 1420 817 facile
1453 778 1593 834 patior
1617 779 1764 820 teneri,

303 864 308 867 -
337 840 410 882 sed
433 840 562 880 etiam
586 848 714 891 atque
735 836 865 876 etiam
885 834 997 885 dico,
1013 846 1087 874 tuo
1111 832 1298 889 periculo
1313 832 1400 874 fiet.
1423 849 1566 890 quare,
1585 836 1618 876 si
1633 836 1778 886 addu-⁴

337 898 466 947 bitas‚
488 899 528 930 93
546 895 597 935 ad
622 894 805 935 Brutum
829 903 1107 932 transeamuS.
1138 899 1202 930 est
1223 891 1337 931 enim
1371 891 1404 931 is
1427 906 1596 946 quoque
1612 893 1770 934 Antio-

340 954 478 996 chius.
501 955 541 987 94
555 968 580 993 o
597 950 876 992 Academiam
895 948 1138 998 volaticam,
1152 958 1195 987 et
1215 948 1278 988 sui
1301 948 1498 999 similem,
1518 949 1645 990 modo
1667 950 1770 1000 huc,

341 1011 472 1053 modo
498 1009 611 1051 illuc.
645 1008 731 1055 sed,
754 1022 917 1062 quaeso,
939 1004 1123 1061 epistola
1154 1018 1250 1045 mea
1285 1005 1337 1047 ad
1361 1005 1598 1046 Varronem
1629 1010 1670 1041 95
1685 1007 1771 1048 val-

319 1069 453 1110 ‘dene
477 1067 553 1108 tibi
581 1065 768 1122 placuit?
804 1063 912 1104 male
945 1063 1051 1103 mihi
1074 1062 1144 1113 sit,
1177 1061 1217 1096 93
1232 1061 1264 1102 si
1299 1068 1502 1117 uinquam
1536 1062 1771 1119 quidquam

344 1137 433 1167 tam
456 1125 608 1166 enitar.
639 1137 758 1178 ergo.
781 1133 824 1162 at
846 1135 928 1177 ego
957 1134 1010 1161 ne
1045 1118 1196 1159 Tironi
1225 1119 1398 1173 quidem
1432 1120 1609 1171 dictavi,
1640 1124 1679 1155 97
1694 1120 1770 1176 qui

213 1207 244 1239 p.
260 1198 333 1226 213.
348 1193 460 1227 totas
482 1185 640 1239 πεςιοχιὶς
664 1179 861 1237 persequi
881 1177 1002 1228 solet,
1023 1177 1093 1217 sed
1116 1176 1349 1233 Spintharo
1370 1176 1628 1232 syllabatim.

278 1249 334 1323 2}ss
777 1266 1012 1309 crcERo
1044 1265 1272 1308 ATTICO
1305 1266 1349 1307 s,

350 1331 450 1387 DE
471 1348 510 1379 98
526 1342 697 1399 Virgilii
730 1351 852 1398 parte
888 1340 1009 1382 valde
1043 1341 1193 1396 probo.
1225 1341 1286 1381 sic
1307 1355 1409 1397 ages
1441 1340 1590 1397 igitur.
1620 1348 1664 1382 et
1685 1341 1782 1396 qui-

348 1405 445 1445 dem
470 1402 512 1443 id
534 1402 615 1443 erit
639 1400 850 1456 primum;
882 1397 1130 1454 proximum
1151 1397 1335 1439 Clodiae.
1364 1399 1479 1453 quod
1499 1399 1531 1439 si
1556 1411 1782 1451 neutrum;

349 1470 512 1510 metuo,
546 1462 587 1493 99
602 1472 654 1500 ne
692 1457 876 1506 turbem,
910 1464 953 1495 et
986 1455 1144 1495 irruam
1180 1454 1224 1495 in
1258 1454 1461 1497 Drusum.
1493 1455 1784 1511 intemperans

349 1533 446 1559 sum
473 1517 588 1557 100in
615 1515 708 1570 ejus
732 1513 790 1555 rei
827 1513 1078 1569 cupiditate,
1101 1527 1229 1566 quam
1264 1513 1392 1553 nosti.
1425 1513 1569 1568 itaque
1591 1513 1798 1555 revolvor

355 1574 590 1617 identidem
623 1573 668 1613 in
703 1570 1008 1612 Tusculanum.
1038 1569 1209 1624 quidvis
1241 1570 1355 1610 enim
1389 1571 1548 1625 potius,
1577 1585 1704 1626 quam
1738 1580 1788 1612 ut

355 1648 443 1674 non
465 1631 546 1671 hac
579 1638 728 1671 aestate
750 1628 1009 1669 absolvatur.
1072 1625 1181 1681 Ego,
1207 1636 1253 1667 ut
1287 1637 1454 1681 tempus
1484 1637 1548 1668 est
1576 1638 1804 1681 nostrum„

354 1691 499 1732 locum
525 1687 661 1728 habeo
693 1685 871 1735 nullum,
896 1683 967 1725 ubi
999 1682 1165 1724 facilius
1188 1697 1278 1724 esse
1308 1685 1482 1739 possim,
1505 1699 1632 1740 quam
1657 1684 1793 1726 Astu-⁷

356 1762 432 1789 rae.
479 1745 553 1786 sed
587 1744 702 1800 quia,
735 1743 809 1798 qui
843 1751 1156 1798 mecum-sunt,
1192 1744 1353 1796 (credo,
1391 1741 1506 1797 quod
1540 1743 1790 1785 maestitiam

404 1882 442 1912 91
467 1879 495 1908 si
518 1875 646 1917 quando
668 1875 689 1904 ί.
715 1873 760 1904 Ε.
790 1872 834 1911 υ.]
867 1872 930 1902 Ubi
951 1872 1057 1902 otium
1090 1881 1135 1904 ,re
1151 1871 1297 1902 ductum.
1320 1881 1395 1902 nam
1411 1876 1444 1902 et
1464 1872 1609 1912 gig-nere,
1624 1883 1737 1914 parere
1753 1872 1794 1904 de

363 1919 492 1957 lezendi
517 1919 592 1948 erit.
618 1927 694 1947 nam
719 1925 807 1946 nunc
821 1915 927 1953 legere
951 1920 984 1944 te
1000 1924 1057 1954 po·
1101 1914 1316 1944 scribentibus
1333 1915 1464 1946 dicitur.
1801 1931 1804 1934 >

363 1956 431 1994 tius
458 1960 532 1991 volo
548 1959 700 2000 epistolas
716 1957 936 1998 procuratoris
952 1957 1001 1986 tui
1024 1956 1059 1985 in
1143 1960 1182 1990 97
1207 1957 1261 1996 qui
1276 1961 1359 1987 totas
1374 1969 1434 1999 areg.
1446 1959 1595 1996 'persequi
1616 1957 1708 1998 solet]
1734 1957 1802 1990 Cui

365 2006 468 2046 Epiro
504 2002 542 2033 de
571 2002 666 2032 rebus
694 2001 759 2030 mis
791 2007 826 2030 et
852 2008 905 2029 eas
932 2008 1058 2035 curare,
1103 2008 1163 2037 ego
1181 2005 1269 2029 totas
1286 2000 1433 2039 periodos
1456 1999 1534 2034 dixi,
1551 2009 1629 2037 quas
1653 1999 1708 2029 ille
1722 1999 1801 2030 deiri*

367 2057 465 2088 quam
482 2046 541 2075 hos
556 2044 654 2074 libros
669 2043 789 2082 legere.
1106 2040 1245 2080 scripsit.
1278 2042 1334 2071 sed
1359 2042 1468 2072 nescio
1495 2042 1658 2080 quomodo
1687 2043 1722 2072 in
1745 2041 1807 2074 ed..

412 2091 452 2123 92
476 2089 510 2118 id
518 2104 560 2110 —-
557 2085 667 2125 facile
683 2085 795 2125 patior
820 2082 935 2122 teneri]
961 2082 999 2112 In
1025 2092 1063 2112 eo
1107 2083 1204 2113 Grut.
1226 2084 1356 2113 excidit.
1379 2084 1466 2122 quod
1479 2084 1665 2123 syllabatim
1681 2085 1735 2125 Sp.
1750 2085 1808 2125 (¹¹⁴,

372 2141 432 2162 nos
468 2139 612 2166 manere,
642 2131 680 2158 ut
714 2127 855 2157 Varroni
883 2134 936 2158 eos
964 2125 1064 2155 libros
1107 2126 1220 2162 ctavit,
1247 2126 1452 2165 diligentiam
1478 2125 1644 2156 Ciceronis
1666 2124 1810 2163 indicat.

372 2175 557 2205 mittamus
1107 2168 1250 2198 caventis
1263 2177 1303 2197 ne
1316 2167 1420 2198 ullum
1435 2168 1569 2198 verbum
1583 2168 1690 2206 aliter,
1704 2180 1804 2209 quam

416 2218 456 2250 93
481 2214 526 2244 ad
538 2213 687 2244 Brutum
704 2209 922 2249 transeamus]
955 2208 995 2238 Ei
1009 2208 1068 2238 hos
1111 2210 1178 2250 ipse
1193 2210 1304 2245 vellet,
1320 2210 1525 2240 scriberetur.

374 2257 474 2289 libros
487 2257 672 2286 mittamus
1132 2267 1136 2270 >
1153 2256 1193 2285 98
1219 2252 1354 2290 Virgilii
1367 2251 1495 2290 purte]
1513 2252 1713 2284 Hereditatis
1726 2254 1806 2284 Sea-

391 2298 394 2299 ’
417 2301 459 2334 94
481 2309 497 2328 o
517 2297 730 2328 Academiam
751 2293 940 2332 volaticam]
968 2293 1071 2324 Perti.
1112 2294 1253 2334 pulanae.
1278 2304 1308 2324 ν.
1328 2295 1408 2331 XII,
1427 2297 1477 2324 51.
1500 2299 1587 2324 recte
1602 2295 1753 2331 judicant
1768 2295 1806 2326 P.

377 2346 436 2372 net
464 2341 504 2371 ad
534 2350 614 2376 rem,
641 2348 738 2377 quam
762 2338 842 2376 agit.
886 2335 1071 2366 Academici
1114 2337 1206 2367 Man.
1236 2342 1270 2367 et
1293 2337 1408 2367 Lamb.
1437 2336 1522 2367 hanc
1543 2337 1715 2376 epistolam
1738 2346 1816 2368 essev

376 2385 438 2423 ipsi
461 2388 538 2413 sunt
553 2383 788 2415 inconstantes,
805 2386 842 2409 ut
857 2388 922 2408 non
938 2378 981 2407 sit
1003 2388 1071 2407 cer·-
1115 2379 1222 2409 alieno
1237 2379 1308 2409 loco
1323 2385 1355 2409 et
1373 2380 1407 2409 in
1429 2379 1470 2409 L.
1487 2378 1564 2409 XII.
1589 2379 1665 2418 poni
1680 2379 1809 2410 debuis-

377 2431 465 2462 tum,
501 2434 543 2455 an
578 2423 717 2454 Varroni
755 2421 924 2461 probaturi
958 2421 1072 2456 simuS,
1115 2430 1159 2451 se.
1180 2422 1289 2460 probo,
1305 2421 1391 2460 quod
1406 2427 1515 2460 putas,
1531 2431 1603 2451 eam
1617 2430 1686 2451 esse
1697 2431 1811 2452 emen-

381 2467 469 2507 quod
483 2468 513 2497 ei
529 2472 636 2506 partes
655 2464 868 2497 Antiochinas
884 2462 1043 2503 dedimus
1115 2463 1201 2493 darn.
1224 2462 1381 2503 inteiligit
1403 2464 1518 2494 hortos
1540 2463 1751 2501 Scapulanos.
1775 2465 1818 2495 idv

424 2512 465 2542 95
488 2509 622 2538 waldene
635 2508 692 2538 tibi
701 2506 846 2546 placuit]
874 2505 956 2541 Non,
965 2504 1074 2544 placet
1117 2506 1178 2534 erit
1189 2506 1352 2544 primum,
1364 2506 1423 2537 hos
1438 2505 1641 2535 hortos-ante
1655 2505 1736 2535 aiios
1751 2506 1809 2538 ha-

383 2551 418 2582 τό
441 2552 548 2581 valde.
1115 2547 1190 2577 bere
1204 2548 1310 2587 cupiO.
1472 2560 1476 2562 >
1588 2569 1592 2572 ·

426 2593 467 2628 96
488 2594 516 2622 si
540 2601 697 2631 umquam
715 2591 895 2630 quidquam
921 2593 991 2619 tam
1007 2589 1073 2619 eni-
1158 2594 1199 2624 99
1221 2600 1262 2619 ne
1277 2591 1402 2620 {urbem
1416 2593 1447 2619 et
1460 2590 1642 2619 irruam-in
1656 2589 1740 2629 Dr,]
1758 2591 1827 2622 Ne‘·

384 2641 452 2666 tar.
476 2634 579 2673 erga]
606 2635 658 2664 Sic
672 2633 745 2662 edd,
761 2642 809 2672 pr.
828 2633 942 2662 Rosius
958 2642 974 2662 e
992 2631 1075 2661 libro
1117 2632 1341 2663 vehementior
1365 2632 1426 2661 sim
1449 2631 1483 2660 in
1506 2632 1644 2661 emendo
1667 2640 1700 2663 et
1722 2633 1813 2663 Dru-

384 2689 444 2708 suo
460 2677 553 2719 ἐ’ξγω.
569 2676 655 2706 unde
671 2676 704 2704 in
718 2674 797 2704 alias
811 2674 882 2704 edd.
900 2679 1078 2714 receptum.
1120 2683 1192 2705 sum
1208 2684 1322 2713 cogam
1338 2673 1378 2704 ad
1393 2673 1597 2704 vendendum
1614 2675 1726 2714 quovis
1741 2685 1814 2716 pre-

385 2720 448 2751 Sed
463 2722 491 2750 ei
519 2728 586 2749 non
609 2716 763 2748 convenit
783 2717 972 2755 quidquam,
994 2715 1079 2753 quod
1120 2716 1182 2746 tio.

384 2764 455 2793 sine
471 2761 674 2792 substantivo
690 2768 817 2797 semper
832 2759 982 2796 ponitur;
996 2758 1080 2787 unde
1169 2760 1226 2788 100
1248 2758 1283 2787 in
1308 2756 1378 2797 ejus
1399 2759 1447 2788 rei
1467 2767 1539 2797 cup.
1561 2767 1591 2797 q.
1614 2758 1666 2797 n.]
1698 2757 1817 2789 AEdifi-

385 2803 516 2844 quidam
533 2804 701 2843 conjecere
722 2800 803 2843 ’ἐξ-γυ,
819 2799 905 2838 quod
927 2806 961 2829 et
976 2801 1082 2838 ipsum
1122 2799 1217 2830 candi
1232 2799 1499 2829 fani—revolvor
1522 2801 1556 2830 in
1577 2799 1816 2836 Tusculanum,

385 2847 505 2877 durum
520 2850 581 2877 est.
595 2854 672 2886 ergo
688 2844 748 2873 int.
765 2843 931 2877 mittatur,
948 2842 998 2871 vel
1015 2840 1082 2880 pla·
1125 2841 1219 2872 redeo
1235 2842 1276 2871 ad
1296 2841 1469 2874 consilium
1492 2842 1673 2875 aedificandi
1691 2843 1759 2874 fani
1781 2842 1818 2874 in

387 2889 476 2920 sebit
495 2888 648 2920 Varroni.
669 2886 748 2917 eniti
768 2896 788 2917 a
802 2890 899 2926 partu
921 2883 1080 2915 difficilio-
1121 2883 1309 2917 Tusculano
1324 2893 1410 2916 me0.
1775 2890 1786 2899 ’-
