1940 3231
728 103 942 145 LIBER
978 105 1065 145 XV.
1564 114 1641 152 883

187 205 306 249 enim
326 207 498 251 occulte
518 207 676 252 milites
699 209 754 252 ad
775 224 870 251 eam
903 210 1017 252 diem
1049 211 1307 267 comparati,
1329 219 1374 254 et
1395 213 1572 269 quidem
1594 215 1640 258 in

187 264 321 362 ifstos;
353 267 426 323 qui
465 266 572 308 mihi
611 267 813 310 videntur
854 267 997 310 ubivis
1035 267 1187 320 tutius,
1220 284 1351 325 quam
1387 271 1429 312 in
1471 282 1638 326 senatu,

209 337 297 363 ore.

484 505 570 559 M.
608 505 895 561 TULLII
937 506 1376 563 CICERONIS

378 627 1444 699 EPISTOLARUM

883 763 938 788 An

657 845 702 892 A
733 845 776 893 T
805 846 848 893 T
880 846 903 893 Ι
937 846 977 894 C
1009 846 1059 895 U
1092 847 1165 903 M,

741 955 931 997 LIBER
964 955 1071 998 XV.

698 1149 812 1188 ARG
818 1151 1112 1190 UMENTUM.

180 1210 265 1254 Non
282 1217 389 1253 valde
406 1216 575 1266 dzfferens
598 1220 652 1252 est
675 1216 761 1252 libri
780 1214 886 1262 hujus
904 1221 1160 1264 argumentum
1178 1229 1201 1252 a
1227 1217 1423 1265 superioris
1441 1223 1634 1259 sententia.

231 1270 388 1318 Scriptae
405 1272 500 1306 enim
527 1269 690 1317 epistolae
715 1280 834 1304 omnes
851 1273 949 1312 sunt,
970 1282 1050 1305 curn
1069 1270 1189 1307 adhuc
1209 1270 1334 1306 Romae
1351 1273 1501 1318 negotia
1521 1277 1635 1310 tume-

227 1328 323 1364 rent,
343 1324 597 1370 Antoniusque
614 1326 648 1357 et
670 1322 842 1357 Octavius
861 1323 915 1358 ita
935 1324 1059 1358 omnia
1087 1324 1289 1365 miscerent,
1314 1328 1368 1365 ut,
1389 1327 1554 1372 quamvis
1573 1338 1635 1362 ne-

231 1388 300 1424 que
315 1377 429 1424 plane
448 1376 592 1416 bellum,
622 1386 736 1422 neque
762 1386 838 1422 pax
867 1379 970 1416 esset,
997 1380 1194 1423 appareret
1209 1380 1347 1418 tamen,
1368 1388 1443 1413 rem
1462 1379 1511 1413 ad
1528 1391 1634 1415 arma

229 1430 422 1465 deductum
451 1429 510 1464 iri.
560 1427 638 1469 Quo
670 1428 815 1475 quidem
848 1432 1008 1476 tempore
1039 1428 1163 1465 Cicero
1190 1429 1260 1464 sibi
1289 1430 1430 1472 timens,
1455 1431 1636 1479 simulque

217 1482 361 1532 filium,
381 1480 537 1517 Athenis
554 1480 796 1528 philosophice
823 1492 971 1528 operam
989 1481 1150 1524 dantem,
1177 1483 1324 1529 cupiens
1342 1483 1495 1519 invisere
1507 1497 1520 1524 ;
1552 1496 1634 1520 cum

221 1533 286 1582 jus
305 1534 426 1570 liberoe
444 1533 638 1581 legationis
656 1545 678 1568 a
697 1533 910 1573 Dolabella,
927 1545 1000 1569 non
1018 1538 1139 1569 autem
1152 1534 1402 1583 provincialiS,
1417 1547 1545 1585 nempe
1563 1536 1633 1585 Sy-

229 1588 306 1626 rice,
327 1591 369 1622 ut
397 1585 601 1622 Plutarcho
626 1586 763 1634 placet,
784 1586 944 1628 haberet,
968 1587 1025 1634 (iel
1043 1588 1138 1622 enim
1156 1599 1198 1623 ex
1218 1587 1275 1623 his
1293 1589 1456 1636 epistolis
1475 1600 1519 1625 ac
1541 1589 1633 1626 Phi·

230 1639 369 1688 lippica
397 1639 520 1688 prima
548 1639 809 1686 cognoscitur,)
842 1639 911 1675 iter
935 1640 1029 1687 cepit
1056 1641 1093 1675 in
1117 1640 1310 1682 Graeciam,
1330 1653 1370 1676 eo
1396 1643 1560 1684 consilio,
1591 1647 1633 1679 ut

227 1692 316 1730 Kal.
345 1691 434 1728 Jan.
468 1692 620 1734 adesset,
655 1693 752 1740 quod
781 1692 928 1727 initium
957 1692 1107 1740 cogendi
1137 1691 1294 1729 Senatus
1317 1692 1419 1741 fore,
1449 1694 1577 1731 Hirtio
1596 1700 1633 1731 et

228 1746 355 1781 Pansa
385 1745 612 1781 consulatum
644 1745 861 1786 ineuntibus,
890 1745 1092 1782 videbatur.
1148 1745 1253 1782 Dum
1283 1758 1363 1794 spes
1392 1759 1476 1783 vero
1503 1748 1633 1796 aliqua

226 1799 419 1834 meliorum
437 1795 664 1845 rerumfuz't,
688 1798 894 1845 Brutusque
916 1802 952 1833 et
973 1797 1117 1834 Cassius
1140 1803 1317 1847 praetores
1334 1799 1480 1842 urbani,
1501 1801 1629 1848 quibus

227 1852 386 1900 maxime
401 1851 658 1898 recuperandoe
677 1850 782 1899 Reip.
802 1851 901 1886 ratio
919 1851 1115 1891 nitebatur,
1144 1853 1177 1887 si
1195 1863 1266 1887 non
1289 1851 1428 1895 Romae,
1448 1855 1486 1889 in
1503 1855 1631 1901 proxi,-

224 1906 293 1941 mis
312 1908 433 1940 tamen
463 1903 563 1945 locis,
592 1903 811 1944 manebant,-
837 1915 976 1951 perque
1003 1904 1147 1941 litteras
1175 1908 1212 1940 et
1229 1905 1351 1940 edicta
1367 1917 1448 1941 cum
1465 1906 1630 1942 Antonio

225 1957 430 2006 populoque
460 1957 644 2004 agebant:
672 1968 851 2004 nusquam
882 1957 947 1992 z'lle
975 1957 1113 2004 perlem.
1161 1957 1374 1993 Cedentibus
1398 1963 1520 1995 autem
1539 1959 1628 2002 illis,

226 2015 261 2045 et
279 2011 354 2057 ipse
371 2009 559 2045 consilium
579 2011 675 2057 cepit
692 2009 859 2045 abeundi.
897 2009 987 2045 Haec
1005 2009 1155 2045 illorum
1175 2014 1376 2058 temporum
1391 2011 1546 2047 historia
1560 2017 1627 2049 est.

225 2063 412 2099 Privatim
431 2066 548 2098 tamen
569 2063 607 2098 in
627 2061 682 2097 his
700 2063 864 2110 epistolis
879 2062 991 2110 plura
1010 2064 1253 2104 continentur,
1269 2075 1349 2111 quae
1362 2066 1532 2112 persequi
1549 2064 1628 2101 lon-

223 2127 310 2164 gum
328 2119 429 2151 esset.
485 2114 641 2164 Scriptae
657 2119 742 2150 sunt
761 2119 890 2151 estante
908 2126 995 2152 XVI.
1015 2114 1174 2152 Kalend.
1191 2115 1278 2152 Jan.
1298 2116 1348 2152 ad
1366 2116 1464 2153 Non.
1486 2117 1613 2159 Quint.

609 2214 847 2258 CICERO
878 2213 1109 2258 ATTICO
1142 2217 1187 2258 S.
1644 2232 1661 2266 1

172 2273 222 2326 Ο
249 2284 508 2327 FACTUM
542 2285 652 2326 male
684 2285 738 2326 de
769 2284 1006 2328 Alexione!
1051 2284 1306 2328 incredibile
1344 2295 1424 2338 est,
1462 2295 1628 2342 quanta

171 2357 242 2384 me
271 2343 472 2385 molestia
502 2342 720 2385 affecerit:
755 2358 834 2384 nec
857 2342 1101 2385 mehercule
1123 2358 1178 2385 ex
1201 2357 1253 2385 ea
1276 2352 1396 2400 parte
1419 2344 1626 2397 maxime,

172 2402 289 2458 quod
327 2401 518 2458 plerique
551 2415 747 2443 mecum:
780 2401 834 2442 ad
862 2415 991 2456 quem
1015 2401 1149 2457 igitur
1172 2411 1214 2443 te
1235 2402 1452 2444 medicum
1476 2402 1628 2444 coufe-

173 2462 268 2501 res?
299 2460 404 2516 quid
437 2459 546 2500 mihi
573 2458 668 2514 jam
702 2458 902 2502 medico?
933 2469 1009 2500 aut
1042 2460 1076 2501 si
1099 2474 1209 2516 opus
1230 2468 1310 2511 est,
1335 2469 1455 2501 tanta
1477 2460 1628 2517 inopia

173 2520 262 2560 est?
298 2531 489 2559 amorem
511 2531 615 2574 erga
633 2531 718 2568 me,
741 2516 1074 2569 humanitatem,
1097 2517 1442 2574 suavitatemque
1458 2517 1627 2560 deside-

173 2589 238 2615 ro.
271 2575 402 2616 etiam
437 2574 569 2617 illud:
603 2574 708 2630 quid
740 2583 820 2626 est,
853 2575 970 2630 quod
1005 2590 1090 2617 non
1125 2575 1517 2633 pertimescendum
1544 2577 1625 2629 sit;

174 2646 273 2674 cum
296 2632 519 2674 hominem
541 2642 871 2690 temperantem,
891 2647 1108 2674 summum
1130 2633 1363 2686 medicum,
1380 2643 1526 2676 tantus
1545 2633 1627 2675 im-

173 2690 349 2746 proviso
372 2691 548 2732 morbus
579 2690 872 2748 oppresserit?
904 2690 976 2732 sed
999 2691 1054 2732 ad
1077 2691 1172 2733 haec
1194 2692 1343 2734 omnia
1365 2707 1449 2733 una
1470 2706 1625 2733 conso·
1636 2706 1670 2738 b,

172 2747 279 2789 latio
298 2757 378 2799 est,
401 2749 517 2803 quod
537 2763 587 2789 ea
608 2749 861 2791 conditione
885 2749 974 2790 nati
999 2764 1162 2800 sumus,
1184 2761 1233 2791 ut
1261 2748 1385 2799 nihil,
1408 2749 1522 2804 quod
1546 2748 1626 2791 ho-

170 2805 279 2847 mini
302 2805 497 2847 accidere
529 2807 680 2863 possit,
702 2821 900 2848 recusare
922 2806 1173 2849 debeamus.
1227 2807 1296 2849 De
1315 2806 1512 2849 Antonio
1529 2807 1626 2862 jam

171 2872 300 2905 antea
333 2863 413 2905 tibi
447 2863 615 2920 scripsi,
648 2879 737 2907 uon
770 2879 862 2907 esse
895 2879 994 2907 eum
1028 2881 1054 2908 a
1090 2880 1160 2908 me
1192 2873 1473 2908 conventum,
1507 2865 1628 2907 venit

227 2934 339 2964 von.
363 2935 442 2966 111.
466 2935 590 2965 P.11.
853 2927 879 2965 3
904 2936 934 2965 u
