1940 3231
683 135 889 175 LIBER
921 135 1029 174 xvr.
1509 137 1585 189 ⁸75

151 238 316 282 duabus
340 240 423 283 tuis
453 239 570 298 prior
593 240 700 282 mihi
725 240 810 297 legi
834 248 983 296 coepta
1003 247 1081 281 est.
1098 238 1170 280 illa
1191 239 1385 281 omnium
1408 239 1585 294 quidem

150 297 553 354 elegantissima.ne
569 298 649 340 sim
660 298 816 349 salvus,
839 298 873 339 si
891 298 1013 339 aliter
1025 296 1184 348 scribo,
1207 312 1257 337 ae
1279 297 1444 347 senti03
1475 295 1584 338 nihil

149 354 234 411 legi
263 355 502 398 humanius.
525 356 669 411 itaque
688 356 873 407 veniam,
891 370 977 411 quo
997 369 1141 405 trocaS,
1162 354 1292 395 modo
1311 354 1509 408 adjutore
1527 364 1583 394 te.

153 413 226 465 sed
248 413 355 454 nihil
373 424 460 455 tam
478 415 724 469 ἆπςοσὸιόνυσον
742 413 850 454 mihi
873 413 1012 469 primo
1031 412 1269 463 videbatur,
1287 425 1418 467 quam
1435 411 1489 451 ad
1507 410 1583 451 has

146 468 326 522 litteras,
348 471 504 526 quibus
524 484 607 526 ego
629 485 655 511 a
677 480 718 511 te
736 469 963 513 consilium
983 469 1206 526 petieram,
1226 480 1268 510 te
1290 468 1393 510 mihi
1417 467 1501 508 ista
1518 481 1584 508 re-

149 527 349 569 scribere.
378 542 478 569 ecce
501 527 579 568 tibi
609 527 754 579 altera,
784 543 869 584 qua
893 527 1078 569 hortaris
1099 530 1179 583 wg’
1206 529 1370 580 ἠνεμόεντα
1399 530 1579 578 Mapoura,

148 589 245 628 Nn'o-ss
274 589 326 627 ἐπὶ
356 588 488 641 ψυςιής,
509 583 698 641 Appiam
724 588 773 627 ἐπ’
796 588 914 641 ἀςις-εξ
931 587 1061 638 ἔχοντα.
1094 585 1241 640 itaque
1266 598 1318 624 eo
1339 583 1409 623 (lie
1441 582 1577 623 mansi
1590 596 1621 626 p.
1638 588 1711 620 260.

147 641 328 696 Aquini.
355 641 581 697 longulum
613 657 715 684 sane
745 643 840 693 iter,
871 646 911 676 97
927 652 972 682 et
1003 642 1073 682 via
1094 642 1261 698 inepta:
1296 641 1394 682 inde
1423 641 1620 695 postri-st·

149 698 219 739 die
240 713 366 739 mane
389 699 679 755 proficiscens,
694 700 769 741 has
791 699 955 741 litteras
976 699 1073 740 dedi
1091 716 1101 740 :
1127 708 1170 739 et
1188 698 1377 753 quidem,
1397 708 1444 738 ut
1467 713 1492 738 a
1513 711 1582 738 me

148 755 411 798 dimitterem
445 756 742 809 invitissimus,
775 757 970 799 fecerunt
1001 755 1145 797 Erotis
1177 757 1349 797 litterae.
1382 769 1469 797 rem
1503 755 1585 796 tibi

146 811 249 853 Tiro
287 814 492 856 narrabit.
532 825 595 866 tu,
630 815 735 870 quid
768 814 1014 856 faciendum
1048 815 1118 865 sit,
1149 813 1332 854 videbis,
1366 822 1586 869 praeterea,

147 871 366 925 possimne
389 872 565 928 propius
596 873 813 924 accedere,
835 871 968 925 (malo
991 871 1106 912 enim
1136 885 1227 912 esse
1254 871 1296 911 in
1326 869 1586 921 Tusculano,

146 936 222 977 aut
244 930 412 985 uspiam
435 930 478 970 in
501 931 783 981 suburbano,)
805 944 860 970 au
881 929 1011 969 etiam
1036 929 1205 984 longius
1226 927 1588 969 98discedendum

147 994 290 1040 putes,
312 988 464 1028 crebro
491 988 544 1029 ad
574 1002 643 1029 me
666 987 792 1029 velim
817 986 994 1029 scribas.
1016 986 1098 1027 erit
1117 995 1261 1027 autem
1284 985 1494 1041 quotidie,
1516 984 1587 1026 cui

146 1042 236 1084 des.
298 1045 429 1092 Quod
467 1054 676 1102 praeterea
711 1044 914 1095 consulis,
945 1044 1049 1098 quid
1086 1042 1166 1085 tibi
1197 1057 1395 1084 censeam
1421 1042 1589 1084 faciun-

147 1100 266 1152 dum,
288 1102 466 1143 difficile
487 1111 567 1154 est,
585 1117 686 1144 cum
708 1102 861 1143 absim.
879 1111 1191 1151 verumtamen,
1211 1104 1252 1135 99
1265 1100 1301 1141 si
1324 1114 1445 1157 pares
1465 1114 1590 1155 aeque

148 1157 261 1200 inter
292 1173 350 1210 se,
382 1160 718 1215 quiescendum:
750 1160 841 1211 sin3
873 1159 999 1200 latius
1031 1158 1240 1210 manabit,
1262 1167 1306 1199 et
1329 1157 1503 1213 quidem
1535 1157 1588 1198 ad

147 1230 241 1267 nos,
263 1217 417 1258 deinde
435 1217 737 1259 communiter.
756 1217 881 1258 avide
898 1227 1019 1259 tuum
1039 1215 1268 1258 consilium
1289 1225 1511 1271 exspecto.
1536 1215 1591 1255 ti-

147 1287 260 1324 meo,
290 1289 344 1315 ne
374 1276 528 1326 absim,
550 1290 650 1316 cum
681 1275 828 1317 adesse
858 1289 928 1315 me
959 1274 1014 1315 sit
1044 1273 1293 1315 honestius:
1328 1272 1471 1313 venire
1503 1286 1590 1313 non

146 1331 300 1373 audeo.
363 1331 432 1373 De
453 1332 637 1374 Antonii
664 1333 892 1374 itineribus
921 1332 1066 1373 nescio
1089 1331 1193 1386 quid
1216 1329 1338 1371 aliter
1360 1330 1504 1380 audio,
1527 1339 1592 1370 at-

146 1403 231 1444 que
253 1389 305 1430 ad
331 1397 372 1431 te
394 1391 651 1432 scribebam.
674 1390 822 1431 omnia
843 1390 978 1446 igitur
1003 1389 1129 1430 velim
1155 1387 1361 1444 expliceS,
1382 1396 1425 1428 et
1447 1387 1501 1428 ad
1522 1401 1593 1428 me

150 1455 269 1488 certa
306 1447 469 1489 mittas.
533 1448 602 1489 De
651 1447 817 1503 reliquo
857 1447 961 1503 quid
1002 1447 1083 1488 tibi
1123 1460 1206 1503 ego
1245 1446 1384 1487 dicam
1403 1448 1416 1486 ?
1463 1445 1593 1486 ardeo

150 1505 211 1534 ¹00
234 1504 378 1546 studio
399 1504 621 1548 historiae:
654 1504 985 1558 (incredibiliter
1006 1504 1121 1545 enim
1153 1517 1221 1545 me
1243 1511 1491 1544 commovet
1519 1512 1595 1543 tua

147 1561 394 1603 cohortatio
410 1564 440 1613 ε)
472 1577 570 1618 quae
592 1562 769 1618 quidem
792 1576 870 1603 nec
893 1562 1077 1613 institui,
1099 1575 1179 1603 nec
1200 1560 1314 1602 effici
1337 1569 1481 1616 potest
1502 1560 1593 1601 sine

148 1626 224 1660 tua
245 1633 342 1675 ope.
361 1634 508 1661 coram
533 1620 667 1676 igitur
690 1620 774 1661 hoc
794 1620 970 1675 quidem
993 1618 1280 1660 conferemus.
1329 1617 1381 1658 In
1405 1631 1593 1673 praesen-

147 1676 210 1717 tia
230 1677 336 1717 mihi
361 1678 491 1719 velim
513 1678 690 1729 scribas,
713 1677 869 1733 quibus
893 1677 1143 1719 censoribus
1167 1675 1218 1717 C.
1240 1675 1429 1716 Fannius
1453 1674 1521 1716 M.
1542 1674 1593 1716 F.

150 1734 349 1775 tribunus
371 1735 509 1792 plebis
536 1734 681 1776 fuerit.
713 1735 861 1776 videor
881 1735 990 1776 mihi
1012 1734 1195 1785 audisse,
1219 1733 1270 1775 P.
1292 1732 1517 1783 Africano,
1543 1733 1593 1773 L.

149 1790 386 1834 Mummio.
408 1793 451 1834 id
474 1793 608 1849 igitur
626 1807 790 1848 quaero.
814 1802 859 1833 tu
882 1793 988 1834 mihi
1007 1793 1061 1833 de
1081 1792 1132 1832 iis
1155 1792 1296 1842 rebus,
1313 1805 1409 1847 quae
1430 1805 1595 1832 novan-

149 1857 232 1902 tur,
255 1850 403 1892 omnia
423 1860 556 1904 certa,
577 1851 704 1892 clara.
730 1864 790 1892 111
818 1849 886 1892 Id.
906 1865 961 1892 ex
985 1849 1203 1907 Arpinati.

584 1939 821 1982 CICERO
853 1939 1083 1982 ATTICO
1116 1940 1161 1982 S.
1610 1953 1658 1990 14

149 1995 352 2050 NIHIL
372 2018 465 2050 erat
488 2009 628 2066 plane,
653 2011 769 2066 quod
795 2010 1042 2052 scriberem.
1066 2025 1165 2051 nam
1186 2023 1286 2051 cum
1309 2007 1502 2049 Puteolis
1524 2022 1589 2049 es-

147 2079 253 2117 sem,
275 2067 472 2121 quotidie
499 2067 662 2123 aliquid
691 2068 792 2110 novi
814 2068 868 2110 de
891 2067 1152 2119 Octaviano,
1172 2067 1310 2108 multa
1329 2067 1462 2108 etiam
1485 2065 1593 2106 falsa

148 2122 203 2165 de
224 2124 436 2166 Antonio.
458 2125 512 2166 ad
531 2139 582 2167 ea
602 2134 762 2177 autem,
785 2140 881 2183 quae
906 2125 1130 2181 scripsisti,
1152 2129 1257 2178 (tres
1276 2124 1391 2165 enim
1414 2137 1593 2180 accepe-

147 2195 239 2222 ram
264 2195 325 2223 111
350 2181 454 2223 Idus
475 2198 500 2223 a
521 2191 564 2224 te
587 2183 826 2240 epistolas,)
851 2183 972 2225 valde
996 2183 1075 2224 tibi
1099 2182 1324 2233 assentior,
1348 2181 1383 2222 si
1408 2181 1593 2223 multum

145 2239 286 2294 possit
311 2238 594 2292 Octavianus,
629 2241 766 2282 multo
800 2241 965 2282 firmius
996 2250 1094 2282 acta
1129 2240 1302 2297 tyranni
1335 2239 1596 2294 comproba-

145 2305 240 2338 tum
258 2296 326 2350 iri,
353 2299 366 2327 1
383 2312 513 2353 quam
532 2298 575 2339 in
588 2297 786 2351 Telluris,
805 2308 934 2354 atque
952 2297 996 2340 id
1014 2307 1168 2340 contra
1181 2298 1366 2340 Brutum
1385 2294 1502 2338 fore:
1527 2296 1594 2338 sin

187 2445 229 2478 97
251 2448 284 2475 et
297 2445 354 2475 vz'a
367 2445 494 2486 inepta]
511 2446 565 2477 Sic
578 2446 650 2477 edd.
667 2447 759 2477 Jens.
772 2446 847 2478 Asc.
889 2447 923 2477 bi
946 2447 1064 2477 Rmuae
1088 2444 1292 2477 manendum
1318 2448 1414 2485 puto-
1440 2444 1491 2475 εἰη
1503 2456 1516 2481 5
1545 2445 1594 2474 la·

146 2484 222 2517 Ald.
238 2487 296 2518 διο.
311 2488 398 2527 quod
412 2493 446 2518 et
460 2489 625 2519 Victorius
640 2495 772 2520 secutus
784 2494 846 2527 est,
891 2491 956 2520 tius
979 2490 1127 2520 manabit
1143 2489 1202 2519 ἃς.
1225 2489 1252 2518 si
1274 2497 1367 2518 secus
1387 2492 1450 2524 est,
1466 2485 1594 2518 malum

147 2529 356 2570 restituitque
368 2531 529 2562 Graevius.
573 2532 690 2563 Bosius
703 2532 782 2563 fecit
792 2534 849 2563 via
890 2537 925 2563 et
952 2531 1136 2573 periculum
1162 2531 1262 2562 latius
1287 2529 1449 2567 manabit,
1470 2533 1503 2560 ct
1528 2530 1594 2570 pri-

146 2571 262 2614 ἀμάραι,
276 2583 294 2603 e
310 2573 427 2604 vitiosa
439 2573 582 2604 lectione
595 2580 702 2612 mata,
717 2579 847 2612 mnata,
892 2584 984 2605 mum
1005 2575 1137 2614 quidem
1160 2574 1202 2604 ad
1229 2582 1302 2610 ῃοε,
1327 2573 1382 2612 qui
1403 2571 1594 2613 reipublicae

145 2616 232 2654 quod
254 2620 378 2646 temere
401 2623 531 2646 secutus
554 2623 604 2647 est
619 2618 794 2655 Gruterus,
810 2623 849 2648 ut
892 2617 1078 2648 defensores
1091 2617 1228 2652 fuimus,
1244 2615 1361 2647 deinde
1375 2615 1416 2646 ad
1431 2623 1558 2645 omnes,

147 2656 213 2688 alia
228 2658 382 2694 Roaiam,
397 2658 549 2699 deditque
561 2661 618 2690 via
631 2669 765 2690 amara.
939 2663 998 2691 100
1035 2660 1143 2690 studio
1184 2658 1340 2698 historioe]
1389 2656 1592 2688 scribendae:

190 2702 230 2734 98
254 2700 481 2731 discedendum
502 2703 610 2742 putes]
637 2703 701 2733 Pro
716 2703 850 2743 vulgato
892 2703 979 2741 quod
992 2712 1038 2733 sc.
1055 2712 1076 2733 a
1087 2703 1245 2734 Cicerone
1261 2702 1425 2742 petierant
1440 2699 1549 2740 plures
1560 2703 1596 2728 et

140 2745 247 2783 putas
260 2741 334 2772 dedi
346 2748 452 2782 putes,
474 2750 513 2774 ut
527 2745 658 2776 volebat
674 2746 850 2777 Corradus.
894 2744 1092 2776 hortabatur
1106 2745 1249 2776 Atticus.

147 2784 297 2824 postulat
325 2785 375 2816 ita
401 2785 563 2824 latinitas,
583 2788 852 2828 possimne—an
941 2791 953 2818 l
978 2797 1079 2828 quam
1107 2789 1143 2818 in
1165 2787 1230 2817 aede
1253 2784 1410 2825 Telluris]
1435 2785 1595 2824 Compro-

140 2831 249 2867 Pmssff·
894 2829 972 2862 bata
994 2834 1073 2861 sunt
1096 2831 1186 2862 SCto
1206 2829 1321 2859 statim
1346 2839 1365 2858 a
1380 2827 1519 2860 Caesaris
1533 2835 1596 2857 cae-

189 2872 230 2904 99
251 2870 279 2900 sz'
294 2879 396 2909 pares
410 2880 497 2911 aeque
510 2872 598 2903 inter
611 2871 658 2912 se]
682 2873 850 2903 Antonius
893 2873 951 2906 de:
974 2878 1014 2904 ut
1029 2878 1160 2905 constat
1175 2882 1214 2904 ex
1231 2870 1317 2903 Phil.
1334 2870 1361 2902 1.
1379 2871 1438 2902 ἃς.

147 2914 182 2942 et
196 2912 397 2945 Octavianus
414 2914 526 2955 copiis.
549 2915 789 2956 quiescendum,
803 2916 848 2946 ti-
