<?xml version="1.0" encoding="UTF-8"?>
<!DOCTYPE html PUBLIC "-//W3C//DTD XHTML 1.0 Transitional//EN"
    "http://www.w3.org/TR/xhtml1/DTD/xhtml1-transitional.dtd">
<html xmlns="http://www.w3.org/1999/xhtml" xml:lang="en" lang="en">
 <head>
  <title>
</title>
<meta http-equiv="Content-Type" content="text/html;charset=utf-8" />
  <meta name='ocr-system' content='tesseract 3.04.00' />
  <meta name='ocr-capabilities' content='ocr_page ocr_carea ocr_par ocr_line ocrx_word'/>
</head>
<body>
  <div class='ocr_page' id='page_1' title='image "./p2operaomnia03ciceuoft_0307.png"; bbox 0 0 1940 3231; ppageno 0'>
   <div class='ocr_carea' id='block_1_1' title="bbox 717 132 1622 179">
    <p class='ocr_par' dir='ltr' id='par_1_1' title="bbox 717 132 1622 179">
     <span class='ocr_line' id='line_1_1' title="bbox 717 132 1622 179; baseline 0.002 -7"><span class='ocrx_word' id='word_1_1' title='bbox 717 132 923 172; x_wconf 90' lang='lat' dir='ltr'><strong>LIBER</strong></span> <span class='ocrx_word' id='word_1_2' title='bbox 967 133 1041 172; x_wconf 87' lang='lat' dir='ltr'>XI.</span> <span class='ocrx_word' id='word_1_3' title='bbox 1545 138 1622 179; x_wconf 80' lang='lat'>731</span> 
     </span>
    </p>
   </div>
   <div class='ocr_carea' id='block_1_2' title="bbox 165 236 1627 472">
    <p class='ocr_par' dir='ltr' id='par_1_2' title="bbox 165 236 1627 472">
     <span class='ocr_line' id='line_1_2' title="bbox 166 236 1626 297; baseline -0.002 -13"><span class='ocrx_word' id='word_1_4' title='bbox 166 241 428 293; x_wconf 81' lang='lat' dir='ltr'>claiaverit,)</span> <span class='ocrx_word' id='word_1_5' title='bbox 450 253 533 297; x_wconf 88' lang='lat' dir='ltr'>ego</span> <span class='ocrx_word' id='word_1_6' title='bbox 557 245 700 282; x_wconf 87' lang='lat' dir='ltr'>tamen</span> <span class='ocrx_word' id='word_1_7' title='bbox 724 239 759 279; x_wconf 92' lang='lat' dir='ltr'>is</span> <span class='ocrx_word' id='word_1_8' title='bbox 782 252 871 289; x_wconf 88' lang='lat' dir='ltr'>ero,</span> <span class='ocrx_word' id='word_1_9' title='bbox 893 237 968 293; x_wconf 87' lang='lat' dir='ltr'>qui</span> <span class='ocrx_word' id='word_1_10' title='bbox 1001 250 1171 293; x_wconf 83' lang='lat' dir='ltr'><strong>semper</strong></span> <span class='ocrx_word' id='word_1_11' title='bbox 1194 236 1272 278; x_wconf 83' lang='lat' dir='ltr'>fui.</span> <span class='ocrx_word' id='word_1_12' title='bbox 1301 237 1390 289; x_wconf 90' lang='lat' dir='ltr'>sed,</span> <span class='ocrx_word' id='word_1_13' title='bbox 1410 244 1459 280; x_wconf 86' lang='lat' dir='ltr'>ut</span> <span class='ocrx_word' id='word_1_14' title='bbox 1480 238 1626 291; x_wconf 89' lang='lat' dir='ltr'>video,</span> 
     </span>
     <span class='ocr_line' id='line_1_3' title="bbox 165 294 1625 355; baseline -0.003 -13"><span class='ocrx_word' id='word_1_15' title='bbox 165 300 304 342; x_wconf 88' lang='lat' dir='ltr'>multo</span> <span class='ocrx_word' id='word_1_16' title='bbox 328 298 466 355; x_wconf 81' lang='lat' dir='ltr'>magis</span> <span class='ocrx_word' id='word_1_17' title='bbox 488 306 553 339; x_wconf 88' lang='lat' dir='ltr'>est</span> <span class='ocrx_word' id='word_1_18' title='bbox 575 297 701 339; x_wconf 86' lang='lat' dir='ltr'>nobis</span> <span class='ocrx_word' id='word_1_19' title='bbox 722 295 1008 337; x_wconf 76' lang='lat' dir='ltr'>laborandum</span> <span class='ocrx_word' id='word_1_20' title='bbox 1032 295 1085 336; x_wconf 90' lang='lat' dir='ltr'>de</span> <span class='ocrx_word' id='word_1_21' title='bbox 1101 294 1276 347; x_wconf 74' lang='lat' dir='ltr'>Africa3</span> <span class='ocrx_word' id='word_1_22' title='bbox 1300 310 1430 350; x_wconf 80' lang='lat' dir='ltr'>quam</span> <span class='ocrx_word' id='word_1_23' title='bbox 1448 298 1625 352; x_wconf 89' lang='lat' dir='ltr'>quidem</span> 
     </span>
     <span class='ocr_line' id='line_1_4' title="bbox 165 344 1626 418; baseline -0.003 -18"><span class='ocrx_word' id='word_1_24' title='bbox 165 368 213 400; x_wconf 83' lang='lat' dir='ltr'>tu</span> <span class='ocrx_word' id='word_1_25' title='bbox 238 358 391 399; x_wconf 89' lang='lat' dir='ltr'>scribis</span> <span class='ocrx_word' id='word_1_26' title='bbox 400 344 712 398; x_wconf 70' lang='lat' dir='ltr'>5ssconfirmari</span> <span class='ocrx_word' id='word_1_27' title='bbox 735 353 932 418; x_wconf 83' lang='lat' dir='ltr'>quotidie</span> <span class='ocrx_word' id='word_1_28' title='bbox 956 353 1095 410; x_wconf 82' lang='lat' dir='ltr'>magis</span> <span class='ocrx_word' id='word_1_29' title='bbox 1119 353 1171 393; x_wconf 84' lang='lat' dir='ltr'>ad</span> <span class='ocrx_word' id='word_1_30' title='bbox 1195 353 1462 394; x_wconf 86' lang='lat' dir='ltr'>conditionis</span> <span class='ocrx_word' id='word_1_31' title='bbox 1488 369 1626 410; x_wconf 86' lang='lat' dir='ltr'>spem,</span> 
     </span>
     <span class='ocr_line' id='line_1_5' title="bbox 165 410 1627 472; baseline -0.003 -14"><span class='ocrx_word' id='word_1_32' title='bbox 165 431 297 472; x_wconf 84' lang='lat' dir='ltr'>quam</span> <span class='ocrx_word' id='word_1_33' title='bbox 324 413 532 460; x_wconf 76' lang='lat' dir='ltr'>victoriae.</span> <span class='ocrx_word' id='word_1_34' title='bbox 555 411 670 468; x_wconf 89' lang='lat' dir='ltr'>quod</span> <span class='ocrx_word' id='word_1_35' title='bbox 696 413 861 452; x_wconf 84' lang='lat' dir='ltr'>utinam</span> <span class='ocrx_word' id='word_1_36' title='bbox 885 411 947 452; x_wconf 87' lang='lat' dir='ltr'>ita</span> <span class='ocrx_word' id='word_1_37' title='bbox 969 412 1106 453; x_wconf 87' lang='lat' dir='ltr'>esset!</span> <span class='ocrx_word' id='word_1_38' title='bbox 1139 411 1213 452; x_wconf 88' lang='lat' dir='ltr'>sed</span> <span class='ocrx_word' id='word_1_39' title='bbox 1235 411 1366 467; x_wconf 76' lang='lat' dir='ltr'>longe</span> <span class='ocrx_word' id='word_1_40' title='bbox 1388 410 1511 452; x_wconf 71' lang='lat' dir='ltr'>aliter</span> <span class='ocrx_word' id='word_1_41' title='bbox 1535 425 1627 453; x_wconf 87' lang='lat' dir='ltr'>esse</span> 
     </span>
    </p>
   </div>
   <div class='ocr_carea' id='block_1_3' title="bbox 167 445 1631 583">
    <p class='ocr_par' dir='ltr' id='par_1_3' title="bbox 167 445 1631 583">
     <span class='ocr_line' id='line_1_6' title="bbox 167 445 1628 530; baseline -0.003 -14"><span class='ocrx_word' id='word_1_42' title='bbox 167 473 394 530; x_wconf 81' lang='lat' dir='ltr'>intellig03</span> <span class='ocrx_word' id='word_1_43' title='bbox 427 481 554 526; x_wconf 88' lang='lat' dir='ltr'>teque</span> <span class='ocrx_word' id='word_1_44' title='bbox 578 470 719 526; x_wconf 88' lang='lat' dir='ltr'>ipsum</span> <span class='ocrx_word' id='word_1_45' title='bbox 744 470 805 510; x_wconf 89' lang='lat' dir='ltr'>ita</span> <span class='ocrx_word' id='word_1_46' title='bbox 825 469 1079 511; x_wconf 79' lang='lat' dir='ltr'>existimare</span> <span class='ocrx_word' id='word_1_47' title='bbox 1107 470 1310 521; x_wconf 80' lang='lat' dir='ltr'>arbitror,</span> <span class='ocrx_word' id='word_1_48' title='bbox 1311 445 1459 510; x_wconf 58' lang='lat' dir='ltr'>Daliter</span> <span class='ocrx_word' id='word_1_49' title='bbox 1481 477 1628 511; x_wconf 84' lang='lat' dir='ltr'>autem</span> 
     </span>
     <span class='ocr_line' id='line_1_7' title="bbox 168 527 1631 583; baseline -0.005 -9"><span class='ocrx_word' id='word_1_50' title='bbox 168 532 371 582; x_wconf 85' lang='lat' dir='ltr'>scribere,</span> <span class='ocrx_word' id='word_1_51' title='bbox 393 543 480 570; x_wconf 89' lang='lat' dir='ltr'>non</span> <span class='ocrx_word' id='word_1_52' title='bbox 514 527 705 579; x_wconf 87' lang='lat' dir='ltr'>fallendi,</span> <span class='ocrx_word' id='word_1_53' title='bbox 735 528 807 569; x_wconf 87' lang='lat' dir='ltr'>sed</span> <span class='ocrx_word' id='word_1_54' title='bbox 840 528 1128 570; x_wconf 67' lang='lat' dir='ltr'>confir-mindi</span> <span class='ocrx_word' id='word_1_55' title='bbox 1162 528 1247 568; x_wconf 91' lang='lat' dir='ltr'>mei</span> <span class='ocrx_word' id='word_1_56' title='bbox 1281 542 1425 577; x_wconf 81' lang='lat' dir='ltr'>causa,</span> <span class='ocrx_word' id='word_1_57' title='bbox 1447 541 1631 583; x_wconf 88' lang='lat' dir='ltr'>praeser-</span> 
     </span>
    </p>
   </div>
   <div class='ocr_carea' id='block_1_4' title="bbox 167 584 1633 767">
    <p class='ocr_par' dir='ltr' id='par_1_4' title="bbox 167 584 1633 759">
     <span class='ocr_line' id='line_1_8' title="bbox 167 584 1632 650; baseline -0.005 -18"><span class='ocrx_word' id='word_1_58' title='bbox 167 589 250 631; x_wconf 88' lang='lat' dir='ltr'>tim</span> <span class='ocrx_word' id='word_1_59' title='bbox 273 602 372 630; x_wconf 85' lang='lat' dir='ltr'>cum</span> <span class='ocrx_word' id='word_1_60' title='bbox 394 585 659 642; x_wconf 80' lang='lat' dir='ltr'>adjungatur</span> <span class='ocrx_word' id='word_1_61' title='bbox 682 586 735 627; x_wconf 85' lang='lat' dir='ltr'>ad</span> <span class='ocrx_word' id='word_1_62' title='bbox 755 585 953 628; x_wconf 85' lang='lat' dir='ltr'>Africam</span> <span class='ocrx_word' id='word_1_63' title='bbox 977 586 1108 627; x_wconf 84' lang='lat' dir='ltr'>etiam</span> <span class='ocrx_word' id='word_1_64' title='bbox 1135 585 1370 642; x_wconf 82' lang='lat' dir='ltr'>Hispania.</span> <span class='ocrx_word' id='word_1_65' title='bbox 1405 584 1535 650; x_wconf 80' lang='lat' dir='ltr'>Quod</span> <span class='ocrx_word' id='word_1_66' title='bbox 1560 599 1632 625; x_wconf 88' lang='lat' dir='ltr'>me</span> 
     </span>
     <span class='ocr_line' id='line_1_9' title="bbox 168 642 1633 698; baseline -0.003 -9"><span class='ocrx_word' id='word_1_67' title='bbox 168 648 390 696; x_wconf 84' lang='lat' dir='ltr'>admones,</span> <span class='ocrx_word' id='word_1_68' title='bbox 414 653 462 685; x_wconf 91' lang='lat' dir='ltr'>ut</span> <span class='ocrx_word' id='word_1_69' title='bbox 495 644 682 685; x_wconf 82' lang='lat' dir='ltr'>scribam</span> <span class='ocrx_word' id='word_1_70' title='bbox 715 644 768 686; x_wconf 78' lang='lat' dir='ltr'>ad</span> <span class='ocrx_word' id='word_1_71' title='bbox 791 644 1053 696; x_wconf 89' lang='lat' dir='ltr'>Antonium,</span> <span class='ocrx_word' id='word_1_72' title='bbox 1075 653 1119 685; x_wconf 87' lang='lat' dir='ltr'>et</span> <span class='ocrx_word' id='word_1_73' title='bbox 1150 643 1204 685; x_wconf 86' lang='lat' dir='ltr'>ad</span> <span class='ocrx_word' id='word_1_74' title='bbox 1237 652 1432 685; x_wconf 88' lang='lat' dir='ltr'>ceteros:</span> <span class='ocrx_word' id='word_1_75' title='bbox 1467 643 1501 684; x_wconf 89' lang='lat' dir='ltr'>si</span> <span class='ocrx_word' id='word_1_76' title='bbox 1524 642 1633 698; x_wconf 86' lang='lat' dir='ltr'>quid</span> 
     </span>
     <span class='ocr_line' id='line_1_10' title="bbox 167 701 1631 767; baseline -0.004 -20"><span class='ocrx_word' id='word_1_77' title='bbox 167 703 389 747; x_wconf 84' lang='lat' dir='ltr'>videbitur</span> <span class='ocrx_word' id='word_1_78' title='bbox 412 701 492 743; x_wconf 87' lang='lat' dir='ltr'>tibi</span> <span class='ocrx_word' id='word_1_79' title='bbox 518 716 627 759; x_wconf 89' lang='lat' dir='ltr'>opus</span> <span class='ocrx_word' id='word_1_80' title='bbox 650 716 756 767; x_wconf 87' lang='grc'>6556,</span> <span class='ocrx_word' id='word_1_81' title='bbox 782 702 910 744; x_wconf 86' lang='lat' dir='ltr'>velim</span> <span class='ocrx_word' id='word_1_82' title='bbox 933 702 1068 744; x_wconf 84' lang='lat' dir='ltr'>facias</span> <span class='ocrx_word' id='word_1_83' title='bbox 1093 701 1152 753; x_wconf 86' lang='lat' dir='ltr'>id,</span> <span class='ocrx_word' id='word_1_84' title='bbox 1173 702 1290 757; x_wconf 87' lang='lat' dir='ltr'>quod</span> <span class='ocrx_word' id='word_1_85' title='bbox 1324 715 1440 758; x_wconf 82' lang='lat' dir='ltr'>saepe</span> <span class='ocrx_word' id='word_1_86' title='bbox 1472 701 1631 742; x_wconf 80' lang='lat' dir='ltr'><strong>fecisti.</strong></span> 
     </span>
    </p>
   </div>
   <div class='ocr_carea' id='block_1_5' title="bbox 168 759 1642 1225">
    <p class='ocr_par' dir='ltr' id='par_1_5' title="bbox 168 759 1642 1225">
     <span class='ocr_line' id='line_1_11' title="bbox 168 759 1634 825; baseline -0.003 -21"><span class='ocrx_word' id='word_1_87' title='bbox 168 761 281 805; x_wconf 84' lang='lat' dir='ltr'>nihil</span> <span class='ocrx_word' id='word_1_88' title='bbox 303 761 420 802; x_wconf 88' lang='lat' dir='ltr'>enim</span> <span class='ocrx_word' id='word_1_89' title='bbox 442 759 551 801; x_wconf 83' lang='lat' dir='ltr'>mihi</span> <span class='ocrx_word' id='word_1_90' title='bbox 578 760 694 801; x_wconf 86' lang='lat' dir='ltr'>venit</span> <span class='ocrx_word' id='word_1_91' title='bbox 717 775 760 801; x_wconf 87' lang='lat' dir='ltr'>m</span> <span class='ocrx_word' id='word_1_92' title='bbox 794 771 1000 813; x_wconf 87' lang='lat' dir='ltr'>mentem,</span> <span class='ocrx_word' id='word_1_93' title='bbox 1023 760 1140 825; x_wconf 83' lang='lat' dir='ltr'>quod</span> <span class='ocrx_word' id='word_1_94' title='bbox 1165 761 1442 802; x_wconf 83' lang='lat' dir='ltr'>scribendum</span> <span class='ocrx_word' id='word_1_95' title='bbox 1467 767 1634 816; x_wconf 89' lang='lat' dir='ltr'>putem.</span> 
     </span>
     <span class='ocr_line' id='line_1_12' title="bbox 171 817 1635 875; baseline -0.002 -14"><span class='ocrx_word' id='word_1_96' title='bbox 171 818 304 867; x_wconf 81' lang='lat' dir='ltr'>Quod</span> <span class='ocrx_word' id='word_1_97' title='bbox 337 833 406 860; x_wconf 89' lang='lat' dir='ltr'>me</span> <span class='ocrx_word' id='word_1_98' title='bbox 438 819 559 859; x_wconf 83' lang='lat' dir='ltr'>audis</span> <span class='ocrx_word' id='word_1_99' title='bbox 599 817 849 860; x_wconf 82' lang='lat' dir='ltr'>fractiorem</span> <span class='ocrx_word' id='word_1_100' title='bbox 887 833 979 860; x_wconf 90' lang='lat' dir='ltr'>esse</span> <span class='ocrx_word' id='word_1_101' title='bbox 1010 833 1188 860; x_wconf 83' lang='lat' dir='ltr'>animo:</span> <span class='ocrx_word' id='word_1_102' title='bbox 1222 818 1325 875; x_wconf 86' lang='lat' dir='ltr'>quid</span> <span class='ocrx_word' id='word_1_103' title='bbox 1360 827 1502 874; x_wconf 82' lang='lat' dir='ltr'>putas,</span> <span class='ocrx_word' id='word_1_104' title='bbox 1533 831 1635 858; x_wconf 88' lang='lat' dir='ltr'>cum</span> 
     </span>
     <span class='ocr_line' id='line_1_13' title="bbox 169 876 1638 933; baseline -0.003 -13"><span class='ocrx_word' id='word_1_105' title='bbox 169 878 319 920; x_wconf 85' lang='lat' dir='ltr'>videas</span> <span class='ocrx_word' id='word_1_106' title='bbox 341 877 572 919; x_wconf 77' lang='lat' dir='ltr'>accessisse</span> <span class='ocrx_word' id='word_1_107' title='bbox 594 877 649 918; x_wconf 85' lang='lat' dir='ltr'>ad</span> <span class='ocrx_word' id='word_1_108' title='bbox 671 877 915 933; x_wconf 83' lang='lat' dir='ltr'>superiores</span> <span class='ocrx_word' id='word_1_109' title='bbox 939 876 1223 933; x_wconf 69' lang='lat' dir='ltr'>aegritudines</span> <span class='ocrx_word' id='word_1_110' title='bbox 1258 876 1487 932; x_wconf 77' lang='lat' dir='ltr'>praeclaras</span> <span class='ocrx_word' id='word_1_111' title='bbox 1510 877 1550 910; x_wconf 86' lang='lat'>59</span> <span class='ocrx_word' id='word_1_112' title='bbox 1562 889 1638 930; x_wconf 81' lang='lat' dir='ltr'>ge-</span> 
     </span>
     <span class='ocr_line' id='line_1_14' title="bbox 171 933 1637 990; baseline -0.003 -12"><span class='ocrx_word' id='word_1_113' title='bbox 171 936 265 978; x_wconf 88' lang='lat' dir='ltr'>neri</span> <span class='ocrx_word' id='word_1_114' title='bbox 290 935 514 977; x_wconf 78' lang='lat' dir='ltr'>actiones?</span> <span class='ocrx_word' id='word_1_115' title='bbox 546 933 613 976; x_wconf 87' lang='lat' dir='ltr'>Tu</span> <span class='ocrx_word' id='word_1_116' title='bbox 648 944 793 976; x_wconf 82' lang='lat' dir='ltr'>tamen</span> <span class='ocrx_word' id='word_1_117' title='bbox 817 935 946 977; x_wconf 81' lang='lat' dir='ltr'>velim</span> <span class='ocrx_word' id='word_1_118' title='bbox 981 949 1032 976; x_wconf 92' lang='lat' dir='ltr'>ne</span> <span class='ocrx_word' id='word_1_119' title='bbox 1064 934 1344 985; x_wconf 82' lang='lat' dir='ltr'>intermittas,</span> <span class='ocrx_word' id='word_1_120' title='bbox 1367 933 1511 990; x_wconf 86' lang='lat' dir='ltr'>quoad</span> <span class='ocrx_word' id='word_1_121' title='bbox 1543 934 1637 988; x_wconf 84' lang='lat' dir='ltr'>ejus</span> 
     </span>
     <span class='ocr_line' id='line_1_15' title="bbox 172 991 1639 1050; baseline -0.003 -14"><span class='ocrx_word' id='word_1_122' title='bbox 172 993 318 1036; x_wconf 85' lang='lat' dir='ltr'>facere</span> <span class='ocrx_word' id='word_1_123' title='bbox 342 994 520 1050; x_wconf 85' lang='lat' dir='ltr'>poteriS,</span> <span class='ocrx_word' id='word_1_124' title='bbox 545 993 733 1035; x_wconf 89' lang='lat' dir='ltr'>scribere</span> <span class='ocrx_word' id='word_1_125' title='bbox 755 993 807 1034; x_wconf 83' lang='lat' dir='ltr'>ad</span> <span class='ocrx_word' id='word_1_126' title='bbox 842 1007 927 1044; x_wconf 89' lang='lat' dir='ltr'>me,</span> <span class='ocrx_word' id='word_1_127' title='bbox 950 992 1121 1034; x_wconf 81' lang='lat' dir='ltr'>etiamsi</span> <span class='ocrx_word' id='word_1_128' title='bbox 1146 1007 1251 1043; x_wconf 90' lang='lat' dir='ltr'>rem,</span> <span class='ocrx_word' id='word_1_129' title='bbox 1275 992 1328 1033; x_wconf 87' lang='lat' dir='ltr'>de</span> <span class='ocrx_word' id='word_1_130' title='bbox 1350 1007 1437 1047; x_wconf 83' lang='lat' dir='ltr'>qua</span> <span class='ocrx_word' id='word_1_131' title='bbox 1459 991 1639 1042; x_wconf 70' lang='lat' dir='ltr'>scribas,</span> 
     </span>
     <span class='ocr_line' id='line_1_16' title="bbox 172 1026 1640 1108; baseline -0.003 -14"><span class='ocrx_word' id='word_1_132' title='bbox 172 1067 263 1094; x_wconf 90' lang='lat' dir='ltr'>non</span> <span class='ocrx_word' id='word_1_133' title='bbox 295 1051 494 1093; x_wconf 81' lang='lat' dir='ltr'>habebis.</span> <span class='ocrx_word' id='word_1_134' title='bbox 529 1065 701 1108; x_wconf 87' lang='lat' dir='ltr'>semper</span> <span class='ocrx_word' id='word_1_135' title='bbox 732 1051 849 1092; x_wconf 88' lang='lat' dir='ltr'>enim</span> <span class='ocrx_word' id='word_1_136' title='bbox 882 1026 1071 1092; x_wconf 55' lang='lat' dir='ltr'>afim-unt</span> <span class='ocrx_word' id='word_1_137' title='bbox 1101 1050 1264 1106; x_wconf 75' lang='lat' dir='ltr'>iliquid</span> <span class='ocrx_word' id='word_1_138' title='bbox 1302 1050 1410 1091; x_wconf 81' lang='lat' dir='ltr'>mihi</span> <span class='ocrx_word' id='word_1_139' title='bbox 1445 1059 1530 1091; x_wconf 83' lang='lat' dir='ltr'>tuae</span> <span class='ocrx_word' id='word_1_140' title='bbox 1567 1049 1640 1090; x_wconf 92' lang='lat' dir='ltr'>lit-</span> 
     </span>
     <span class='ocr_line' id='line_1_17' title="bbox 172 1108 1642 1165; baseline -0.002 -13"><span class='ocrx_word' id='word_1_141' title='bbox 172 1120 293 1152; x_wconf 85' lang='lat' dir='ltr'>terae.</span> <span class='ocrx_word' id='word_1_142' title='bbox 356 1109 564 1152; x_wconf 82' lang='lat' dir='ltr'>Galeonis</span> <span class='ocrx_word' id='word_1_143' title='bbox 599 1109 886 1150; x_wconf 79' lang='lat' dir='ltr'>lieieditatem</span> <span class='ocrx_word' id='word_1_144' title='bbox 926 1109 1057 1150; x_wconf 87' lang='lat' dir='ltr'>crevi.</span> <span class='ocrx_word' id='word_1_145' title='bbox 1098 1117 1205 1165; x_wconf 88' lang='lat' dir='ltr'>puto</span> <span class='ocrx_word' id='word_1_146' title='bbox 1241 1109 1359 1149; x_wconf 87' lang='lat' dir='ltr'>enim</span> <span class='ocrx_word' id='word_1_147' title='bbox 1397 1108 1642 1149; x_wconf 87' lang='lat' dir='ltr'>cretionem</span> 
     </span>
     <span class='ocr_line' id='line_1_18' title="bbox 177 1165 1642 1225; baseline -0.001 -15"><span class='ocrx_word' id='word_1_148' title='bbox 177 1168 423 1225; x_wconf 87' lang='lat' dir='ltr'>simplicem</span> <span class='ocrx_word' id='word_1_149' title='bbox 455 1167 603 1220; x_wconf 85' lang='lat' dir='ltr'>fuisse,</span> <span class='ocrx_word' id='word_1_150' title='bbox 627 1167 834 1223; x_wconf 85' lang='lat' dir='ltr'>quoniam</span> <span class='ocrx_word' id='word_1_151' title='bbox 869 1167 923 1208; x_wconf 85' lang='lat' dir='ltr'>ad</span> <span class='ocrx_word' id='word_1_152' title='bbox 956 1182 1025 1209; x_wconf 87' lang='lat' dir='ltr'>me</span> <span class='ocrx_word' id='word_1_153' title='bbox 1058 1166 1175 1208; x_wconf 83' lang='lat' dir='ltr'>nulla</span> <span class='ocrx_word' id='word_1_154' title='bbox 1203 1166 1337 1208; x_wconf 83' lang='lat' dir='ltr'>missa</span> <span class='ocrx_word' id='word_1_155' title='bbox 1365 1175 1445 1207; x_wconf 84' lang='lat' dir='ltr'>est.</span> <span class='ocrx_word' id='word_1_156' title='bbox 1471 1180 1548 1207; x_wconf 76' lang='grc' dir='ltr'>ΠΧ</span> <span class='ocrx_word' id='word_1_157' title='bbox 1574 1165 1642 1208; x_wconf 90' lang='lat' dir='ltr'>Id.</span> 
     </span>
    </p>
   </div>
   <div class='ocr_carea' id='block_1_6' title="bbox 177 1225 318 1269">
    <p class='ocr_par' dir='ltr' id='par_1_6' title="bbox 177 1225 318 1269">
     <span class='ocr_line' id='line_1_19' title="bbox 177 1225 318 1269; baseline -0.007 0"><span class='ocrx_word' id='word_1_158' title='bbox 177 1225 318 1269; x_wconf 55' lang='lat' dir='ltr'>{Maru</span> 
     </span>
    </p>
   </div>
   <div class='ocr_carea' id='block_1_7' title="bbox 620 1298 1712 1342">
    <p class='ocr_par' dir='ltr' id='par_1_7' title="bbox 620 1298 1712 1342">
     <span class='ocr_line' id='line_1_20' title="bbox 620 1298 1712 1342; baseline -0.002 0"><span class='ocrx_word' id='word_1_159' title='bbox 620 1299 859 1342; x_wconf 87' lang='lat' dir='ltr'><strong>CICERO</strong></span> <span class='ocrx_word' id='word_1_160' title='bbox 891 1298 1125 1342; x_wconf 90' lang='lat' dir='ltr'><strong>ATTICO</strong></span> <span class='ocrx_word' id='word_1_161' title='bbox 1157 1299 1201 1340; x_wconf 83' lang='lat' dir='ltr'>S.</span> <span class='ocrx_word' id='word_1_162' title='bbox 1662 1302 1712 1340; x_wconf 83' lang='lat'>13</span> 
     </span>
    </p>
   </div>
   <div class='ocr_carea' id='block_1_8' title="bbox 177 1361 1649 1546">
    <p class='ocr_par' dir='ltr' id='par_1_8' title="bbox 177 1361 1649 1546">
     <span class='ocr_line' id='line_1_21' title="bbox 177 1361 1645 1430; baseline 0.001 -16"><span class='ocrx_word' id='word_1_163' title='bbox 177 1361 233 1414; x_wconf 89' lang='lat' dir='ltr'>A</span> <span class='ocrx_word' id='word_1_164' title='bbox 257 1372 552 1416; x_wconf 82' lang='lat' dir='ltr'>MURENAE</span> <span class='ocrx_word' id='word_1_165' title='bbox 583 1373 742 1416; x_wconf 89' lang='lat' dir='ltr'>liberto</span> <span class='ocrx_word' id='word_1_166' title='bbox 778 1374 888 1415; x_wconf 86' lang='lat' dir='ltr'>nihil</span> <span class='ocrx_word' id='word_1_167' title='bbox 921 1373 1064 1416; x_wconf 85' lang='lat' dir='ltr'>adhuc</span> <span class='ocrx_word' id='word_1_168' title='bbox 1101 1387 1354 1430; x_wconf 82' lang='lat' dir='ltr'>accepeiam</span> <span class='ocrx_word' id='word_1_169' title='bbox 1386 1372 1645 1416; x_wconf 57' lang='lat' dir='ltr'>littam-‚um</span> 
     </span>
     <span class='ocr_line' id='line_1_22' title="bbox 180 1430 1647 1488; baseline 0 -15"><span class='ocrx_word' id='word_1_170' title='bbox 180 1430 233 1473; x_wconf 92' lang='lat' dir='ltr'>P.</span> <span class='ocrx_word' id='word_1_171' title='bbox 258 1433 374 1474; x_wconf 85' lang='lat' dir='ltr'>Siser</span> <span class='ocrx_word' id='word_1_172' title='bbox 397 1432 644 1474; x_wconf 82' lang='lat' dir='ltr'>reddideiat</span> <span class='ocrx_word' id='word_1_173' title='bbox 666 1446 752 1483; x_wconf 80' lang='lat' dir='ltr'>eas,</span> <span class='ocrx_word' id='word_1_174' title='bbox 777 1433 936 1487; x_wconf 87' lang='lat' dir='ltr'>quibus</span> <span class='ocrx_word' id='word_1_175' title='bbox 970 1432 1176 1474; x_wconf 87' lang='lat' dir='ltr'>rescribo.</span> <span class='ocrx_word' id='word_1_176' title='bbox 1242 1431 1310 1472; x_wconf 91' lang='lat' dir='ltr'>De</span> <span class='ocrx_word' id='word_1_177' title='bbox 1343 1431 1483 1473; x_wconf 86' lang='lat' dir='ltr'>Servii</span> <span class='ocrx_word' id='word_1_178' title='bbox 1512 1432 1647 1488; x_wconf 84' lang='lat' dir='ltr'>patris</span> 
     </span>
     <span class='ocr_line' id='line_1_23' title="bbox 180 1488 1649 1546; baseline 0.001 -16"><span class='ocrx_word' id='word_1_179' title='bbox 180 1488 339 1532; x_wconf 86' lang='lat' dir='ltr'>litteris</span> <span class='ocrx_word' id='word_1_180' title='bbox 378 1490 496 1546; x_wconf 89' lang='lat' dir='ltr'>quod</span> <span class='ocrx_word' id='word_1_181' title='bbox 540 1491 708 1543; x_wconf 89' lang='lat' dir='ltr'>scribis,</span> <span class='ocrx_word' id='word_1_182' title='bbox 743 1491 863 1541; x_wconf 87' lang='lat' dir='ltr'>item,</span> <span class='ocrx_word' id='word_1_183' title='bbox 906 1490 1123 1537; x_wconf 81' lang='lat' dir='ltr'>Quintum</span> <span class='ocrx_word' id='word_1_184' title='bbox 1160 1491 1205 1531; x_wconf 89' lang='lat' dir='ltr'>in</span> <span class='ocrx_word' id='word_1_185' title='bbox 1249 1490 1422 1546; x_wconf 80' lang='lat' dir='ltr'>Syriam</span> <span class='ocrx_word' id='word_1_186' title='bbox 1464 1491 1649 1543; x_wconf 89' lang='lat' dir='ltr'>venisse,</span> 
     </span>
    </p>
   </div>
   <div class='ocr_carea' id='block_1_9' title="bbox 181 1548 1649 1663">
    <p class='ocr_par' dir='ltr' id='par_1_9' title="bbox 181 1548 1649 1663">
     <span class='ocr_line' id='line_1_24' title="bbox 181 1548 1649 1604; baseline 0 -14"><span class='ocrx_word' id='word_1_187' title='bbox 181 1549 300 1602; x_wconf 89' lang='lat' dir='ltr'>quod</span> <span class='ocrx_word' id='word_1_188' title='bbox 344 1548 422 1599; x_wconf 87' lang='lat' dir='ltr'>ais,</span> <span class='ocrx_word' id='word_1_189' title='bbox 464 1562 556 1590; x_wconf 89' lang='lat' dir='ltr'>esse</span> <span class='ocrx_word' id='word_1_190' title='bbox 595 1548 669 1604; x_wconf 90' lang='lat' dir='ltr'>qui</span> <span class='ocrx_word' id='word_1_191' title='bbox 713 1549 946 1601; x_wconf 82' lang='lat' dir='ltr'>nuntient3</span> <span class='ocrx_word' id='word_1_192' title='bbox 981 1563 1033 1589; x_wconf 89' lang='lat' dir='ltr'>ne</span> <span class='ocrx_word' id='word_1_193' title='bbox 1077 1548 1120 1589; x_wconf 85' lang='lat' dir='ltr'>id</span> <span class='ocrx_word' id='word_1_194' title='bbox 1157 1548 1334 1603; x_wconf 77' lang='lat' dir='ltr'>quidem</span> <span class='ocrx_word' id='word_1_195' title='bbox 1375 1561 1523 1589; x_wconf 80' lang='lat' dir='ltr'>verum</span> <span class='ocrx_word' id='word_1_196' title='bbox 1567 1559 1649 1591; x_wconf 88' lang='lat' dir='ltr'>est.</span> 
     </span>
     <span class='ocr_line' id='line_1_25' title="bbox 184 1582 1647 1663; baseline 0.001 -15"><span class='ocrx_word' id='word_1_197' title='bbox 184 1606 319 1654; x_wconf 84' lang='lat' dir='ltr'>Quod</span> <span class='ocrx_word' id='word_1_198' title='bbox 341 1606 572 1648; x_wconf 82' lang='lat' dir='ltr'>certiorem</span> <span class='ocrx_word' id='word_1_199' title='bbox 596 1616 638 1647; x_wconf 91' lang='lat' dir='ltr'>te</span> <span class='ocrx_word' id='word_1_200' title='bbox 663 1607 726 1647; x_wconf 89' lang='lat' dir='ltr'>vis</span> <span class='ocrx_word' id='word_1_201' title='bbox 759 1606 868 1659; x_wconf 89' lang='lat' dir='ltr'>fieri,</span> <span class='ocrx_word' id='word_1_202' title='bbox 890 1582 978 1663; x_wconf 83' lang='lat' dir='ltr'>qtio</span> <span class='ocrx_word' id='word_1_203' title='bbox 1002 1607 1186 1662; x_wconf 88' lang='lat' dir='ltr'>quisque</span> <span class='ocrx_word' id='word_1_204' title='bbox 1219 1621 1263 1646; x_wconf 81' lang='lat' dir='ltr'>in</span> <span class='ocrx_word' id='word_1_205' title='bbox 1295 1620 1365 1646; x_wconf 85' lang='lat' dir='ltr'>me</span> <span class='ocrx_word' id='word_1_206' title='bbox 1396 1606 1543 1648; x_wconf 83' lang='lat' dir='ltr'>animo</span> <span class='ocrx_word' id='word_1_207' title='bbox 1575 1608 1647 1660; x_wconf 88' lang='lat' dir='ltr'>sit,</span> 
     </span>
    </p>
   </div>
   <div class='ocr_carea' id='block_1_10' title="bbox 182 1664 1688 2711">
    <p class='ocr_par' dir='ltr' id='par_1_10' title="bbox 182 1664 1688 2711">
     <span class='ocr_line' id='line_1_26' title="bbox 183 1664 1688 1721; baseline 0.001 -15"><span class='ocrx_word' id='word_1_208' title='bbox 183 1673 260 1706; x_wconf 85' lang='lat' dir='ltr'>aut</span> <span class='ocrx_word' id='word_1_209' title='bbox 292 1664 424 1706; x_wconf 84' lang='lat' dir='ltr'>fuerit</span> <span class='ocrx_word' id='word_1_210' title='bbox 454 1679 620 1717; x_wconf 85' lang='lat' dir='ltr'>eorum,</span> <span class='ocrx_word' id='word_1_211' title='bbox 653 1664 726 1721; x_wconf 90' lang='lat' dir='ltr'>qui</span> <span class='ocrx_word' id='word_1_212' title='bbox 760 1665 846 1707; x_wconf 88' lang='lat' dir='ltr'>huc</span> <span class='ocrx_word' id='word_1_213' title='bbox 880 1675 1117 1717; x_wconf 85' lang='lat' dir='ltr'>venerunt;</span> <span class='ocrx_word' id='word_1_214' title='bbox 1156 1664 1377 1705; x_wconf 87' lang='lat' dir='ltr'>neminem</span> <span class='ocrx_word' id='word_1_215' title='bbox 1408 1664 1550 1706; x_wconf 87' lang='lat' dir='ltr'>alieno</span> <span class='ocrx_word' id='word_1_216' title='bbox 1583 1666 1649 1707; x_wconf 90' lang='lat' dir='ltr'>in-</span> <span class='ocrx_word' id='word_1_217' title='bbox 1678 1700 1688 1710; x_wconf 86' lang='lat'><strong>.</strong></span> 
     </span>
     <span class='ocr_line' id='line_1_27' title="bbox 182 1722 1650 1780; baseline 0.001 -16"><span class='ocrx_word' id='word_1_218' title='bbox 182 1722 349 1765; x_wconf 81' lang='lat' dir='ltr'>tellexi.</span> <span class='ocrx_word' id='word_1_219' title='bbox 382 1723 471 1775; x_wconf 88' lang='lat' dir='ltr'>sed,</span> <span class='ocrx_word' id='word_1_220' title='bbox 506 1734 718 1780; x_wconf 85' lang='lat' dir='ltr'>quantum</span> <span class='ocrx_word' id='word_1_221' title='bbox 752 1723 795 1764; x_wconf 90' lang='lat' dir='ltr'>id</span> <span class='ocrx_word' id='word_1_222' title='bbox 827 1737 925 1764; x_wconf 85' lang='lat' dir='ltr'>mea</span> <span class='ocrx_word' id='word_1_223' title='bbox 956 1723 1142 1774; x_wconf 81' lang='lat' dir='ltr'>intersit,</span> <span class='ocrx_word' id='word_1_224' title='bbox 1165 1722 1417 1764; x_wconf 80' lang='lat' dir='ltr'>existimare</span> <span class='ocrx_word' id='word_1_225' title='bbox 1451 1733 1491 1764; x_wconf 87' lang='lat' dir='ltr'>te</span> <span class='ocrx_word' id='word_1_226' title='bbox 1525 1738 1650 1779; x_wconf 80' lang='lat' dir='ltr'>posse</span> 
     </span>
     <span class='ocr_line' id='line_1_28' title="bbox 184 1780 1652 1824; baseline 0.001 -1"><span class='ocrx_word' id='word_1_227' title='bbox 184 1781 228 1812; x_wconf 75' lang='lat'>⁶⁰</span> <span class='ocrx_word' id='word_1_228' title='bbox 241 1791 361 1823; x_wconf 89' lang='lat' dir='ltr'>certo</span> <span class='ocrx_word' id='word_1_229' title='bbox 394 1781 499 1824; x_wconf 87' lang='lat' dir='ltr'>scio.</span> <span class='ocrx_word' id='word_1_230' title='bbox 532 1781 641 1823; x_wconf 77' lang='lat' dir='ltr'>mihi</span> <span class='ocrx_word' id='word_1_231' title='bbox 674 1796 774 1823; x_wconf 88' lang='lat' dir='ltr'>cum</span> <span class='ocrx_word' id='word_1_232' title='bbox 807 1781 956 1824; x_wconf 85' lang='lat' dir='ltr'>onmia</span> <span class='ocrx_word' id='word_1_233' title='bbox 987 1791 1088 1822; x_wconf 89' lang='lat' dir='ltr'>sunt</span> <span class='ocrx_word' id='word_1_234' title='bbox 1120 1780 1413 1822; x_wconf 80' lang='lat' dir='ltr'>intolerabilia</span> <span class='ocrx_word' id='word_1_235' title='bbox 1442 1781 1496 1823; x_wconf 82' lang='lat' dir='ltr'>ad</span> <span class='ocrx_word' id='word_1_236' title='bbox 1529 1781 1652 1824; x_wconf 87' lang='lat' dir='ltr'>dolo-</span> 
     </span>
     <span class='ocr_line' id='line_1_29' title="bbox 184 1839 1653 1896; baseline 0 -14"><span class='ocrx_word' id='word_1_237' title='bbox 184 1853 291 1892; x_wconf 82' lang='lat' dir='ltr'>rem,</span> <span class='ocrx_word' id='word_1_238' title='bbox 316 1849 409 1881; x_wconf 88' lang='lat' dir='ltr'>tum</span> <span class='ocrx_word' id='word_1_239' title='bbox 441 1841 648 1891; x_wconf 81' lang='lat' dir='ltr'>maxime,</span> <span class='ocrx_word' id='word_1_240' title='bbox 672 1839 788 1896; x_wconf 90' lang='lat' dir='ltr'>quod</span> <span class='ocrx_word' id='word_1_241' title='bbox 821 1841 866 1881; x_wconf 92' lang='lat' dir='ltr'>in</span> <span class='ocrx_word' id='word_1_242' title='bbox 899 1854 994 1881; x_wconf 87' lang='lat' dir='ltr'>eam</span> <span class='ocrx_word' id='word_1_243' title='bbox 1027 1854 1202 1881; x_wconf 87' lang='lat' dir='ltr'>causam</span> <span class='ocrx_word' id='word_1_244' title='bbox 1224 1839 1394 1880; x_wconf 89' lang='lat' dir='ltr'>venisse</span> <span class='ocrx_word' id='word_1_245' title='bbox 1417 1853 1485 1881; x_wconf 88' lang='lat' dir='ltr'>me</span> <span class='ocrx_word' id='word_1_246' title='bbox 1509 1840 1653 1894; x_wconf 91' lang='lat' dir='ltr'>video,</span> 
     </span>
     <span class='ocr_line' id='line_1_30' title="bbox 185 1897 1653 1953; baseline 0 -13"><span class='ocrx_word' id='word_1_247' title='bbox 185 1907 238 1940; x_wconf 91' lang='lat' dir='ltr'>ut</span> <span class='ocrx_word' id='word_1_248' title='bbox 269 1913 321 1940; x_wconf 87' lang='lat' dir='ltr'>ea</span> <span class='ocrx_word' id='word_1_249' title='bbox 353 1898 443 1940; x_wconf 90' lang='lat' dir='ltr'>sola</span> <span class='ocrx_word' id='word_1_250' title='bbox 477 1898 601 1940; x_wconf 82' lang='lat' dir='ltr'>utilia</span> <span class='ocrx_word' id='word_1_251' title='bbox 634 1898 741 1939; x_wconf 87' lang='lat' dir='ltr'>mi&#39;ni</span> <span class='ocrx_word' id='word_1_252' title='bbox 775 1912 868 1939; x_wconf 88' lang='lat' dir='ltr'>esse</span> <span class='ocrx_word' id='word_1_253' title='bbox 903 1897 1146 1948; x_wconf 82' lang='lat' dir='ltr'>videantur,</span> <span class='ocrx_word' id='word_1_254' title='bbox 1178 1911 1278 1952; x_wconf 83' lang='lat' dir='ltr'>quae</span> <span class='ocrx_word' id='word_1_255' title='bbox 1313 1911 1483 1953; x_wconf 85' lang='lat' dir='ltr'>semper</span> <span class='ocrx_word' id='word_1_256' title='bbox 1517 1898 1653 1941; x_wconf 89' lang='lat' dir='ltr'>nolui.</span> 
     </span>
     <span class='ocr_line' id='line_1_31' title="bbox 187 1955 1653 2013; baseline 0 -15"><span class='ocrx_word' id='word_1_257' title='bbox 187 1956 240 1998; x_wconf 91' lang='lat' dir='ltr'>P.</span> <span class='ocrx_word' id='word_1_258' title='bbox 267 1956 500 1998; x_wconf 84' lang='lat' dir='ltr'>Lentulum</span> <span class='ocrx_word' id='word_1_259' title='bbox 529 1965 696 2013; x_wconf 87' lang='lat' dir='ltr'>patrem</span> <span class='ocrx_word' id='word_1_260' title='bbox 730 1955 878 1998; x_wconf 80' lang='lat' dir='ltr'>Rhodi</span> <span class='ocrx_word' id='word_1_261' title='bbox 903 1970 995 1997; x_wconf 87' lang='lat' dir='ltr'>esse</span> <span class='ocrx_word' id='word_1_262' title='bbox 1020 1956 1156 2006; x_wconf 83' lang='lat' dir='ltr'>aiunt,</span> <span class='ocrx_word' id='word_1_263' title='bbox 1181 1955 1462 1997; x_wconf 66' lang='lat' dir='ltr'>Alexandriae</span> <span class='ocrx_word' id='word_1_264' title='bbox 1487 1955 1653 2011; x_wconf 89' lang='lat' dir='ltr'>filium;</span> 
     </span>
     <span class='ocr_line' id='line_1_32' title="bbox 186 2012 1654 2071; baseline 0.001 -15"><span class='ocrx_word' id='word_1_265' title='bbox 186 2014 438 2071; x_wconf 87' lang='lat' dir='ltr'>Rhodoque</span> <span class='ocrx_word' id='word_1_266' title='bbox 457 2014 768 2056; x_wconf 78' lang='lat' dir='ltr'>Alexandriam</span> <span class='ocrx_word' id='word_1_267' title='bbox 792 2014 844 2056; x_wconf 91' lang='lat' dir='ltr'>C.</span> <span class='ocrx_word' id='word_1_268' title='bbox 863 2014 1064 2056; x_wconf 81' lang='lat' dir='ltr'>Cassium</span> <span class='ocrx_word' id='word_1_269' title='bbox 1086 2012 1332 2070; x_wconf 79' lang='lat' dir='ltr'>profectum</span> <span class='ocrx_word' id='word_1_270' title='bbox 1352 2028 1444 2055; x_wconf 82' lang='lat' dir='ltr'>esse</span> <span class='ocrx_word' id='word_1_271' title='bbox 1464 2023 1654 2057; x_wconf 87' lang='lat' dir='ltr'>constat.</span> 
     </span>
     <span class='ocr_line' id='line_1_33' title="bbox 191 2071 1657 2130; baseline -0.003 -11"><span class='ocrx_word' id='word_1_272' title='bbox 191 2072 385 2120; x_wconf 72' lang='lat' dir='ltr'>Quintus</span> <span class='ocrx_word' id='word_1_273' title='bbox 409 2073 617 2130; x_wconf 84' lang='lat' dir='ltr'>mihiper</span> <span class='ocrx_word' id='word_1_274' title='bbox 639 2072 803 2114; x_wconf 82' lang='lat' dir='ltr'>litteras</span> <span class='ocrx_word' id='word_1_275' title='bbox 828 2072 1056 2125; x_wconf 77' lang='lat' dir='ltr'>satisfacit,</span> <span class='ocrx_word' id='word_1_276' title='bbox 1079 2071 1218 2114; x_wconf 82' lang='lat' dir='ltr'>multo</span> <span class='ocrx_word' id='word_1_277' title='bbox 1241 2071 1536 2129; x_wconf 83' lang='lat' dir='ltr'>asperioribus</span> <span class='ocrx_word' id='word_1_278' title='bbox 1560 2088 1657 2115; x_wconf 90' lang='lat' dir='ltr'>ver-</span> 
     </span>
     <span class='ocr_line' id='line_1_34' title="bbox 188 2130 1655 2187; baseline 0.001 -15"><span class='ocrx_word' id='word_1_279' title='bbox 188 2131 273 2183; x_wconf 89' lang='lat' dir='ltr'>bis,</span> <span class='ocrx_word' id='word_1_280' title='bbox 292 2145 424 2187; x_wconf 86' lang='lat' dir='ltr'>quam</span> <span class='ocrx_word' id='word_1_281' title='bbox 438 2146 537 2172; x_wconf 87' lang='lat' dir='ltr'>cum</span> <span class='ocrx_word' id='word_1_282' title='bbox 562 2131 819 2187; x_wconf 86' lang='lat' dir='ltr'>gravissime</span> <span class='ocrx_word' id='word_1_283' title='bbox 842 2132 1091 2172; x_wconf 77' lang='lat' dir='ltr'>accusabat.</span> <span class='ocrx_word' id='word_1_284' title='bbox 1116 2131 1177 2171; x_wconf 79' lang='lat' dir='ltr'>ait</span> <span class='ocrx_word' id='word_1_285' title='bbox 1198 2130 1331 2181; x_wconf 89' lang='lat' dir='ltr'>enim,</span> <span class='ocrx_word' id='word_1_286' title='bbox 1356 2144 1399 2171; x_wconf 77' lang='lat' dir='ltr'>se</span> <span class='ocrx_word' id='word_1_287' title='bbox 1421 2144 1475 2171; x_wconf 84' lang='lat' dir='ltr'>ex</span> <span class='ocrx_word' id='word_1_288' title='bbox 1499 2130 1655 2173; x_wconf 88' lang='lat' dir='ltr'>litteris</span> 
     </span>
     <span class='ocr_line' id='line_1_35' title="bbox 189 2188 1656 2246; baseline 0 -16"><span class='ocrx_word' id='word_1_289' title='bbox 189 2190 279 2231; x_wconf 82' lang='lat' dir='ltr'>tuis</span> <span class='ocrx_word' id='word_1_290' title='bbox 313 2188 569 2246; x_wconf 83' lang='lat' dir='ltr'>intelligere,</span> <span class='ocrx_word' id='word_1_291' title='bbox 604 2189 684 2231; x_wconf 86' lang='lat' dir='ltr'>tibi</span> <span class='ocrx_word' id='word_1_292' title='bbox 723 2203 812 2231; x_wconf 90' lang='lat' dir='ltr'>non</span> <span class='ocrx_word' id='word_1_293' title='bbox 850 2190 1036 2246; x_wconf 80' lang='lat' dir='ltr'>placere,</span> <span class='ocrx_word' id='word_1_294' title='bbox 1068 2188 1184 2244; x_wconf 86' lang='lat' dir='ltr'>quod</span> <span class='ocrx_word' id='word_1_295' title='bbox 1223 2189 1275 2229; x_wconf 85' lang='lat' dir='ltr'>ad</span> <span class='ocrx_word' id='word_1_296' title='bbox 1309 2188 1469 2230; x_wconf 84' lang='lat' dir='ltr'>multos</span> <span class='ocrx_word' id='word_1_297' title='bbox 1500 2189 1555 2230; x_wconf 90' lang='lat' dir='ltr'>de</span> <span class='ocrx_word' id='word_1_298' title='bbox 1584 2203 1656 2231; x_wconf 90' lang='lat' dir='ltr'>me</span> 
     </span>
     <span class='ocr_line' id='line_1_36' title="bbox 191 2247 1657 2304; baseline 0.001 -15"><span class='ocrx_word' id='word_1_299' title='bbox 191 2250 386 2304; x_wconf 85' lang='lat' dir='ltr'>asperius</span> <span class='ocrx_word' id='word_1_300' title='bbox 409 2247 655 2304; x_wconf 86' lang='lat' dir='ltr'>scripserit:</span> <span class='ocrx_word' id='word_1_301' title='bbox 682 2247 829 2304; x_wconf 87' lang='lat' dir='ltr'>itaque</span> <span class='ocrx_word' id='word_1_302' title='bbox 852 2262 897 2289; x_wconf 91' lang='lat' dir='ltr'>se</span> <span class='ocrx_word' id='word_1_303' title='bbox 920 2248 1152 2304; x_wconf 62' lang='lat' dir='ltr'>poenitere,</span> <span class='ocrx_word' id='word_1_304' title='bbox 1175 2247 1293 2303; x_wconf 89' lang='lat' dir='ltr'>quod</span> <span class='ocrx_word' id='word_1_305' title='bbox 1312 2247 1506 2288; x_wconf 80' lang='lat' dir='ltr'>animum</span> <span class='ocrx_word' id='word_1_306' title='bbox 1531 2256 1657 2290; x_wconf 90' lang='lat' dir='ltr'>tuum</span> 
     </span>
     <span class='ocr_line' id='line_1_37' title="bbox 191 2304 1658 2362; baseline -0.001 -14"><span class='ocrx_word' id='word_1_307' title='bbox 191 2306 457 2348; x_wconf 85' lang='lat' dir='ltr'>offenderit:</span> <span class='ocrx_word' id='word_1_308' title='bbox 491 2306 563 2347; x_wconf 89' lang='lat' dir='ltr'>sed</span> <span class='ocrx_word' id='word_1_309' title='bbox 597 2319 641 2347; x_wconf 90' lang='lat' dir='ltr'>se</span> <span class='ocrx_word' id='word_1_310' title='bbox 666 2305 767 2361; x_wconf 86' lang='lat' dir='ltr'>jure</span> <span class='ocrx_word' id='word_1_311' title='bbox 800 2305 968 2347; x_wconf 85' lang='lat' dir='ltr'>secisse.</span> <span class='ocrx_word' id='word_1_312' title='bbox 996 2305 1153 2346; x_wconf 86' lang='lat' dir='ltr'>deinde</span> <span class='ocrx_word' id='word_1_313' title='bbox 1177 2304 1408 2362; x_wconf 87' lang='lat' dir='ltr'>perscribit</span> <span class='ocrx_word' id='word_1_314' title='bbox 1430 2305 1658 2362; x_wconf 90' lang='lat' dir='ltr'>spurcissi-</span> 
     </span>
     <span class='ocr_line' id='line_1_38' title="bbox 193 2362 1660 2421; baseline -0.001 -15"><span class='ocrx_word' id='word_1_315' title='bbox 193 2379 279 2416; x_wconf 90' lang='lat' dir='ltr'>me,</span> <span class='ocrx_word' id='word_1_316' title='bbox 297 2379 405 2421; x_wconf 87' lang='lat' dir='ltr'>quas</span> <span class='ocrx_word' id='word_1_317' title='bbox 428 2364 485 2405; x_wconf 91' lang='lat' dir='ltr'>ob</span> <span class='ocrx_word' id='word_1_318' title='bbox 509 2379 660 2405; x_wconf 82' lang='lat' dir='ltr'>causas</span> <span class='ocrx_word' id='word_1_319' title='bbox 686 2362 853 2405; x_wconf 86' lang='lat' dir='ltr'>fecerit.</span> <span class='ocrx_word' id='word_1_320' title='bbox 877 2364 951 2405; x_wconf 87' lang='lat' dir='ltr'>sed</span> <span class='ocrx_word' id='word_1_321' title='bbox 974 2378 1116 2419; x_wconf 88' lang='lat' dir='ltr'>neque</span> <span class='ocrx_word' id='word_1_322' title='bbox 1139 2363 1224 2404; x_wconf 90' lang='lat' dir='ltr'>hoc</span> <span class='ocrx_word' id='word_1_323' title='bbox 1248 2373 1460 2419; x_wconf 88' lang='lat' dir='ltr'>tempore,</span> <span class='ocrx_word' id='word_1_324' title='bbox 1481 2379 1560 2405; x_wconf 89' lang='lat' dir='ltr'>nec</span> <span class='ocrx_word' id='word_1_325' title='bbox 1582 2379 1660 2405; x_wconf 89' lang='lat' dir='ltr'>an-</span> 
     </span>
     <span class='ocr_line' id='line_1_39' title="bbox 195 2421 1661 2487; baseline 0 -23"><span class='ocrx_word' id='word_1_326' title='bbox 195 2432 281 2474; x_wconf 83' lang='lat' dir='ltr'>tea,</span> <span class='ocrx_word' id='word_1_327' title='bbox 304 2422 584 2479; x_wconf 85' lang='lat' dir='ltr'>patefecisset</span> <span class='ocrx_word' id='word_1_328' title='bbox 606 2422 756 2463; x_wconf 86' lang='lat' dir='ltr'>odium</span> <span class='ocrx_word' id='word_1_329' title='bbox 780 2437 906 2463; x_wconf 89' lang='lat' dir='ltr'>suum</span> <span class='ocrx_word' id='word_1_330' title='bbox 930 2422 974 2463; x_wconf 89' lang='lat' dir='ltr'>in</span> <span class='ocrx_word' id='word_1_331' title='bbox 997 2436 1082 2487; x_wconf 82' lang='lat' dir='ltr'>me,</span> <span class='ocrx_word' id='word_1_332' title='bbox 1104 2421 1188 2463; x_wconf 89' lang='lat' dir='ltr'>nisi</span> <span class='ocrx_word' id='word_1_333' title='bbox 1211 2421 1417 2462; x_wconf 87' lang='lat' dir='ltr'>omnibus</span> <span class='ocrx_word' id='word_1_334' title='bbox 1440 2422 1567 2464; x_wconf 89' lang='lat' dir='ltr'>rebus</span> <span class='ocrx_word' id='word_1_335' title='bbox 1589 2436 1661 2464; x_wconf 88' lang='lat' dir='ltr'>me</span> 
     </span>
     <span class='ocr_line' id='line_1_40' title="bbox 194 2479 1663 2539; baseline -0.001 -16"><span class='ocrx_word' id='word_1_336' title='bbox 194 2495 288 2523; x_wconf 80' lang='lat' dir='ltr'>esse</span> <span class='ocrx_word' id='word_1_337' title='bbox 311 2495 566 2539; x_wconf 87' lang='lat' dir='ltr'>oppressum</span> <span class='ocrx_word' id='word_1_338' title='bbox 590 2480 772 2521; x_wconf 83' lang='lat' dir='ltr'>vider.et</span> <span class='ocrx_word' id='word_1_339' title='bbox 795 2491 928 2536; x_wconf 83' lang='lat' dir='ltr'>atque</span> <span class='ocrx_word' id='word_1_340' title='bbox 961 2481 1126 2521; x_wconf 86' lang='lat' dir='ltr'>utinam</span> <span class='ocrx_word' id='word_1_341' title='bbox 1154 2480 1218 2520; x_wconf 83' lang='lat' dir='ltr'>vel</span> <span class='ocrx_word' id='word_1_342' title='bbox 1246 2479 1487 2531; x_wconf 88' lang='lat' dir='ltr'>nocturnis,</span> <span class='ocrx_word' id='word_1_343' title='bbox 1510 2494 1663 2536; x_wconf 83' lang='lat' dir='ltr'>quem-</span> 
     </span>
     <span class='ocr_line' id='line_1_41' title="bbox 195 2538 1660 2596; baseline -0.001 -15"><span class='ocrx_word' id='word_1_344' title='bbox 195 2539 435 2583; x_wconf 86' lang='lat' dir='ltr'>admodum</span> <span class='ocrx_word' id='word_1_345' title='bbox 467 2548 515 2580; x_wconf 84' lang='lat' dir='ltr'>tu</span> <span class='ocrx_word' id='word_1_346' title='bbox 548 2538 794 2596; x_wconf 86' lang='lat' dir='ltr'>scripseras,</span> <span class='ocrx_word' id='word_1_347' title='bbox 818 2538 1047 2580; x_wconf 89' lang='lat' dir='ltr'>itineribus</span> <span class='ocrx_word' id='word_1_348' title='bbox 1081 2538 1260 2595; x_wconf 88' lang='lat' dir='ltr'>propius</span> <span class='ocrx_word' id='word_1_349' title='bbox 1293 2547 1336 2578; x_wconf 90' lang='lat' dir='ltr'>te</span> <span class='ocrx_word' id='word_1_350' title='bbox 1357 2538 1660 2581; x_wconf 84' lang='lat' dir='ltr'>accessissem!</span> 
     </span>
     <span class='ocr_line' id='line_1_42' title="bbox 195 2595 1662 2653; baseline -0.001 -14"><span class='ocrx_word' id='word_1_351' title='bbox 195 2612 315 2641; x_wconf 85' lang='lat' dir='ltr'>nunc</span> <span class='ocrx_word' id='word_1_352' title='bbox 337 2613 418 2640; x_wconf 90' lang='lat' dir='ltr'>nec</span> <span class='ocrx_word' id='word_1_353' title='bbox 440 2597 532 2647; x_wconf 84' lang='lat' dir='ltr'>ubi,</span> <span class='ocrx_word' id='word_1_354' title='bbox 557 2611 636 2638; x_wconf 87' lang='lat' dir='ltr'>nec</span> <span class='ocrx_word' id='word_1_355' title='bbox 654 2597 830 2652; x_wconf 76' lang='lat' dir='ltr'>quando</span> <span class='ocrx_word' id='word_1_356' title='bbox 855 2607 897 2638; x_wconf 90' lang='lat' dir='ltr'>te</span> <span class='ocrx_word' id='word_1_357' title='bbox 919 2596 999 2638; x_wconf 88' lang='lat' dir='ltr'>sim</span> <span class='ocrx_word' id='word_1_358' title='bbox 1024 2595 1209 2648; x_wconf 81' lang='lat' dir='ltr'>visuius,</span> <span class='ocrx_word' id='word_1_359' title='bbox 1233 2610 1411 2651; x_wconf 89' lang='lat' dir='ltr'>possum</span> <span class='ocrx_word' id='word_1_360' title='bbox 1433 2596 1662 2653; x_wconf 85' lang='lat' dir='ltr'>suspicari.</span> 
     </span>
     <span class='ocr_line' id='line_1_43' title="bbox 200 2653 1664 2711; baseline -0.003 -12"><span class='ocrx_word' id='word_1_361' title='bbox 200 2656 272 2701; x_wconf 88' lang='lat' dir='ltr'>De</span> <span class='ocrx_word' id='word_1_362' title='bbox 293 2656 581 2699; x_wconf 84' lang='lat' dir='ltr'>coheredibus</span> <span class='ocrx_word' id='word_1_363' title='bbox 611 2654 852 2697; x_wconf 63' lang='lat' dir='ltr'>Fufidianis</span> <span class='ocrx_word' id='word_1_364' title='bbox 874 2654 984 2697; x_wconf 88' lang='lat' dir='ltr'>nihil</span> <span class='ocrx_word' id='word_1_365' title='bbox 1007 2653 1106 2708; x_wconf 85' lang='lat' dir='ltr'>fuit,</span> <span class='ocrx_word' id='word_1_366' title='bbox 1129 2654 1247 2711; x_wconf 92' lang='lat' dir='ltr'>quod</span> <span class='ocrx_word' id='word_1_367' title='bbox 1271 2654 1326 2696; x_wconf 84' lang='lat' dir='ltr'>ad</span> <span class='ocrx_word' id='word_1_368' title='bbox 1347 2669 1417 2696; x_wconf 89' lang='lat' dir='ltr'>me</span> <span class='ocrx_word' id='word_1_369' title='bbox 1439 2655 1664 2697; x_wconf 34' lang='lat' dir='ltr'>scribeiffes</span> 
     </span>
    </p>
   </div>
   <div class='ocr_carea' id='block_1_11' title="bbox 199 2803 1670 2893">
    <p class='ocr_par' dir='ltr' id='par_1_11' title="bbox 199 2803 1670 2893">
     <span class='ocr_line' id='line_1_44' title="bbox 245 2803 1670 2849; baseline -0.001 -10"><span class='ocrx_word' id='word_1_370' title='bbox 245 2810 285 2840; x_wconf 84' lang='grc'>58</span> <span class='ocrx_word' id='word_1_371' title='bbox 316 2807 511 2849; x_wconf 77' lang='lat' dir='ltr'>confirmari</span> <span class='ocrx_word' id='word_1_372' title='bbox 539 2816 650 2846; x_wconf 82' lang='lat' dir='ltr'>magzs</span> <span class='ocrx_word' id='word_1_373' title='bbox 676 2807 724 2837; x_wconf 77' lang='lat' dir='ltr'>ad</span> <span class='ocrx_word' id='word_1_374' title='bbox 750 2816 778 2838; x_wconf 84' lang='lat' dir='ltr'>c.</span> <span class='ocrx_word' id='word_1_375' title='bbox 806 2815 910 2846; x_wconf 77' lang='lat' dir='ltr'>spem,</span> <span class='ocrx_word' id='word_1_376' title='bbox 998 2807 1039 2840; x_wconf 83' lang='lat'>59</span> <span class='ocrx_word' id='word_1_377' title='bbox 1071 2804 1188 2844; x_wconf 79' lang='lat' dir='ltr'>generi</span> <span class='ocrx_word' id='word_1_378' title='bbox 1216 2803 1373 2843; x_wconf 77' lang='lat' dir='ltr'>acciones]</span> <span class='ocrx_word' id='word_1_379' title='bbox 1411 2804 1451 2834; x_wconf 88' lang='lat' dir='ltr'>In</span> <span class='ocrx_word' id='word_1_380' title='bbox 1481 2804 1670 2838; x_wconf 86' lang='lat' dir='ltr'>tribunatu.</span> 
     </span>
     <span class='ocr_line' id='line_1_45' title="bbox 199 2849 1130 2893; baseline -0.004 -11"><span class='ocrx_word' id='word_1_381' title='bbox 199 2860 303 2893; x_wconf 78' lang='lat' dir='ltr'>quam</span> <span class='ocrx_word' id='word_1_382' title='bbox 325 2849 482 2890; x_wconf 76' lang='lat' dir='ltr'>vzctorz&#39;oe]</span> <span class='ocrx_word' id='word_1_383' title='bbox 514 2849 715 2891; x_wconf 76' lang='lat' dir='ltr'>Confirmari</span> <span class='ocrx_word' id='word_1_384' title='bbox 737 2849 820 2880; x_wconf 75' lang='lat' dir='ltr'>mihi</span> <span class='ocrx_word' id='word_1_385' title='bbox 844 2858 912 2880; x_wconf 81' lang='lat' dir='ltr'>non</span> <span class='ocrx_word' id='word_1_386' title='bbox 956 2857 989 2878; x_wconf 88' lang='lat' dir='ltr'>v.</span> <span class='ocrx_word' id='word_1_387' title='bbox 1005 2858 1058 2888; x_wconf 84' lang='lat' dir='ltr'>ep.</span> <span class='ocrx_word' id='word_1_388' title='bbox 1076 2850 1130 2879; x_wconf 63' lang='grc'>23.</span> 
     </span>
    </p>
   </div>
   <div class='ocr_carea' id='block_1_12' title="bbox 201 2888 1669 2984">
    <p class='ocr_par' dir='ltr' id='par_1_12' title="bbox 201 2888 1669 2977">
     <span class='ocr_line' id='line_1_46' title="bbox 201 2888 1669 2942; baseline -0.003 -17"><span class='ocrx_word' id='word_1_389' title='bbox 201 2895 333 2925; x_wconf 82' lang='lat' dir='ltr'>videtur</span> <span class='ocrx_word' id='word_1_390' title='bbox 356 2898 474 2934; x_wconf 86' lang='lat' dir='ltr'>aptum</span> <span class='ocrx_word' id='word_1_391' title='bbox 497 2901 565 2923; x_wconf 84' lang='lat' dir='ltr'>esse</span> <span class='ocrx_word' id='word_1_392' title='bbox 581 2892 730 2942; x_wconf 75' lang='lat' dir='ltr'>reliquis,</span> <span class='ocrx_word' id='word_1_393' title='bbox 747 2902 821 2932; x_wconf 90' lang='lat' dir='ltr'>quae</span> <span class='ocrx_word' id='word_1_394' title='bbox 837 2902 913 2924; x_wconf 82' lang='lat' dir='ltr'>con·</span> <span class='ocrx_word' id='word_1_395' title='bbox 1001 2891 1043 2921; x_wconf 91' lang='grc'>60</span> <span class='ocrx_word' id='word_1_396' title='bbox 1066 2894 1152 2920; x_wconf 82' lang='lat' dir='ltr'>certo</span> <span class='ocrx_word' id='word_1_397' title='bbox 1165 2889 1244 2930; x_wconf 81' lang='lat' dir='ltr'>scio]</span> <span class='ocrx_word' id='word_1_398' title='bbox 1269 2888 1380 2929; x_wconf 82' lang='lat' dir='ltr'>Vulgo</span> <span class='ocrx_word' id='word_1_399' title='bbox 1399 2894 1496 2923; x_wconf 72' lang='lat' dir='ltr'>certe.</span> <span class='ocrx_word' id='word_1_400' title='bbox 1512 2889 1614 2930; x_wconf 86' lang='lat' dir='ltr'>male,</span> <span class='ocrx_word' id='word_1_401' title='bbox 1629 2893 1669 2923; x_wconf 84' lang='lat' dir='ltr'>ut</span> 
     </span>
     <span class='ocr_line' id='line_1_47' title="bbox 201 2932 1452 2984; baseline -0.006 -14"><span class='ocrx_word' id='word_1_402' title='bbox 201 2935 288 2984; x_wconf 72' lang='lat' dir='ltr'>verti</span> <span class='ocrx_word' id='word_1_403' title='bbox 302 2942 361 2969; x_wconf 83' lang='lat' dir='ltr'>aut</span> <span class='ocrx_word' id='word_1_404' title='bbox 374 2935 482 2970; x_wconf 83' lang='lat' dir='ltr'>simile</span> <span class='ocrx_word' id='word_1_405' title='bbox 497 2935 576 2976; x_wconf 83' lang='lat' dir='ltr'>quid</span> <span class='ocrx_word' id='word_1_406' title='bbox 591 2935 779 2977; x_wconf 84' lang='lat' dir='ltr'>requirunt.</span> <span class='ocrx_word' id='word_1_407' title='bbox 959 2933 1052 2966; x_wconf 78' lang='lat' dir='ltr'>alibi,</span> <span class='ocrx_word' id='word_1_408' title='bbox 1068 2932 1152 2966; x_wconf 74' lang='lat' dir='ltr'>illud</span> <span class='ocrx_word' id='word_1_409' title='bbox 1167 2933 1269 2966; x_wconf 80' lang='lat' dir='ltr'>habet</span> <span class='ocrx_word' id='word_1_410' title='bbox 1282 2932 1334 2966; x_wconf 87' lang='lat' dir='ltr'>ed</span> <span class='ocrx_word' id='word_1_411' title='bbox 1352 2932 1452 2965; x_wconf 87' lang='lat' dir='ltr'>Rom.</span> 
     </span>
    </p>
   </div>
   <div class='ocr_carea' id='block_1_13' title="bbox 39 2548 50 3144">
    <p class='ocr_par' dir='ltr' id='par_1_13' title="bbox 39 2548 50 3144">
     <span class='ocr_line' id='line_1_48' title="bbox 39 2548 50 3144; baseline 0 0"><span class='ocrx_word' id='word_1_412' title='bbox 39 2548 50 3144; x_wconf 95' lang='lat' dir='ltr'> </span> 
     </span>
    </p>
   </div>
   <div class='ocr_carea' id='block_1_14' title="bbox 0 0 90 3231">
    <p class='ocr_par' dir='ltr' id='par_1_14' title="bbox 0 0 90 3231">
     <span class='ocr_line' id='line_1_49' title="bbox 0 0 90 3231; baseline 0 0"><span class='ocrx_word' id='word_1_413' title='bbox 0 0 90 3231; x_wconf 95' lang='lat' dir='ltr'> </span> 
     </span>
    </p>
   </div>
  </div>
 </body>
</html>
