1940 3231
326 137 401 171 542
751 134 926 173 El’IST.
955 135 1033 172 AD
1058 135 1344 179 ATTICUM,

326 237 389 276 tui
413 236 509 277 libii
537 245 724 293 pateant,
748 252 833 279 non
866 254 1002 289 secus,
1024 254 1073 280 ac
1104 239 1137 280 si
1171 239 1261 295 ipse
1291 239 1472 289 adesses,
1495 253 1593 281 cum
1615 243 1763 293 ceteri,

328 304 418 335 tum
445 293 663 335 Varronis.
694 304 758 336 est
779 297 895 336 enim
924 296 1029 337 mihi
1055 296 1256 337 utendum
1281 296 1538 351 quibusdam
1561 297 1686 338 rebus
1707 313 1762 341 ex

324 350 378 390 iis
410 350 527 391 libris
554 353 608 393 ad
638 366 725 402 eos,
756 367 862 407 quos
897 353 938 393 in
974 353 1170 394 manibus
1202 353 1363 395 habeo:
1396 368 1517 408 quos,
1546 363 1594 394 ut
1623 369 1764 410 spero,

328 408 407 448 tibi
442 407 563 448 valde
594 409 804 464 probabo,
863 408 929 449 'lu
965 408 1107 460 velim,
1141 410 1173 450 si
1209 410 1312 465 quid
1346 409 1457 451 forte
1486 410 1586 451 novi
1615 410 1764 461 habes,

326 464 517 505 maxime
550 480 575 505 a
608 465 775 510 Quinto
809 464 954 516 fratre,
987 465 1142 507 deinde
1175 482 1199 507 a
1232 466 1284 508 C.
1308 466 1494 518 Caesare,
1528 477 1572 508 et
1596 468 1631 508 si
1660 469 1766 524 quid

327 521 439 562 forte
460 522 512 562 (le
543 521 747 573 comitiis,
770 521 822 563 de
846 522 1078 578 republica,
1101 523 1229 575 (soles
1252 525 1365 565 enim
1391 534 1434 566 tu
1458 524 1552 566 haec
1575 524 1762 566 6festive

325 578 492 619 odorari
500 580 531 628 ,)
554 579 713 620 scribas
741 578 794 618 ad
828 593 920 620 me:
953 594 986 620 sr
1010 580 1069 620 nil
1100 580 1305 633 habebis3
1337 591 1478 623 tamen
1504 581 1664 623 scribas
1687 582 1764 623 ali-

325 635 444 691 quid.
478 649 710 690 numquam
742 637 858 677 euim
890 636 997 677 mihi
1031 646 1105 678 tua
1137 637 1319 694 epistola
1351 649 1425 680 aut
1458 639 1762 703 intempestiva

212 707 246 738 p
262 698 313 732 62.
327 702 400 732 aut
423 692 580 747 loquax
605 706 693 733 Vlsa
713 702 790 734 est.
817 694 1005 734 maxime
1027 704 1169 735 autem
1195 709 1315 751 rogo,
1331 696 1455 736 rebus
1476 697 1559 737 tuis
1584 705 1763 760 totoque

284 750 477 789 &itinere
508 763 561 789 ex
602 750 815 790 sententia
855 751 1070 802 confecto,
1114 766 1190 792 nos
1230 752 1547 808 quamprimum
1590 753 1762 795 revisus.

327 805 474 862 Diony
480 806 587 846 sium
604 806 713 861 jube
736 807 821 847 salv
815 821 910 847 er.e
973 807 1101 859 Cura,
1126 818 1172 848 ut
1197 824 1230 849 v·
1223 808 1349 849 aleas.

263 900 311 937 15
755 894 990 937 CICERO
1021 895 1251 938 ATTICO
1284 898 1328 938 S.

326 951 425 1004 DE
449 963 554 1019 Eut)
553 963 693 1005 chide
715 973 911 1020 giat111n;
934 968 950 999 7
971 964 1042 1020 qui
1068 974 1210 1006 xetere
1245 965 1526 1021 praenomine,
1549 979 1663 1008 novo
1688 977 1762 1008 no-

321 1021 436 1061 mine
458 1021 509 1062 T.
532 1022 612 1062 erit
637 1020 712 1062 Cae
679 1021 860 1073 ‘ecilius;
895 1031 940 1062 ut
962 1032 1027 1063 est
1058 1037 1112 1063 ex
1135 1037 1218 1072 me,
1240 1033 1283 1063 et
1304 1037 1358 1064 ex
1392 1022 1628 1077 tejunctus
1652 1023 1762 1065 Dio-

321 1080 484 1132 nysius,
518 1078 584 1119 M.
624 1078 904 1135 Pomponius.
938 1080 1058 1120 valde
1097 1080 1339 1121 mehercule
1372 1080 1476 1120 mihi
1517 1091 1703 1135 gra‚tum
1726 1081 1760 1123 si

324 1133 588 1191 Eutychides
613 1145 730 1176 tuam
751 1151 852 1192 eiga
872 1151 940 1177 me
960 1137 1294 1179 beuixolentiam
1314 1148 1563 1192 cognoscet,
1578 1147 1621 1178 et
1640 1153 1759 1179 suam

322 1193 436 1234 illam
475 1193 519 1234 iu
549 1207 644 1233 meo
667 1193 812 1234 doloic
834 1197 1059 1247 συιιπιέὲειιιυ,
1084 1209 1223 1250 neque
1255 1204 1344 1235 tum
1379 1194 1484 1234 mihi
1516 1196 1760 1245 obscuram,

320 1264 459 1318 neque
495 1260 593 1306 post
627 1250 840 1306 ingratam
871 1238 1014 1291 inisse.
1078 1251 1200 1292 8Iter
1233 1251 1473 1292 Asiaticum
1504 1261 1624 1292 tuum
1655 1262 1760 1308 puto

322 1307 401 1348 tibi
428 1307 746 1363 suscipiendum
770 1309 915 1349 fuisse
947 1322 1123 1370 uumquz
1113 1323 1179 1349 am
1203 1310 1315 1349 enim
1342 1318 1388 1349 tu
1411 1309 1502 1349 siue
1519 1308 1761 1363 justissima

320 1377 450 1405 causa
472 1374 558 1404 tam
577 1363 706 1417 longe
729 1368 747 1397 9
765 1380 787 1405 a
812 1374 875 1405 tot
900 1365 981 1405 tuis
1013 1375 1056 1405 et
1088 1365 1251 1407 homini
1257 1367 1353 1417 bus,
1372 1376 1413 1406 et
1446 1366 1570 1407 rebus
1593 1366 1760 1407 carissi-

320 1422 402 1462 mis
424 1422 572 1462 abesse
595 1408 729 1462 xoiuis
736 1436 813 1462 565.
838 1422 908 1462 scd
933 1422 1244 1464 humanitatem
1267 1433 1398 1474 tuam,
1418 1437 1692 1478 amoremque
1715 1423 1757 1465 in

321 1488 433 1528 tuos,
456 1479 616 1519 reditus
650 1479 843 1520 celeiitas
877 1479 1125 1521 declarabit.
1165 1481 1238 1521 sed
1273 1495 1435 1532 vereor
1468 1495 1520 1521 ne
1550 1481 1694 1536 lepore
1717 1491 1758 1522 te

321 1550 398 1576 suo
432 1535 623 1577 detineat
652 1536 812 1576 <liutius
846 1535 990 1577 rhetoi
1016 1537 1210 1588 Clodius,
1246 1547 1290 1577 et
1312 1537 1442 1578 homo
1476 1537 1758 1593 pereruditus,

322 1603 369 1633 ut
392 1592 525 1643 aiunt,
548 1602 591 1634 ct
613 1608 651 1633 n·
645 1608 724 1634 mc
746 1593 919 1649 quidem
951 1594 1118 1635 deditus
1142 1595 1310 1636 Girecis
1343 1594 1494 1636 litteris
1517 1594 1757 1636 Pituanius.

321 1649 408 1699 sed,
443 1650 479 1691 si
514 1651 575 1690 vis
609 1650 740 1691 homo
763 1665 868 1697 6556,
893 1651 1034 1707 recipe
1072 1661 1112 1692 le
1146 1652 1198 1692 ad
1231 1667 1323 1703 uos,
1356 1651 1409 1692 ad
1440 1651 1555 1706 quod
1587 1661 1756 1708 tempus

319 1706 600 1748 confirmasti.
623 1722 719 1748 cum
743 1707 824 1748 illis
848 1718 1004 1759 tamen,
1027 1724 1124 1750 cum
1155 1708 1258 1749 salii
1284 1709 1491 1759 venerint,
1515 1708 1670 1749 Romae
1694 1709 1755 1749 vi-

319 1778 419 1804 were
453 1764 616 1805 licebit.
675 1764 814 1806 Av·eie
845 1775 886 1806 te
919 1766 1086 1816 sciibis,
1115 1766 1310 1822 accipere
1343 1765 1502 1821 aliquid
1525 1781 1575 1806 a
1595 1780 1664 1806 me
1685 1765 1756 1807 lit-

320 1831 531 1873 terarum3
571 1821 685 1872 dedi,
714 1837 765 1863 ac
796 1837 835 1863 m
843 1821 942 1863 ultis
975 1824 1146 1887 quidem
1176 1823 1230 1864 de
1258 1824 1383 1864 rebus
1417 1825 1626 1879 ἦμεςόλεγδω
1655 1838 1756 1880 pel-

318 1879 478 1933 scripta
493 1855 662 1921 oinnia:
687 1880 775 1930 sed,
801 1882 836 1910 ¹0
850 1889 895 1920 ut
917 1881 1121 1936 couJicio,
1143 1881 1346 1936 quoniam
1372 1880 1477 1921 mihi
1495 1895 1580 1921 non
1598 1877 1755 1921 videris

317 1951 360 1977 ιιι
385 1936 517 1991 Epiro
540 1936 610 1976 diu
636 1936 780 1987 luisse,
804 1937 990 1978 redditas
1014 1938 1093 1979 tibi
1117 1953 1200 1978 non
1226 1938 1424 1978 arbitr-or
1455 1952 1589 1993 genus
1611 1947 1754 1978 autem

314 2007 521 2044 mearum,
544 1993 596 2034 ad
621 2002 662 2034 te
683 1994 872 2049 quidem,
890 1994 1128 2036 litterarum
1158 1995 1369 2050 ejusmodi
1390 1995 1478 2036 fere
1502 2004 1580 2044 est,
1599 2004 1647 2034 ut
1669 2009 1752 2035 non

315 2050 446 2091 libeat
474 2050 674 2104 cuiquam
698 2054 812 2103 dare,
832 2052 911 2092 nisi
946 2052 999 2092 de
1029 2067 1113 2107 quo
1146 2052 1418 2108 exploratum
1455 2052 1525 2103 sit,
1548 2027 1625 2092 tibi
1655 2065 1752 2093 eum

314 2107 595 2149 ieddituiurn.
658 2107 786 2150 Nunc
821 2108 1039 2150 Romanas
1073 2124 1138 2150 ies
1169 2110 1332 2164 accipe.
1394 2108 1447 2149 A.
1470 2108 1513 2150 d.
1547 2122 1607 2150 111
1633 2109 1751 2150 Non.

315 2165 468 2210 Quint.
501 2165 683 2206 Sufenas
714 2176 758 2206 et
795 2165 906 2207 Cato
937 2165 1150 2208 absoluti:
1184 2167 1395 2208 Procilius
1426 2165 1752 2207 condemnatus.

318 2224 348 2251 Η
366 2237 421 2263 ex
453 2237 540 2278 quo
573 2223 836 2264 intellectum
862 2232 942 2275 est,
962 2228 1274 2280 τςισιιςειοπωγίτιις
1304 2222 1532 2275 ambitum,
1559 2223 1750 2274 comitia,

356 2379 375 2410 6
392 2378 516 2418 festive
542 2379 688 2420 odorari]
720 2380 869 2411 Primum
899 2379 1011 2419 legens
1097 2382 1116 2411 8
1141 2380 1211 2410 Iter
1233 2380 1418 2410 Asiaticum
1441 2379 1551 2418 tuum]
1577 2383 1674 2410 tuum
1696 2368 1753 2410 fri.

315 2422 360 2452 sir.-
376 2423 499 2452 correxi
516 2422 686 2462 vulgatum
694 2422 834 2462 festine.
849 2423 929 2453 adeo
944 2422 1011 2453 evi·
1054 2427 1111 2461 get
1125 2423 1167 2453 ob
1183 2431 1320 2461 sequens
1336 2423 1410 2453 tibi.-
1433 2422 1626 2461 videturque
1639 2428 1752 2452 ortum

314 2463 393 2493 dens
409 2464 525 2494 vitium
541 2463 604 2494 hoc
626 2470 689 2502 est,
704 2464 944 2505 legendumque
950 2463 1010 2503 fe—
1053 2476 1071 2496 e
1087 2464 1235 2495 clausula
1250 2465 1339 2494 verbi
1362 2463 1597 2494 antecedentis.

312 2506 403 2537 stine.
420 2511 492 2546 post
515 2511 550 2536 et
565 2506 749 2538 victorium
760 2513 794 2537 et
817 2507 1010 2538 Manutium
1095 2511 1115 2541 9
1138 2516 1161 2537 a
1182 2510 1228 2536 tot
1250 2507 1314 2537 tuis
1336 2511 1368 2536 et
1389 2506 1681 2546 hom-voluisses]
1706 2510 1752 2537 tot

311 2549 358 2578 sic
373 2548 538 2587 judicasse
560 2547 637 2579 vidi.
681 2548 797 2590 ltaque
814 2550 890 2585 ,sine
913 2549 1010 2580 haesi·
1053 2549 1146 2580 abest
1168 2549 1208 2579 ab
1230 2549 1302 2579 edd.
1326 2548 1495 2578 nonnuliis
1518 2555 1552 2577 et
1573 2549 1680 2578 Graev.
1705 2550 1751 2577 vi-

311 2590 440 2620 tatione
457 2591 575 2630 recepi.
1053 2591 1160 2621 cissim
1176 2595 1250 2631 post
1266 2592 1300 2621 in
1315 2590 1386 2621 edd.
1411 2600 1459 2629 pr.
1482 2595 1516 2620 et
1536 2590 1642 2620 (ἐι-ων.
1660 2590 1748 2620 addi-

352 2636 370 2665 7
394 2633 449 2672 qui
462 2634 714 2672 v.praenomine‚
731 2643 810 2664 novo
822 2633 950 2664 nomine
968 2633 1010 2666 T.
1053 2639 1109 2664 tui·
1123 2637 1153 2664 ee
1166 2633 1375 2663 suavissimis.
1399 2632 1471 2670 Ειςο
1486 2631 1596 2662 locum
1613 2633 1659 2662 sic
1673 2642 1750 2662 con-

309 2676 373 2705 erit
390 2674 546 2716 Coecilz‘us]
565 2675 649 2705 Puto
665 2675 819 2706 excidisse
836 2680 904 2706 tua.
915 2680 1007 2706 vetus
1050 2677 1188 2706 stituam
1204 2686 1211 2704 z
1236 2684 1258 2703 a
1270 2678 1315 2705 tot
1331 2674 1396 2704 tuis
1411 2678 1441 2704 et
1453 2675 1634 2705 hominibus
1649 2676 1751 2704 caris-

309 2726 491 2756 pronomeu
515 2723 586 2748 erat
607 2717 649 2748 T.
673 2718 750 2757 quia
774 2723 852 2748 ante
874 2717 1006 2749 Atticus
1047 2718 1140 2748 simis
1151 2720 1182 2747 et
1196 2716 1291 2747 rebus
1307 2716 1510 2746 suavissimis
1523 2717 1575 2747 ab.
1592 2718 1659 2748 vot.

307 2764 380 2789 erat
406 2759 448 2790 T.
478 2759 690 2798 Pomponius.
729 2769 849 2790 novum
884 2769 1004 2790 nomen
1093 2763 1131 2790 10
1154 2763 1190 2789 ue
1213 2757 1360 2799 conjicio]
1389 2758 1461 2788 Hoc
1486 2758 1618 2797 quidem
1631 2760 1748 2798 genui—

307 2801 458 2832 cat-ilius
474 2811 512 2831 ex
527 2800 714 2842 adoptione.
761 2802 838 2832 Post
853 2811 892 2832 ea:
908 2812 958 2833 me
972 2806 1003 2832 ec
1047 2811 1127 2832 num
1144 2810 1210 2832 uon
1227 2807 1317 2840 puto.
1334 2800 1404 2840 quis
1429 2800 1528 2837 dicat,
1544 2805 1583 2831 ut
1600 2801 1745 2842 conjicio,

304 2853 345 2872 ex
359 2847 402 2881 te,
415 2848 565 2882 venuste,
577 2854 594 2875 e
612 2845 804 2884 pronomine
827 2853 913 2882 meu,
940 2854 998 2874 ιιυ-
1041 2854 1149 2874 —non
1163 2835 1309 2874 arbitror
1326 2843 1342 2872 ?

306 2886 394 2916 mine
409 2891 481 2918 tuo
1088 2889 1122 2916 11
1146 2895 1186 2916 ez·
1201 2895 1262 2926 qao
1276 2885 1376 2917 mtell.
1393 2883 1453 2924 est]
1480 2884 1660 2924 Sequentia
1674 2894 1742 2916 non
