<?xml version="1.0" encoding="UTF-8"?>
<!DOCTYPE html PUBLIC "-//W3C//DTD XHTML 1.0 Transitional//EN"
    "http://www.w3.org/TR/xhtml1/DTD/xhtml1-transitional.dtd">
<html xmlns="http://www.w3.org/1999/xhtml" xml:lang="en" lang="en">
 <head>
  <title>
</title>
<meta http-equiv="Content-Type" content="text/html;charset=utf-8" />
  <meta name='ocr-system' content='tesseract 3.04.00' />
  <meta name='ocr-capabilities' content='ocr_page ocr_carea ocr_par ocr_line ocrx_word'/>
</head>
<body>
  <div class='ocr_page' id='page_1' title='image "./p2operaomnia03ciceuoft_0492.png"; bbox 0 0 1940 3231; ppageno 0'>
   <div class='ocr_carea' id='block_1_1' title="bbox 318 122 1372 168">
    <p class='ocr_par' dir='ltr' id='par_1_1' title="bbox 318 122 1372 168">
     <span class='ocr_line' id='line_1_1' title="bbox 318 122 1372 168; baseline -0.004 -3"><span class='ocrx_word' id='word_1_1' title='bbox 318 131 393 167; x_wconf 80' lang='lat'>916</span> <span class='ocrx_word' id='word_1_2' title='bbox 684 126 863 164; x_wconf 85' lang='lat' dir='ltr'>EPIST.</span> <span class='ocrx_word' id='word_1_3' title='bbox 891 125 968 163; x_wconf 75' lang='lat' dir='ltr'>AD</span> <span class='ocrx_word' id='word_1_4' title='bbox 995 127 1043 167; x_wconf 87' lang='lat' dir='ltr'>Q.</span> <span class='ocrx_word' id='word_1_5' title='bbox 1070 122 1372 168; x_wconf 80' lang='lat' dir='ltr'><strong>FRATREM,</strong></span> 
     </span>
    </p>
   </div>
   <div class='ocr_carea' id='block_1_2' title="bbox 295 227 1751 2519">
    <p class='ocr_par' dir='ltr' id='par_1_2' title="bbox 295 227 1751 2519">
     <span class='ocr_line' id='line_1_2' title="bbox 318 227 1751 286; baseline -0.003 -14"><span class='ocrx_word' id='word_1_6' title='bbox 318 245 414 272; x_wconf 87' lang='lat' dir='ltr'>cum</span> <span class='ocrx_word' id='word_1_7' title='bbox 441 245 677 272; x_wconf 88' lang='lat' dir='ltr'>sermonem</span> <span class='ocrx_word' id='word_1_8' title='bbox 699 230 866 281; x_wconf 87' lang='lat' dir='ltr'>habuit,</span> <span class='ocrx_word' id='word_1_9' title='bbox 889 239 932 271; x_wconf 87' lang='lat' dir='ltr'>et</span> <span class='ocrx_word' id='word_1_10' title='bbox 955 229 1280 286; x_wconf 85' lang='lat' dir='ltr'>perhumanum,</span> <span class='ocrx_word' id='word_1_11' title='bbox 1302 228 1355 269; x_wconf 88' lang='lat' dir='ltr'>de</span> <span class='ocrx_word' id='word_1_12' title='bbox 1375 227 1600 271; x_wconf 79' lang='lat' dir='ltr'>discordiis</span> <span class='ocrx_word' id='word_1_13' title='bbox 1621 229 1751 275; x_wconf 71' lang='lat' dir='ltr'>muli-</span> 
     </span>
     <span class='ocr_line' id='line_1_3' title="bbox 319 285 1747 345; baseline -0.003 -17"><span class='ocrx_word' id='word_1_14' title='bbox 319 303 436 329; x_wconf 85' lang='lat' dir='ltr'>erum</span> <span class='ocrx_word' id='word_1_15' title='bbox 470 297 725 329; x_wconf 85' lang='lat' dir='ltr'>nostrarum.</span> <span class='ocrx_word' id='word_1_16' title='bbox 787 287 904 333; x_wconf 74' lang='lat' dir='ltr'>Quid</span> <span class='ocrx_word' id='word_1_17' title='bbox 937 287 1121 342; x_wconf 83' lang='lat' dir='ltr'>quaeris?</span> <span class='ocrx_word' id='word_1_18' title='bbox 1152 285 1257 326; x_wconf 85' lang='lat' dir='ltr'>nihil</span> <span class='ocrx_word' id='word_1_19' title='bbox 1285 285 1494 327; x_wconf 82' lang='lat' dir='ltr'>festivius.</span> <span class='ocrx_word' id='word_1_20' title='bbox 1556 287 1747 345; x_wconf 80' lang='lat' dir='ltr'>Pompo.</span> 
     </span>
     <span class='ocr_line' id='line_1_4' title="bbox 320 342 1746 400; baseline 0.002 -14"><span class='ocrx_word' id='word_1_21' title='bbox 320 346 392 386; x_wconf 81' lang='lat' dir='ltr'>nia</span> <span class='ocrx_word' id='word_1_22' title='bbox 413 355 552 386; x_wconf 84' lang='lat' dir='ltr'>autem</span> <span class='ocrx_word' id='word_1_23' title='bbox 577 346 707 386; x_wconf 78' lang='lat' dir='ltr'>etiam</span> <span class='ocrx_word' id='word_1_24' title='bbox 738 344 790 385; x_wconf 88' lang='lat' dir='ltr'>de</span> <span class='ocrx_word' id='word_1_25' title='bbox 825 356 865 384; x_wconf 83' lang='lat' dir='ltr'>te</span> <span class='ocrx_word' id='word_1_26' title='bbox 887 352 1038 399; x_wconf 88' lang='lat' dir='ltr'>questa</span> <span class='ocrx_word' id='word_1_27' title='bbox 1058 353 1135 383; x_wconf 91' lang='lat' dir='ltr'>est.</span> <span class='ocrx_word' id='word_1_28' title='bbox 1168 343 1240 384; x_wconf 88' lang='lat' dir='ltr'>sed</span> <span class='ocrx_word' id='word_1_29' title='bbox 1264 342 1358 384; x_wconf 79' lang='lat' dir='ltr'>haec</span> <span class='ocrx_word' id='word_1_30' title='bbox 1380 357 1524 384; x_wconf 86' lang='lat' dir='ltr'>coram</span> <span class='ocrx_word' id='word_1_31' title='bbox 1553 359 1746 400; x_wconf 81' lang='lat' dir='ltr'><strong>agemus.</strong></span> 
     </span>
     <span class='ocr_line' id='line_1_5' title="bbox 320 400 1748 458; baseline 0.001 -15"><span class='ocrx_word' id='word_1_32' title='bbox 320 403 360 443; x_wconf 84' lang='lat' dir='ltr'><strong>A</strong></span> <span class='ocrx_word' id='word_1_33' title='bbox 384 417 514 458; x_wconf 88' lang='lat' dir='ltr'>puero</span> <span class='ocrx_word' id='word_1_34' title='bbox 537 413 583 443; x_wconf 91' lang='lat' dir='ltr'>ut</span> <span class='ocrx_word' id='word_1_35' title='bbox 605 401 794 449; x_wconf 83' lang='lat' dir='ltr'>discessi,</span> <span class='ocrx_word' id='word_1_36' title='bbox 818 403 859 442; x_wconf 90' lang='lat' dir='ltr'>in</span> <span class='ocrx_word' id='word_1_37' title='bbox 884 415 1024 441; x_wconf 88' lang='lat' dir='ltr'>aream</span> <span class='ocrx_word' id='word_1_38' title='bbox 1044 408 1157 440; x_wconf 83' lang='lat' dir='ltr'>tuam</span> <span class='ocrx_word' id='word_1_39' title='bbox 1184 400 1293 440; x_wconf 90' lang='lat' dir='ltr'>veni.</span> <span class='ocrx_word' id='word_1_40' title='bbox 1326 415 1390 440; x_wconf 89' lang='lat' dir='ltr'>res</span> <span class='ocrx_word' id='word_1_41' title='bbox 1412 402 1620 456; x_wconf 82' lang='lat' dir='ltr'>agebatur</span> <span class='ocrx_word' id='word_1_42' title='bbox 1639 405 1748 446; x_wconf 78' lang='lat' dir='ltr'>mul-</span> 
     </span>
     <span class='ocr_line' id='line_1_6' title="bbox 321 457 1749 514; baseline 0.001 -14"><span class='ocrx_word' id='word_1_43' title='bbox 321 461 374 500; x_wconf 87' lang='lat' dir='ltr'>tis</span> <span class='ocrx_word' id='word_1_44' title='bbox 410 460 708 500; x_wconf 79' lang='lat' dir='ltr'>structoribus.</span> <span class='ocrx_word' id='word_1_45' title='bbox 768 458 1014 514; x_wconf 80' lang='lat' dir='ltr'>Longilium</span> <span class='ocrx_word' id='word_1_46' title='bbox 1045 457 1327 497; x_wconf 81' lang='lat' dir='ltr'><strong>redemtorem</strong></span> <span class='ocrx_word' id='word_1_47' title='bbox 1355 457 1605 499; x_wconf 78' lang='lat' dir='ltr'>cohortatus</span> <span class='ocrx_word' id='word_1_48' title='bbox 1636 475 1749 503; x_wconf 88' lang='lat' dir='ltr'>sum.-</span> 
     </span>
     <span class='ocr_line' id='line_1_7' title="bbox 320 513 1749 568; baseline 0.001 -11"><span class='ocrx_word' id='word_1_49' title='bbox 320 517 447 557; x_wconf 83' lang='lat' dir='ltr'>fidem</span> <span class='ocrx_word' id='word_1_50' title='bbox 488 516 593 556; x_wconf 88' lang='lat' dir='ltr'>mihi</span> <span class='ocrx_word' id='word_1_51' title='bbox 629 515 830 564; x_wconf 83' lang='lat' dir='ltr'>faciebat,</span> <span class='ocrx_word' id='word_1_52' title='bbox 860 530 903 555; x_wconf 86' lang='lat' dir='ltr'>se</span> <span class='ocrx_word' id='word_1_53' title='bbox 937 515 1042 554; x_wconf 86' lang='lat' dir='ltr'>velle</span> <span class='ocrx_word' id='word_1_54' title='bbox 1079 514 1202 554; x_wconf 89' lang='lat' dir='ltr'>nobis</span> <span class='ocrx_word' id='word_1_55' title='bbox 1236 513 1414 568; x_wconf 85' lang='lat' dir='ltr'>placere.</span> <span class='ocrx_word' id='word_1_56' title='bbox 1476 515 1645 557; x_wconf 89' lang='lat' dir='ltr'>Domus</span> <span class='ocrx_word' id='word_1_57' title='bbox 1667 519 1749 559; x_wconf 84' lang='lat' dir='ltr'>erit</span> 
     </span>
     <span class='ocr_line' id='line_1_8' title="bbox 321 571 1747 630; baseline 0.001 -16"><span class='ocrx_word' id='word_1_58' title='bbox 321 575 510 630; x_wconf 81' lang='lat' dir='ltr'>egregia.</span> <span class='ocrx_word' id='word_1_59' title='bbox 543 572 678 628; x_wconf 84' lang='lat' dir='ltr'>magis</span> <span class='ocrx_word' id='word_1_60' title='bbox 701 572 814 612; x_wconf 86' lang='lat' dir='ltr'>euim</span> <span class='ocrx_word' id='word_1_61' title='bbox 838 572 953 612; x_wconf 85' lang='lat' dir='ltr'>cerni</span> <span class='ocrx_word' id='word_1_62' title='bbox 980 571 1072 626; x_wconf 83' lang='lat' dir='ltr'>jam</span> <span class='ocrx_word' id='word_1_63' title='bbox 1105 581 1287 625; x_wconf 83' lang='lat' dir='ltr'>poterat,</span> <span class='ocrx_word' id='word_1_64' title='bbox 1308 585 1435 625; x_wconf 85' lang='lat' dir='ltr'>quam</span> <span class='ocrx_word' id='word_1_65' title='bbox 1458 584 1668 627; x_wconf 85' lang='lat' dir='ltr'>quantum</span> <span class='ocrx_word' id='word_1_66' title='bbox 1689 589 1747 616; x_wconf 76' lang='lat' dir='ltr'>ex</span> 
     </span>
     <span class='ocr_line' id='line_1_9' title="bbox 319 627 1749 685; baseline 0.001 -13"><span class='ocrx_word' id='word_1_67' title='bbox 319 631 458 672; x_wconf 82' lang='lat' dir='ltr'>forma</span> <span class='ocrx_word' id='word_1_68' title='bbox 479 630 799 685; x_wconf 79' lang='lat' dir='ltr'>judicabamus.</span> <span class='ocrx_word' id='word_1_69' title='bbox 832 628 1020 683; x_wconf 86' lang='lat' dir='ltr'>itemque</span> <span class='ocrx_word' id='word_1_70' title='bbox 1053 637 1198 667; x_wconf 82' lang='lat' dir='ltr'>nostra</span> <span class='ocrx_word' id='word_1_71' title='bbox 1220 627 1412 669; x_wconf 87' lang='lat' dir='ltr'>celeriter</span> <span class='ocrx_word' id='word_1_72' title='bbox 1436 630 1749 674; x_wconf 81' lang='lat' dir='ltr'>aedificabatur.</span> 
     </span>
     <span class='ocr_line' id='line_1_10' title="bbox 320 685 1747 741; baseline 0.002 -13"><span class='ocrx_word' id='word_1_73' title='bbox 320 687 384 728; x_wconf 88' lang='lat' dir='ltr'>Eo</span> <span class='ocrx_word' id='word_1_74' title='bbox 418 687 486 727; x_wconf 83' lang='lat' dir='ltr'>die</span> <span class='ocrx_word' id='word_1_75' title='bbox 524 687 673 727; x_wconf 80' lang='lat' dir='ltr'>cenavi</span> <span class='ocrx_word' id='word_1_76' title='bbox 707 686 820 741; x_wconf 86' lang='lat' dir='ltr'>apud</span> <span class='ocrx_word' id='word_1_77' title='bbox 859 685 1172 740; x_wconf 82' lang='lat' dir='ltr'>Crassipedem.</span> <span class='ocrx_word' id='word_1_78' title='bbox 1203 694 1393 735; x_wconf 80' lang='lat' dir='ltr'>cenatuS,</span> <span class='ocrx_word' id='word_1_79' title='bbox 1427 686 1469 726; x_wconf 90' lang='lat' dir='ltr'>in</span> <span class='ocrx_word' id='word_1_80' title='bbox 1505 687 1654 729; x_wconf 88' lang='lat' dir='ltr'>hortos</span> <span class='ocrx_word' id='word_1_81' title='bbox 1692 690 1747 731; x_wconf 85' lang='lat' dir='ltr'>ad</span> 
     </span>
     <span class='ocr_line' id='line_1_11' title="bbox 320 741 1747 802; baseline -0.002 -17"><span class='ocrx_word' id='word_1_82' title='bbox 320 744 575 800; x_wconf 84' lang='lat' dir='ltr'>Pompeium</span> <span class='ocrx_word' id='word_1_83' title='bbox 600 743 749 784; x_wconf 81' lang='lat' dir='ltr'>lectica</span> <span class='ocrx_word' id='word_1_84' title='bbox 772 742 880 784; x_wconf 85' lang='lat' dir='ltr'>latus</span> <span class='ocrx_word' id='word_1_85' title='bbox 904 757 1011 783; x_wconf 88' lang='lat' dir='ltr'>snm.</span> <span class='ocrx_word' id='word_1_86' title='bbox 1056 741 1285 782; x_wconf 85' lang='lat' dir='ltr'>Lucceium</span> <span class='ocrx_word' id='word_1_87' title='bbox 1307 743 1536 784; x_wconf 80' lang='lat' dir='ltr'>convenire</span> <span class='ocrx_word' id='word_1_88' title='bbox 1558 759 1644 786; x_wconf 84' lang='lat' dir='ltr'>non</span> <span class='ocrx_word' id='word_1_89' title='bbox 1670 762 1747 802; x_wconf 81' lang='lat' dir='ltr'>po-</span> 
     </span>
     <span class='ocr_line' id='line_1_12' title="bbox 319 798 1747 857; baseline 0.003 -15"><span class='ocrx_word' id='word_1_90' title='bbox 319 813 497 851; x_wconf 78' lang='lat' dir='ltr'>meram,</span> <span class='ocrx_word' id='word_1_91' title='bbox 520 801 635 857; x_wconf 89' lang='lat' dir='ltr'>quod</span> <span class='ocrx_word' id='word_1_92' title='bbox 666 800 878 841; x_wconf 82' lang='lat' dir='ltr'>abfuerat.</span> <span class='ocrx_word' id='word_1_93' title='bbox 911 800 1053 840; x_wconf 78' lang='lat' dir='ltr'>videre</span> <span class='ocrx_word' id='word_1_94' title='bbox 1085 811 1228 839; x_wconf 80' lang='lat' dir='ltr'>autem</span> <span class='ocrx_word' id='word_1_95' title='bbox 1265 798 1473 850; x_wconf 89' lang='lat' dir='ltr'>volebam,</span> <span class='ocrx_word' id='word_1_96' title='bbox 1495 803 1608 855; x_wconf 90' lang='lat' dir='ltr'>quod</span> <span class='ocrx_word' id='word_1_97' title='bbox 1631 817 1747 846; x_wconf 86' lang='lat' dir='ltr'>eram</span> 
     </span>
     <span class='ocr_line' id='line_1_13' title="bbox 318 855 1747 915; baseline 0.001 -15"><span class='ocrx_word' id='word_1_98' title='bbox 318 859 524 915; x_wconf 79' lang='lat' dir='ltr'>postridie</span> <span class='ocrx_word' id='word_1_99' title='bbox 550 858 691 898; x_wconf 85' lang='lat' dir='ltr'>Roma</span> <span class='ocrx_word' id='word_1_100' title='bbox 712 857 920 907; x_wconf 77' lang='lat' dir='ltr'>exiturus,</span> <span class='ocrx_word' id='word_1_101' title='bbox 942 865 985 896; x_wconf 87' lang='lat' dir='ltr'>et</span> <span class='ocrx_word' id='word_1_102' title='bbox 1011 856 1125 911; x_wconf 89' lang='lat' dir='ltr'>quod</span> <span class='ocrx_word' id='word_1_103' title='bbox 1149 855 1218 896; x_wconf 86' lang='lat' dir='ltr'>ille</span> <span class='ocrx_word' id='word_1_104' title='bbox 1239 856 1282 896; x_wconf 90' lang='lat' dir='ltr'>in</span> <span class='ocrx_word' id='word_1_105' title='bbox 1306 856 1546 898; x_wconf 82' lang='lat' dir='ltr'>Sardiniam</span> <span class='ocrx_word' id='word_1_106' title='bbox 1569 859 1649 900; x_wconf 87' lang='lat' dir='ltr'>iter</span> <span class='ocrx_word' id='word_1_107' title='bbox 1671 861 1747 902; x_wconf 88' lang='lat' dir='ltr'>ha-</span> 
     </span>
     <span class='ocr_line' id='line_1_14' title="bbox 322 913 1748 974; baseline -0.004 -17"><span class='ocrx_word' id='word_1_108' title='bbox 322 917 463 957; x_wconf 88' lang='lat' dir='ltr'>bebat.</span> <span class='ocrx_word' id='word_1_109' title='bbox 525 915 760 956; x_wconf 80' lang='lat' dir='ltr'>Hominem</span> <span class='ocrx_word' id='word_1_110' title='bbox 793 913 990 964; x_wconf 85' lang='lat' dir='ltr'>conveni,</span> <span class='ocrx_word' id='word_1_111' title='bbox 1013 922 1057 954; x_wconf 84' lang='lat' dir='ltr'>et</span> <span class='ocrx_word' id='word_1_112' title='bbox 1088 914 1142 954; x_wconf 82' lang='lat' dir='ltr'>ab</span> <span class='ocrx_word' id='word_1_113' title='bbox 1180 927 1230 953; x_wconf 86' lang='lat' dir='ltr'>eo</span> <span class='ocrx_word' id='word_1_114' title='bbox 1267 913 1416 969; x_wconf 85' lang='lat' dir='ltr'>petivi,</span> <span class='ocrx_word' id='word_1_115' title='bbox 1451 924 1497 954; x_wconf 91' lang='lat' dir='ltr'>ut</span> <span class='ocrx_word' id='word_1_116' title='bbox 1528 919 1748 974; x_wconf 73' lang='lat' dir='ltr'>quampri-</span> 
     </span>
     <span class='ocr_line' id='line_1_15' title="bbox 317 970 1749 1017; baseline 0.002 -3"><span class='ocrx_word' id='word_1_117' title='bbox 317 988 435 1014; x_wconf 85' lang='lat' dir='ltr'>mum</span> <span class='ocrx_word' id='word_1_118' title='bbox 472 983 512 1013; x_wconf 86' lang='lat' dir='ltr'>te</span> <span class='ocrx_word' id='word_1_119' title='bbox 545 973 669 1013; x_wconf 89' lang='lat' dir='ltr'>nobis</span> <span class='ocrx_word' id='word_1_120' title='bbox 700 972 908 1013; x_wconf 85' lang='lat' dir='ltr'>redderet.</span> <span class='ocrx_word' id='word_1_121' title='bbox 941 971 1086 1011; x_wconf 87' lang='lat' dir='ltr'>statim</span> <span class='ocrx_word' id='word_1_122' title='bbox 1108 970 1236 1011; x_wconf 80' lang='lat' dir='ltr'>dixit.</span> <span class='ocrx_word' id='word_1_123' title='bbox 1296 970 1401 1011; x_wconf 73' lang='lat' dir='ltr'>Erat</span> <span class='ocrx_word' id='word_1_124' title='bbox 1431 983 1576 1013; x_wconf 85' lang='lat' dir='ltr'>autem</span> <span class='ocrx_word' id='word_1_125' title='bbox 1607 974 1749 1017; x_wconf 78' lang='lat' dir='ltr'>iturus</span> 
     </span>
     <span class='ocr_line' id='line_1_16' title="bbox 317 1027 1745 1084; baseline 0.001 -13"><span class='ocrx_word' id='word_1_126' title='bbox 317 1035 385 1083; x_wconf 89' lang='lat' dir='ltr'>(ut</span> <span class='ocrx_word' id='word_1_127' title='bbox 409 1032 569 1081; x_wconf 85' lang='lat' dir='ltr'>aiebat)</span> <span class='ocrx_word' id='word_1_128' title='bbox 601 1045 638 1070; x_wconf 85' lang='lat' dir='ltr'>a.</span> <span class='ocrx_word' id='word_1_129' title='bbox 672 1030 713 1070; x_wconf 87' lang='lat' dir='ltr'>(l.</span> <span class='ocrx_word' id='word_1_130' title='bbox 750 1043 810 1070; x_wconf 88' lang='lat'>111</span> <span class='ocrx_word' id='word_1_131' title='bbox 848 1028 913 1069; x_wconf 88' lang='lat' dir='ltr'>Id.</span> <span class='ocrx_word' id='word_1_132' title='bbox 944 1027 1050 1084; x_wconf 86' lang='lat' dir='ltr'>Apr.</span> <span class='ocrx_word' id='word_1_133' title='bbox 1083 1037 1129 1067; x_wconf 85' lang='lat' dir='ltr'>ut</span> <span class='ocrx_word' id='word_1_134' title='bbox 1149 1030 1186 1057; x_wconf 83' lang='lat'>3¹</span> <span class='ocrx_word' id='word_1_135' title='bbox 1205 1036 1279 1068; x_wconf 85' lang='lat' dir='ltr'>aut</span> <span class='ocrx_word' id='word_1_136' title='bbox 1303 1028 1516 1079; x_wconf 84' lang='lat' dir='ltr'>Labrone,</span> <span class='ocrx_word' id='word_1_137' title='bbox 1536 1040 1612 1071; x_wconf 84' lang='lat' dir='ltr'>aut</span> <span class='ocrx_word' id='word_1_138' title='bbox 1634 1031 1745 1073; x_wconf 74' lang='lat' dir='ltr'>Pisis</span> 
     </span>
     <span class='ocr_line' id='line_1_17' title="bbox 316 1084 1746 1143; baseline 0.002 -14"><span class='ocrx_word' id='word_1_139' title='bbox 316 1089 637 1129; x_wconf 66' lang='lat' dir='ltr'>conscenderet.</span> <span class='ocrx_word' id='word_1_140' title='bbox 697 1085 778 1136; x_wconf 83' lang='lat' dir='ltr'>Tu,</span> <span class='ocrx_word' id='word_1_141' title='bbox 802 1086 859 1127; x_wconf 89' lang='lat' dir='ltr'>mi</span> <span class='ocrx_word' id='word_1_142' title='bbox 893 1086 1038 1136; x_wconf 80' lang='lat' dir='ltr'>frater,</span> <span class='ocrx_word' id='word_1_143' title='bbox 1061 1084 1239 1125; x_wconf 82' lang='lat' dir='ltr'>simulac</span> <span class='ocrx_word' id='word_1_144' title='bbox 1272 1085 1340 1126; x_wconf 90' lang='lat' dir='ltr'>ille</span> <span class='ocrx_word' id='word_1_145' title='bbox 1364 1087 1540 1138; x_wconf 81' lang='lat' dir='ltr'>venerit,</span> <span class='ocrx_word' id='word_1_146' title='bbox 1565 1088 1746 1143; x_wconf 84' lang='lat' dir='ltr'>primam</span> 
     </span>
     <span class='ocr_line' id='line_1_18' title="bbox 316 1143 1748 1202; baseline -0.003 -16"><span class='ocrx_word' id='word_1_147' title='bbox 316 1146 639 1202; x_wconf 82' lang='lat' dir='ltr'>navigationem</span> <span class='ocrx_word' id='word_1_148' title='bbox 678 1143 930 1196; x_wconf 83' lang='lat' dir='ltr'>(dummodo</span> <span class='ocrx_word' id='word_1_149' title='bbox 966 1143 1118 1184; x_wconf 86' lang='lat' dir='ltr'>idonea</span> <span class='ocrx_word' id='word_1_150' title='bbox 1147 1152 1378 1198; x_wconf 82' lang='lat' dir='ltr'>tempestas</span> <span class='ocrx_word' id='word_1_151' title='bbox 1412 1144 1485 1192; x_wconf 90' lang='lat' dir='ltr'>sit)</span> <span class='ocrx_word' id='word_1_152' title='bbox 1515 1159 1569 1185; x_wconf 89' lang='lat' dir='ltr'>ne</span> <span class='ocrx_word' id='word_1_153' title='bbox 1592 1147 1748 1188; x_wconf 70' lang='lat' dir='ltr'>omise-</span> 
     </span>
     <span class='ocr_line' id='line_1_19' title="bbox 317 1200 1745 1255; baseline 0.002 -12"><span class='ocrx_word' id='word_1_154' title='bbox 317 1203 390 1243; x_wconf 81' lang='lat' dir='ltr'>ris.</span> <span class='ocrx_word' id='word_1_155' title='bbox 431 1206 701 1255; x_wconf 44' lang='lat' dir='ltr'>&amp;wemmam</span> <span class='ocrx_word' id='word_1_156' title='bbox 734 1211 875 1241; x_wconf 85' lang='lat' dir='ltr'>autem</span> <span class='ocrx_word' id='word_1_157' title='bbox 913 1200 1042 1251; x_wconf 89' lang='lat' dir='ltr'>illam,</span> <span class='ocrx_word' id='word_1_158' title='bbox 1076 1214 1203 1255; x_wconf 85' lang='lat' dir='ltr'>quam</span> <span class='ocrx_word' id='word_1_159' title='bbox 1233 1211 1277 1240; x_wconf 87' lang='lat' dir='ltr'>tu</span> <span class='ocrx_word' id='word_1_160' title='bbox 1312 1200 1419 1241; x_wconf 83' lang='lat' dir='ltr'>soles</span> <span class='ocrx_word' id='word_1_161' title='bbox 1450 1202 1605 1254; x_wconf 88' lang='lat' dir='ltr'>dicere,</span> <span class='ocrx_word' id='word_1_162' title='bbox 1630 1204 1745 1246; x_wconf 91' lang='lat' dir='ltr'>bono</span> 
     </span>
     <span class='ocr_line' id='line_1_20' title="bbox 319 1257 1748 1314; baseline 0.002 -14"><span class='ocrx_word' id='word_1_163' title='bbox 319 1261 450 1301; x_wconf 85' lang='lat' dir='ltr'>modo</span> <span class='ocrx_word' id='word_1_164' title='bbox 472 1260 681 1308; x_wconf 85' lang='lat' dir='ltr'>desidero,</span> <span class='ocrx_word' id='word_1_165' title='bbox 701 1259 760 1299; x_wconf 86' lang='lat' dir='ltr'>sic</span> <span class='ocrx_word' id='word_1_166' title='bbox 789 1273 971 1314; x_wconf 83' lang='lat' dir='ltr'>prorsus,</span> <span class='ocrx_word' id='word_1_167' title='bbox 994 1268 1038 1298; x_wconf 87' lang='lat' dir='ltr'>ut</span> <span class='ocrx_word' id='word_1_168' title='bbox 1059 1257 1354 1298; x_wconf 78' lang='lat' dir='ltr'>advenientem</span> <span class='ocrx_word' id='word_1_169' title='bbox 1376 1259 1590 1314; x_wconf 77' lang='lat' dir='ltr'>excipiam</span> <span class='ocrx_word' id='word_1_170' title='bbox 1611 1260 1748 1303; x_wconf 89' lang='lat' dir='ltr'>liben-</span> 
     </span>
     <span class='ocr_line' id='line_1_21' title="bbox 318 1314 1747 1366; baseline 0.003 -10"><span class='ocrx_word' id='word_1_171' title='bbox 318 1327 405 1359; x_wconf 78' lang='lat' dir='ltr'>ter:</span> <span class='ocrx_word' id='word_1_172' title='bbox 439 1317 641 1357; x_wconf 81' lang='lat' dir='ltr'>latentem</span> <span class='ocrx_word' id='word_1_173' title='bbox 664 1316 792 1356; x_wconf 85' lang='lat' dir='ltr'>etiam</span> <span class='ocrx_word' id='word_1_174' title='bbox 817 1331 942 1366; x_wconf 88' lang='lat' dir='ltr'>nunc,</span> <span class='ocrx_word' id='word_1_175' title='bbox 967 1330 1052 1355; x_wconf 86' lang='lat' dir='ltr'>non</span> <span class='ocrx_word' id='word_1_176' title='bbox 1074 1315 1276 1355; x_wconf 78' lang='lat' dir='ltr'>excitem.</span> <span class='ocrx_word' id='word_1_177' title='bbox 1337 1314 1491 1356; x_wconf 89' lang='lat' dir='ltr'>Tribus</span> <span class='ocrx_word' id='word_1_178' title='bbox 1514 1317 1619 1359; x_wconf 91' lang='lat' dir='ltr'>locis</span> <span class='ocrx_word' id='word_1_179' title='bbox 1643 1319 1747 1360; x_wconf 87' lang='lat' dir='ltr'>aedi-</span> 
     </span>
     <span class='ocr_line' id='line_1_22' title="bbox 318 1371 1748 1428; baseline 0.001 -13"><span class='ocrx_word' id='word_1_180' title='bbox 318 1374 416 1425; x_wconf 92' lang='lat' dir='ltr'>fico,</span> <span class='ocrx_word' id='word_1_181' title='bbox 439 1374 601 1428; x_wconf 83' lang='lat' dir='ltr'>reliqua</span> <span class='ocrx_word' id='word_1_182' title='bbox 624 1374 908 1426; x_wconf 76' lang='lat' dir='ltr'>reconcinn03</span> <span class='ocrx_word' id='word_1_183' title='bbox 941 1373 1038 1413; x_wconf 65' lang='lat' dir='ltr'>vivo</span> <span class='ocrx_word' id='word_1_184' title='bbox 1072 1371 1214 1428; x_wconf 87' lang='lat' dir='ltr'>paullo</span> <span class='ocrx_word' id='word_1_185' title='bbox 1238 1372 1466 1424; x_wconf 78' lang='lat' dir='ltr'>liberalius,</span> <span class='ocrx_word' id='word_1_186' title='bbox 1488 1389 1615 1428; x_wconf 86' lang='lat' dir='ltr'>quam</span> <span class='ocrx_word' id='word_1_187' title='bbox 1639 1376 1748 1417; x_wconf 90' lang='lat' dir='ltr'>sole-</span> 
     </span>
     <span class='ocr_line' id='line_1_23' title="bbox 319 1429 1746 1487; baseline 0.002 -15"><span class='ocrx_word' id='word_1_188' title='bbox 319 1433 432 1473; x_wconf 89' lang='lat' dir='ltr'>bam.</span> <span class='ocrx_word' id='word_1_189' title='bbox 494 1431 615 1487; x_wconf 83' lang='lat' dir='ltr'>Opus</span> <span class='ocrx_word' id='word_1_190' title='bbox 652 1439 755 1481; x_wconf 87' lang='lat' dir='ltr'>erat,</span> <span class='ocrx_word' id='word_1_191' title='bbox 779 1431 813 1470; x_wconf 84' lang='lat' dir='ltr'>si</span> <span class='ocrx_word' id='word_1_192' title='bbox 849 1439 889 1471; x_wconf 87' lang='lat' dir='ltr'>te</span> <span class='ocrx_word' id='word_1_193' title='bbox 924 1429 1139 1481; x_wconf 79' lang='lat' dir='ltr'>haberem,</span> <span class='ocrx_word' id='word_1_194' title='bbox 1174 1429 1402 1485; x_wconf 84' lang='lat' dir='ltr'>paullisper</span> <span class='ocrx_word' id='word_1_195' title='bbox 1437 1430 1566 1472; x_wconf 85' lang='lat' dir='ltr'>fabris</span> <span class='ocrx_word' id='word_1_196' title='bbox 1602 1432 1746 1475; x_wconf 86' lang='lat' dir='ltr'>locum</span> 
     </span>
     <span class='ocr_line' id='line_1_24' title="bbox 316 1487 1746 1544; baseline 0.003 -15"><span class='ocrx_word' id='word_1_197' title='bbox 316 1489 430 1530; x_wconf 82' lang='lat' dir='ltr'>dare.</span> <span class='ocrx_word' id='word_1_198' title='bbox 462 1489 534 1529; x_wconf 88' lang='lat' dir='ltr'>sed</span> <span class='ocrx_word' id='word_1_199' title='bbox 567 1500 611 1529; x_wconf 83' lang='lat' dir='ltr'>et</span> <span class='ocrx_word' id='word_1_200' title='bbox 643 1488 736 1529; x_wconf 76' lang='lat' dir='ltr'>haec</span> <span class='ocrx_word' id='word_1_201' title='bbox 770 1492 837 1541; x_wconf 88' lang='lat' dir='ltr'>(ut</span> <span class='ocrx_word' id='word_1_202' title='bbox 859 1490 1001 1544; x_wconf 84' lang='lat' dir='ltr'>spero)</span> <span class='ocrx_word' id='word_1_203' title='bbox 1033 1487 1151 1528; x_wconf 88' lang='lat' dir='ltr'>brevi</span> <span class='ocrx_word' id='word_1_204' title='bbox 1174 1489 1285 1527; x_wconf 86' lang='lat' dir='ltr'>inter</span> <span class='ocrx_word' id='word_1_205' title='bbox 1307 1502 1383 1528; x_wconf 90' lang='lat' dir='ltr'>nos</span> <span class='ocrx_word' id='word_1_206' title='bbox 1405 1490 1746 1532; x_wconf 85' lang='lat' dir='ltr'>communicabi-</span> 
     </span>
     <span class='ocr_line' id='line_1_25' title="bbox 315 1544 1748 1590; baseline 0.002 -3"><span class='ocrx_word' id='word_1_207' title='bbox 315 1561 425 1588; x_wconf 86' lang='lat' dir='ltr'>mus.</span> <span class='ocrx_word' id='word_1_208' title='bbox 486 1546 572 1586; x_wconf 83' lang='lat' dir='ltr'>Res</span> <span class='ocrx_word' id='word_1_209' title='bbox 611 1557 752 1587; x_wconf 81' lang='lat' dir='ltr'>autem</span> <span class='ocrx_word' id='word_1_210' title='bbox 794 1545 1005 1586; x_wconf 84' lang='lat' dir='ltr'>Romauae</span> <span class='ocrx_word' id='word_1_211' title='bbox 1042 1545 1103 1585; x_wconf 89' lang='lat' dir='ltr'>sic</span> <span class='ocrx_word' id='word_1_212' title='bbox 1139 1558 1228 1585; x_wconf 88' lang='lat' dir='ltr'>sese</span> <span class='ocrx_word' id='word_1_213' title='bbox 1265 1544 1438 1586; x_wconf 85' lang='lat' dir='ltr'>babent.</span> <span class='ocrx_word' id='word_1_214' title='bbox 1491 1546 1654 1589; x_wconf 88' lang='lat' dir='ltr'>Consul</span> <span class='ocrx_word' id='word_1_215' title='bbox 1682 1556 1748 1590; x_wconf 87' lang='lat' dir='ltr'>est</span> 
     </span>
     <span class='ocr_line' id='line_1_26' title="bbox 314 1601 1747 1662; baseline 0.002 -18"><span class='ocrx_word' id='word_1_216' title='bbox 314 1604 513 1660; x_wconf 82' lang='lat' dir='ltr'>egregius</span> <span class='ocrx_word' id='word_1_217' title='bbox 553 1603 772 1653; x_wconf 68' lang='lat' dir='ltr'>Lentulus,</span> <span class='ocrx_word' id='word_1_218' title='bbox 811 1617 893 1644; x_wconf 89' lang='lat' dir='ltr'>non</span> <span class='ocrx_word' id='word_1_219' title='bbox 929 1602 1191 1657; x_wconf 85' lang='lat' dir='ltr'>impediente</span> <span class='ocrx_word' id='word_1_220' title='bbox 1225 1601 1414 1658; x_wconf 83' lang='lat' dir='ltr'>collega:</span> <span class='ocrx_word' id='word_1_221' title='bbox 1448 1603 1524 1654; x_wconf 87' lang='lat' dir='ltr'>sic,</span> <span class='ocrx_word' id='word_1_222' title='bbox 1554 1605 1747 1662; x_wconf 88' lang='lat' dir='ltr'>inquam,</span> 
     </span>
     <span class='ocr_line' id='line_1_27' title="bbox 315 1659 1746 1712; baseline 0.001 -10"><span class='ocrx_word' id='word_1_223' title='bbox 315 1662 469 1712; x_wconf 76' lang='lat' dir='ltr'>bonus,</span> <span class='ocrx_word' id='word_1_224' title='bbox 504 1670 550 1701; x_wconf 88' lang='lat' dir='ltr'>ut</span> <span class='ocrx_word' id='word_1_225' title='bbox 593 1661 809 1701; x_wconf 74' lang='lat' dir='ltr'>meliorem</span> <span class='ocrx_word' id='word_1_226' title='bbox 847 1675 933 1701; x_wconf 89' lang='lat' dir='ltr'>non</span> <span class='ocrx_word' id='word_1_227' title='bbox 967 1659 1160 1700; x_wconf 87' lang='lat' dir='ltr'>viderim.</span> <span class='ocrx_word' id='word_1_228' title='bbox 1193 1659 1283 1700; x_wconf 87' lang='lat' dir='ltr'>dies</span> <span class='ocrx_word' id='word_1_229' title='bbox 1315 1660 1552 1701; x_wconf 86' lang='lat' dir='ltr'>comitiales</span> <span class='ocrx_word' id='word_1_230' title='bbox 1582 1665 1746 1704; x_wconf 79' lang='lat' dir='ltr'>exemit</span> 
     </span>
     <span class='ocr_line' id='line_1_28' title="bbox 315 1717 1746 1762; baseline 0.002 -3"><span class='ocrx_word' id='word_1_231' title='bbox 315 1733 478 1759; x_wconf 89' lang='lat' dir='ltr'>omnes.</span> <span class='ocrx_word' id='word_1_232' title='bbox 504 1733 601 1758; x_wconf 87' lang='lat' dir='ltr'>nam</span> <span class='ocrx_word' id='word_1_233' title='bbox 623 1718 752 1758; x_wconf 74' lang='lat' dir='ltr'>etium</span> <span class='ocrx_word' id='word_1_234' title='bbox 776 1717 941 1758; x_wconf 84' lang='lat' dir='ltr'>Latinae</span> <span class='ocrx_word' id='word_1_235' title='bbox 966 1717 1279 1758; x_wconf 81' lang='lat' dir='ltr'>instaurantur:</span> <span class='ocrx_word' id='word_1_236' title='bbox 1303 1731 1382 1758; x_wconf 89' lang='lat' dir='ltr'>nec</span> <span class='ocrx_word' id='word_1_237' title='bbox 1407 1728 1546 1758; x_wconf 86' lang='lat' dir='ltr'>tamen</span> <span class='ocrx_word' id='word_1_238' title='bbox 1570 1720 1746 1762; x_wconf 79' lang='lat' dir='ltr'>deerant</span> 
     </span>
     <span class='ocr_line' id='line_1_29' title="bbox 316 1774 1747 1832; baseline 0.001 -16"><span class='ocrx_word' id='word_1_239' title='bbox 316 1776 666 1832; x_wconf 83' lang='lat' dir='ltr'>supplicationes.</span> <span class='ocrx_word' id='word_1_240' title='bbox 698 1776 758 1815; x_wconf 86' lang='lat' dir='ltr'>sic</span> <span class='ocrx_word' id='word_1_241' title='bbox 793 1775 960 1830; x_wconf 79' lang='lat' dir='ltr'>legibus</span> <span class='ocrx_word' id='word_1_242' title='bbox 995 1774 1366 1830; x_wconf 84' lang='lat' dir='ltr'>perniciosissimis</span> <span class='ocrx_word' id='word_1_243' title='bbox 1395 1775 1633 1828; x_wconf 87' lang='lat' dir='ltr'>obsistitur,</span> <span class='ocrx_word' id='word_1_244' title='bbox 1656 1792 1747 1818; x_wconf 86' lang='lat' dir='ltr'>ma·</span> 
     </span>
     <span class='ocr_line' id='line_1_30' title="bbox 315 1831 1745 1888; baseline 0.002 -14"><span class='ocrx_word' id='word_1_245' title='bbox 315 1834 433 1874; x_wconf 74' lang='lat' dir='ltr'>xime</span> <span class='ocrx_word' id='word_1_246' title='bbox 467 1832 672 1874; x_wconf 82' lang='lat' dir='ltr'>Catonis:</span> <span class='ocrx_word' id='word_1_247' title='bbox 705 1833 773 1872; x_wconf 91' lang='lat' dir='ltr'>cui</span> <span class='ocrx_word' id='word_1_248' title='bbox 813 1842 955 1872; x_wconf 84' lang='lat' dir='ltr'>tamen</span> <span class='ocrx_word' id='word_1_249' title='bbox 984 1831 1158 1888; x_wconf 80' lang='lat' dir='ltr'>egregie</span> <span class='ocrx_word' id='word_1_250' title='bbox 1190 1831 1396 1886; x_wconf 86' lang='lat' dir='ltr'>imposuit</span> <span class='ocrx_word' id='word_1_251' title='bbox 1434 1831 1546 1873; x_wconf 88' lang='lat' dir='ltr'>Milo</span> <span class='ocrx_word' id='word_1_252' title='bbox 1586 1845 1745 1877; x_wconf 87' lang='lat' dir='ltr'>noster.</span> 
     </span>
     <span class='ocr_line' id='line_1_31' title="bbox 316 1888 1746 1945; baseline 0.002 -14"><span class='ocrx_word' id='word_1_253' title='bbox 316 1905 415 1931; x_wconf 86' lang='lat' dir='ltr'>nam</span> <span class='ocrx_word' id='word_1_254' title='bbox 449 1890 516 1931; x_wconf 86' lang='lat' dir='ltr'>ille</span> <span class='ocrx_word' id='word_1_255' title='bbox 548 1893 587 1920; x_wconf 86' lang='lat'>33</span> <span class='ocrx_word' id='word_1_256' title='bbox 605 1890 762 1930; x_wconf 74' lang='lat' dir='ltr'>vindex</span> <span class='ocrx_word' id='word_1_257' title='bbox 796 1889 1082 1945; x_wconf 76' lang='lat' dir='ltr'>gladiatorum</span> <span class='ocrx_word' id='word_1_258' title='bbox 1108 1900 1151 1929; x_wconf 87' lang='lat' dir='ltr'>et</span> <span class='ocrx_word' id='word_1_259' title='bbox 1183 1888 1480 1929; x_wconf 83' lang='lat' dir='ltr'>bestiariorum</span> <span class='ocrx_word' id='word_1_260' title='bbox 1504 1902 1664 1933; x_wconf 85' lang='lat' dir='ltr'>emerat</span> <span class='ocrx_word' id='word_1_261' title='bbox 1693 1892 1746 1934; x_wconf 89' lang='lat' dir='ltr'>de</span> 
     </span>
     <span class='ocr_line' id='line_1_32' title="bbox 316 1946 1745 2002; baseline 0.002 -14"><span class='ocrx_word' id='word_1_262' title='bbox 316 1948 533 1989; x_wconf 85' lang='lat' dir='ltr'>Cosconio</span> <span class='ocrx_word' id='word_1_263' title='bbox 572 1956 615 1988; x_wconf 83' lang='lat' dir='ltr'>et</span> <span class='ocrx_word' id='word_1_264' title='bbox 657 1947 900 2002; x_wconf 85' lang='lat' dir='ltr'>Pomponio</span> <span class='ocrx_word' id='word_1_265' title='bbox 942 1946 1190 1987; x_wconf 84' lang='lat' dir='ltr'>bestiarios:</span> <span class='ocrx_word' id='word_1_266' title='bbox 1228 1960 1306 1987; x_wconf 90' lang='lat' dir='ltr'>nec</span> <span class='ocrx_word' id='word_1_267' title='bbox 1341 1946 1431 1987; x_wconf 88' lang='lat' dir='ltr'>sine</span> <span class='ocrx_word' id='word_1_268' title='bbox 1467 1946 1532 1987; x_wconf 90' lang='lat' dir='ltr'>his</span> <span class='ocrx_word' id='word_1_269' title='bbox 1571 1950 1745 1991; x_wconf 85' lang='lat' dir='ltr'>armatis</span> 
     </span>
     <span class='ocr_line' id='line_1_33' title="bbox 295 2002 1746 2062; baseline 0.001 -16"><span class='ocrx_word' id='word_1_270' title='bbox 295 2020 517 2061; x_wconf 87' lang='lat' dir='ltr'>·umquam</span> <span class='ocrx_word' id='word_1_271' title='bbox 552 2005 595 2045; x_wconf 90' lang='lat' dir='ltr'>iu</span> <span class='ocrx_word' id='word_1_272' title='bbox 629 2004 802 2060; x_wconf 81' lang='lat' dir='ltr'>publico</span> <span class='ocrx_word' id='word_1_273' title='bbox 828 2005 978 2045; x_wconf 84' lang='lat' dir='ltr'>fuerat.</span> <span class='ocrx_word' id='word_1_274' title='bbox 1011 2004 1088 2044; x_wconf 75' lang='lat' dir='ltr'>lios</span> <span class='ocrx_word' id='word_1_275' title='bbox 1122 2002 1233 2044; x_wconf 87' lang='lat' dir='ltr'>alere</span> <span class='ocrx_word' id='word_1_276' title='bbox 1266 2018 1350 2044; x_wconf 89' lang='lat' dir='ltr'>non</span> <span class='ocrx_word' id='word_1_277' title='bbox 1386 2014 1568 2059; x_wconf 84' lang='lat' dir='ltr'>poterat.</span> <span class='ocrx_word' id='word_1_278' title='bbox 1599 2006 1746 2062; x_wconf 86' lang='lat' dir='ltr'>itaque</span> 
     </span>
     <span class='ocr_line' id='line_1_34' title="bbox 315 2061 1746 2105; baseline 0.001 -1"><span class='ocrx_word' id='word_1_279' title='bbox 315 2064 386 2104; x_wconf 81' lang='lat' dir='ltr'>vix</span> <span class='ocrx_word' id='word_1_280' title='bbox 412 2063 600 2104; x_wconf 80' lang='lat' dir='ltr'>tenebat.</span> <span class='ocrx_word' id='word_1_281' title='bbox 661 2062 803 2103; x_wconf 79' lang='lat' dir='ltr'>Sensit</span> <span class='ocrx_word' id='word_1_282' title='bbox 839 2061 965 2102; x_wconf 85' lang='lat' dir='ltr'>Milo.</span> <span class='ocrx_word' id='word_1_283' title='bbox 997 2061 1116 2102; x_wconf 89' lang='lat' dir='ltr'>dedit</span> <span class='ocrx_word' id='word_1_284' title='bbox 1148 2061 1316 2102; x_wconf 84' lang='lat' dir='ltr'>cuidam</span> <span class='ocrx_word' id='word_1_285' title='bbox 1342 2076 1426 2102; x_wconf 92' lang='lat' dir='ltr'>non</span> <span class='ocrx_word' id='word_1_286' title='bbox 1450 2061 1648 2104; x_wconf 85' lang='lat' dir='ltr'>familiari</span> <span class='ocrx_word' id='word_1_287' title='bbox 1672 2079 1746 2105; x_wconf 87' lang='lat' dir='ltr'>ne-</span> 
     </span>
     <span class='ocr_line' id='line_1_35' title="bbox 311 2118 1744 2177; baseline 0.001 -16"><span class='ocrx_word' id='word_1_288' title='bbox 311 2120 496 2177; x_wconf 77' lang='lat' dir='ltr'>gotium,</span> <span class='ocrx_word' id='word_1_289' title='bbox 518 2119 589 2174; x_wconf 89' lang='lat' dir='ltr'>qui</span> <span class='ocrx_word' id='word_1_290' title='bbox 614 2119 704 2160; x_wconf 91' lang='lat' dir='ltr'>sine</span> <span class='ocrx_word' id='word_1_291' title='bbox 726 2119 970 2174; x_wconf 83' lang='lat' dir='ltr'>suspicione</span> <span class='ocrx_word' id='word_1_292' title='bbox 989 2127 1148 2159; x_wconf 85' lang='lat' dir='ltr'>emeret</span> <span class='ocrx_word' id='word_1_293' title='bbox 1165 2133 1258 2158; x_wconf 87' lang='lat' dir='ltr'>eam</span> <span class='ocrx_word' id='word_1_294' title='bbox 1278 2118 1482 2159; x_wconf 84' lang='lat' dir='ltr'>familiam</span> <span class='ocrx_word' id='word_1_295' title='bbox 1507 2134 1531 2160; x_wconf 83' lang='lat' dir='ltr'>a</span> <span class='ocrx_word' id='word_1_296' title='bbox 1550 2119 1744 2164; x_wconf 85' lang='lat' dir='ltr'>Catone:</span> 
     </span>
     <span class='ocr_line' id='line_1_36' title="bbox 311 2175 1745 2233; baseline 0.002 -15"><span class='ocrx_word' id='word_1_297' title='bbox 311 2193 408 2233; x_wconf 85' lang='lat' dir='ltr'>quae</span> <span class='ocrx_word' id='word_1_298' title='bbox 443 2176 569 2218; x_wconf 88' lang='lat' dir='ltr'>simul</span> <span class='ocrx_word' id='word_1_299' title='bbox 603 2187 730 2232; x_wconf 82' lang='lat' dir='ltr'>atque</span> <span class='ocrx_word' id='word_1_300' title='bbox 763 2177 950 2217; x_wconf 77' lang='lat' dir='ltr'>abducta</span> <span class='ocrx_word' id='word_1_301' title='bbox 984 2186 1062 2227; x_wconf 88' lang='lat' dir='ltr'>est,</span> <span class='ocrx_word' id='word_1_302' title='bbox 1098 2175 1304 2226; x_wconf 83' lang='lat' dir='ltr'>Racilius,</span> <span class='ocrx_word' id='word_1_303' title='bbox 1327 2176 1399 2230; x_wconf 82' lang='lat' dir='ltr'>qui</span> <span class='ocrx_word' id='word_1_304' title='bbox 1430 2191 1538 2217; x_wconf 88' lang='lat' dir='ltr'>unus</span> <span class='ocrx_word' id='word_1_305' title='bbox 1570 2188 1635 2218; x_wconf 90' lang='lat' dir='ltr'>est</span> <span class='ocrx_word' id='word_1_306' title='bbox 1661 2179 1745 2221; x_wconf 90' lang='lat' dir='ltr'>hoc</span> 
     </span>
     <span class='ocr_line' id='line_1_37' title="bbox 312 2233 1745 2291; baseline 0.001 -15"><span class='ocrx_word' id='word_1_307' title='bbox 312 2246 506 2291; x_wconf 86' lang='lat' dir='ltr'>tempore</span> <span class='ocrx_word' id='word_1_308' title='bbox 530 2234 725 2274; x_wconf 89' lang='lat' dir='ltr'>tribunus</span> <span class='ocrx_word' id='word_1_309' title='bbox 750 2234 900 2289; x_wconf 83' lang='lat' dir='ltr'>plebis,</span> <span class='ocrx_word' id='word_1_310' title='bbox 919 2248 1006 2273; x_wconf 86' lang='lat' dir='ltr'>rem</span> <span class='ocrx_word' id='word_1_311' title='bbox 1028 2233 1245 2289; x_wconf 85' lang='lat' dir='ltr'>patefecit,</span> <span class='ocrx_word' id='word_1_312' title='bbox 1268 2247 1425 2288; x_wconf 86' lang='lat' dir='ltr'>cosque</span> <span class='ocrx_word' id='word_1_313' title='bbox 1449 2234 1642 2276; x_wconf 84' lang='lat' dir='ltr'>homines</span> <span class='ocrx_word' id='word_1_314' title='bbox 1661 2235 1745 2277; x_wconf 84' lang='lat' dir='ltr'>sibi</span> 
     </span>
     <span class='ocr_line' id='line_1_38' title="bbox 311 2291 1741 2348; baseline 0.001 -15"><span class='ocrx_word' id='word_1_315' title='bbox 311 2303 449 2333; x_wconf 84' lang='lat' dir='ltr'>emtos</span> <span class='ocrx_word' id='word_1_316' title='bbox 482 2306 573 2332; x_wconf 88' lang='lat' dir='ltr'>esse</span> <span class='ocrx_word' id='word_1_317' title='bbox 608 2292 722 2332; x_wconf 78' lang='lat' dir='ltr'>dixit</span> <span class='ocrx_word' id='word_1_318' title='bbox 753 2292 834 2344; x_wconf 87' lang='lat' dir='ltr'>(sic</span> <span class='ocrx_word' id='word_1_319' title='bbox 861 2291 975 2332; x_wconf 86' lang='lat' dir='ltr'>enim</span> <span class='ocrx_word' id='word_1_320' title='bbox 1011 2291 1247 2346; x_wconf 73' lang='lat' dir='ltr'>placuerat)</span> <span class='ocrx_word' id='word_1_321' title='bbox 1279 2300 1322 2331; x_wconf 89' lang='lat' dir='ltr'>et</span> <span class='ocrx_word' id='word_1_322' title='bbox 1345 2291 1534 2332; x_wconf 82' lang='lat' dir='ltr'>tabulam</span> <span class='ocrx_word' id='word_1_323' title='bbox 1560 2294 1741 2348; x_wconf 86' lang='lat' dir='ltr'>proscri-</span> 
     </span>
     <span class='ocr_line' id='line_1_39' title="bbox 313 2349 1742 2405; baseline 0.001 -15"><span class='ocrx_word' id='word_1_324' title='bbox 313 2351 413 2405; x_wconf 83' lang='lat' dir='ltr'>psit,</span> <span class='ocrx_word' id='word_1_325' title='bbox 441 2363 494 2390; x_wconf 82' lang='lat' dir='ltr'>sE</span> <span class='ocrx_word' id='word_1_326' title='bbox 521 2362 773 2390; x_wconf 59' lang='lat' dir='ltr'>FAMIIAAM</span> <span class='ocrx_word' id='word_1_327' title='bbox 803 2361 1133 2389; x_wconf 69' lang='lat' dir='ltr'>CATONIANAM</span> <span class='ocrx_word' id='word_1_328' title='bbox 1160 2361 1514 2389; x_wconf 68' lang='lat' dir='ltr'>VENmTURUM.</span> <span class='ocrx_word' id='word_1_329' title='bbox 1575 2349 1625 2390; x_wconf 90' lang='lat' dir='ltr'>In</span> <span class='ocrx_word' id='word_1_330' title='bbox 1648 2365 1742 2392; x_wconf 82' lang='lat' dir='ltr'>eam</span> 
     </span>
     <span class='ocr_line' id='line_1_40' title="bbox 311 2405 1743 2462; baseline 0.002 -16"><span class='ocrx_word' id='word_1_331' title='bbox 311 2408 499 2448; x_wconf 81' lang='lat' dir='ltr'>tabulam</span> <span class='ocrx_word' id='word_1_332' title='bbox 526 2407 668 2461; x_wconf 81' lang='lat' dir='ltr'>magni</span> <span class='ocrx_word' id='word_1_333' title='bbox 692 2407 796 2447; x_wconf 88' lang='lat' dir='ltr'>risus</span> <span class='ocrx_word' id='word_1_334' title='bbox 817 2406 1204 2460; x_wconf 82' lang='lat' dir='ltr'>consequebantur.</span> <span class='ocrx_word' id='word_1_335' title='bbox 1255 2407 1295 2435; x_wconf 80' lang='lat'>34</span> <span class='ocrx_word' id='word_1_336' title='bbox 1311 2405 1439 2446; x_wconf 68' lang='lat' dir='ltr'>Nunc</span> <span class='ocrx_word' id='word_1_337' title='bbox 1459 2406 1592 2462; x_wconf 83' lang='lat' dir='ltr'>igitur</span> <span class='ocrx_word' id='word_1_338' title='bbox 1611 2407 1743 2449; x_wconf 85' lang='lat' dir='ltr'>Cato-</span> 
     </span>
     <span class='ocr_line' id='line_1_41' title="bbox 308 2463 1743 2519; baseline 0.001 -14"><span class='ocrx_word' id='word_1_339' title='bbox 308 2479 405 2505; x_wconf 85' lang='lat' dir='ltr'>nem</span> <span class='ocrx_word' id='word_1_340' title='bbox 442 2464 648 2505; x_wconf 85' lang='lat' dir='ltr'>Lentulus</span> <span class='ocrx_word' id='word_1_341' title='bbox 679 2479 703 2504; x_wconf 87' lang='lat' dir='ltr'>a</span> <span class='ocrx_word' id='word_1_342' title='bbox 735 2463 903 2519; x_wconf 79' lang='lat' dir='ltr'>legibus</span> <span class='ocrx_word' id='word_1_343' title='bbox 937 2463 1135 2513; x_wconf 69' lang='lat' dir='ltr'>removit,</span> <span class='ocrx_word' id='word_1_344' title='bbox 1159 2474 1201 2503; x_wconf 82' lang='lat' dir='ltr'>et</span> <span class='ocrx_word' id='word_1_345' title='bbox 1231 2477 1319 2514; x_wconf 74' lang='lat' dir='ltr'>eos,</span> <span class='ocrx_word' id='word_1_346' title='bbox 1346 2465 1386 2493; x_wconf 74' lang='lat'>35</span> <span class='ocrx_word' id='word_1_347' title='bbox 1400 2463 1473 2518; x_wconf 87' lang='lat' dir='ltr'>qui</span> <span class='ocrx_word' id='word_1_348' title='bbox 1496 2463 1548 2504; x_wconf 85' lang='lat' dir='ltr'>de</span> <span class='ocrx_word' id='word_1_349' title='bbox 1571 2463 1743 2507; x_wconf 83' lang='lat' dir='ltr'>Caesare</span> 
     </span>
    </p>
   </div>
   <div class='ocr_carea' id='block_1_3' title="bbox 299 2593 1743 2931">
    <p class='ocr_par' dir='ltr' id='par_1_3' title="bbox 299 2593 1742 2844">
     <span class='ocr_line' id='line_1_42' title="bbox 346 2593 1742 2634; baseline -0.001 -8"><span class='ocrx_word' id='word_1_350' title='bbox 346 2598 382 2626; x_wconf 84' lang='lat'>31</span> <span class='ocrx_word' id='word_1_351' title='bbox 409 2599 469 2625; x_wconf 83' lang='lat' dir='ltr'>aut</span> <span class='ocrx_word' id='word_1_352' title='bbox 490 2594 640 2625; x_wconf 78' lang='lat' dir='ltr'>Labrone</span> <span class='ocrx_word' id='word_1_353' title='bbox 663 2598 722 2623; x_wconf 77' lang='lat' dir='ltr'>ant</span> <span class='ocrx_word' id='word_1_354' title='bbox 746 2593 848 2634; x_wconf 78' lang='lat' dir='ltr'>Pisis]</span> <span class='ocrx_word' id='word_1_355' title='bbox 873 2595 1000 2625; x_wconf 68' lang='lat' dir='ltr'>Wesse-</span> <span class='ocrx_word' id='word_1_356' title='bbox 1042 2604 1094 2633; x_wconf 81' lang='lat' dir='ltr'>ep.</span> <span class='ocrx_word' id='word_1_357' title='bbox 1117 2597 1147 2627; x_wconf 85' lang='lat'>9.</span> <span class='ocrx_word' id='word_1_358' title='bbox 1178 2599 1252 2631; x_wconf 76' lang='lat' dir='ltr'>post</span> <span class='ocrx_word' id='word_1_359' title='bbox 1274 2593 1371 2625; x_wconf 77' lang='lat' dir='ltr'>verba</span> <span class='ocrx_word' id='word_1_360' title='bbox 1392 2595 1439 2624; x_wconf 84' lang='grc' dir='ltr'>αιῖ</span> <span class='ocrx_word' id='word_1_361' title='bbox 1458 2597 1605 2624; x_wconf 75' lang='lat' dir='ltr'>nostrum</span> <span class='ocrx_word' id='word_1_362' title='bbox 1626 2595 1742 2627; x_wconf 77' lang='lat' dir='ltr'>Jovem</span> 
     </span>
     <span class='ocr_line' id='line_1_43' title="bbox 303 2637 1261 2677; baseline -0.005 -9"><span class='ocrx_word' id='word_1_363' title='bbox 303 2638 425 2677; x_wconf 72' lang='lat' dir='ltr'>litigius</span> <span class='ocrx_word' id='word_1_364' title='bbox 441 2637 481 2667; x_wconf 88' lang='lat' dir='ltr'>ad</span> <span class='ocrx_word' id='word_1_365' title='bbox 498 2637 647 2667; x_wconf 79' lang='lat' dir='ltr'>Itinerar.</span> <span class='ocrx_word' id='word_1_366' title='bbox 667 2639 790 2666; x_wconf 65' lang='lat' dir='ltr'>Autan.</span> <span class='ocrx_word' id='word_1_367' title='bbox 808 2647 839 2676; x_wconf 84' lang='lat' dir='ltr'>p.</span> <span class='ocrx_word' id='word_1_368' title='bbox 854 2639 926 2669; x_wconf 69' lang='lat'>293.</span> <span class='ocrx_word' id='word_1_369' title='bbox 944 2646 1002 2676; x_wconf 80' lang='lat' dir='ltr'>pu·</span> <span class='ocrx_word' id='word_1_370' title='bbox 1042 2640 1261 2666; x_wconf 56' lang='lat' dir='ltr'>revertantur.</span> 
     </span>
     <span class='ocr_line' id='line_1_44' title="bbox 302 2678 1742 2718; baseline 0 -7"><span class='ocrx_word' id='word_1_371' title='bbox 302 2687 353 2711; x_wconf 86' lang='lat' dir='ltr'>tat</span> <span class='ocrx_word' id='word_1_372' title='bbox 383 2681 575 2710; x_wconf 81' lang='lat' dir='ltr'>Ciceronem</span> <span class='ocrx_word' id='word_1_373' title='bbox 611 2679 774 2718; x_wconf 71' lang='lat' dir='ltr'>scripsisse</span> <span class='ocrx_word' id='word_1_374' title='bbox 812 2680 999 2714; x_wconf 65' lang='lat' dir='ltr'>Salebro-ne,</span> <span class='ocrx_word' id='word_1_375' title='bbox 1085 2681 1123 2709; x_wconf 68' lang='lat'>:323</span> <span class='ocrx_word' id='word_1_376' title='bbox 1150 2679 1266 2708; x_wconf 69' lang='lat' dir='ltr'>vindos</span> <span class='ocrx_word' id='word_1_377' title='bbox 1277 2678 1388 2717; x_wconf 82' lang='lat' dir='ltr'>glad.]</span> <span class='ocrx_word' id='word_1_378' title='bbox 1411 2679 1472 2709; x_wconf 80' lang='lat' dir='ltr'>int.</span> <span class='ocrx_word' id='word_1_379' title='bbox 1489 2680 1651 2711; x_wconf 83' lang='lat' dir='ltr'>Catonem</span> <span class='ocrx_word' id='word_1_380' title='bbox 1665 2680 1742 2711; x_wconf 85' lang='lat' dir='ltr'>trib.</span> 
     </span>
     <span class='ocr_line' id='line_1_45' title="bbox 301 2720 1089 2763; baseline -0.005 -9"><span class='ocrx_word' id='word_1_381' title='bbox 301 2724 377 2763; x_wconf 78' lang='lat' dir='ltr'>quia</span> <span class='ocrx_word' id='word_1_382' title='bbox 394 2722 568 2752; x_wconf 74' lang='lat' dir='ltr'>Salebrone</span> <span class='ocrx_word' id='word_1_383' title='bbox 582 2721 616 2750; x_wconf 87' lang='lat' dir='ltr'>in</span> <span class='ocrx_word' id='word_1_384' title='bbox 633 2720 690 2750; x_wconf 90' lang='lat' dir='ltr'>illo</span> <span class='ocrx_word' id='word_1_385' title='bbox 706 2721 881 2750; x_wconf 80' lang='lat' dir='ltr'>Itinerario</span> <span class='ocrx_word' id='word_1_386' title='bbox 897 2722 930 2750; x_wconf 85' lang='lat' dir='ltr'>in</span> <span class='ocrx_word' id='word_1_387' title='bbox 944 2731 1001 2750; x_wconf 83' lang='lat' dir='ltr'>ora</span> <span class='ocrx_word' id='word_1_388' title='bbox 1042 2721 1089 2760; x_wconf 74' lang='lat' dir='ltr'>pl..</span> 
     </span>
     <span class='ocr_line' id='line_1_46' title="bbox 299 2762 1741 2806; baseline 0.001 -12"><span class='ocrx_word' id='word_1_389' title='bbox 299 2777 338 2797; x_wconf 60' lang='lat' dir='ltr'>«a</span> <span class='ocrx_word' id='word_1_390' title='bbox 359 2765 506 2806; x_wconf 83' lang='lat' dir='ltr'>ponitur,</span> <span class='ocrx_word' id='word_1_391' title='bbox 524 2763 686 2794; x_wconf 73' lang='lat' dir='ltr'>erbrouis</span> <span class='ocrx_word' id='word_1_392' title='bbox 701 2768 812 2792; x_wconf 77' lang='lat' dir='ltr'>autem</span> <span class='ocrx_word' id='word_1_393' title='bbox 834 2763 924 2793; x_wconf 78' lang='lat' dir='ltr'>nulla</span> <span class='ocrx_word' id='word_1_394' title='bbox 942 2763 1001 2793; x_wconf 74' lang='lat' dir='ltr'>ali·</span> <span class='ocrx_word' id='word_1_395' title='bbox 1086 2765 1127 2793; x_wconf 68' lang='lat'>34</span> <span class='ocrx_word' id='word_1_396' title='bbox 1151 2763 1254 2793; x_wconf 66' lang='lat' dir='ltr'>ss‘zmc</span> <span class='ocrx_word' id='word_1_397' title='bbox 1267 2762 1387 2802; x_wconf 69' lang='lat' dir='ltr'>igitur]</span> <span class='ocrx_word' id='word_1_398' title='bbox 1412 2762 1462 2793; x_wconf 86' lang='lat' dir='ltr'>ed.</span> <span class='ocrx_word' id='word_1_399' title='bbox 1482 2763 1578 2794; x_wconf 86' lang='lat' dir='ltr'>Rom.</span> <span class='ocrx_word' id='word_1_400' title='bbox 1595 2763 1690 2795; x_wconf 84' lang='lat' dir='ltr'>Man.</span> <span class='ocrx_word' id='word_1_401' title='bbox 1705 2768 1741 2796; x_wconf 81' lang='lat' dir='ltr'>et</span> 
     </span>
     <span class='ocr_line' id='line_1_47' title="bbox 299 2804 1497 2844; baseline -0.002 -6"><span class='ocrx_word' id='word_1_402' title='bbox 299 2808 333 2838; x_wconf 80' lang='lat' dir='ltr'>bi</span> <span class='ocrx_word' id='word_1_403' title='bbox 348 2808 474 2838; x_wconf 77' lang='lat' dir='ltr'>mentio</span> <span class='ocrx_word' id='word_1_404' title='bbox 491 2807 540 2836; x_wconf 83' lang='lat' dir='ltr'>fit.</span> <span class='ocrx_word' id='word_1_405' title='bbox 1042 2804 1128 2835; x_wconf 62' lang='lat' dir='ltr'>X&#39;i‘t.</span> <span class='ocrx_word' id='word_1_406' title='bbox 1148 2806 1258 2836; x_wconf 68' lang='lat' dir='ltr'>Hanc.</span> <span class='ocrx_word' id='word_1_407' title='bbox 1275 2806 1356 2835; x_wconf 86' lang='lat' dir='ltr'>bene</span> <span class='ocrx_word' id='word_1_408' title='bbox 1370 2806 1497 2844; x_wconf 80' lang='lat' dir='ltr'>opinor.</span> 
     </span>
    </p>

    <p class='ocr_par' dir='ltr' id='par_1_4' title="bbox 299 2846 1743 2931">
     <span class='ocr_line' id='line_1_48' title="bbox 340 2846 1742 2888; baseline 0.001 -11"><span class='ocrx_word' id='word_1_409' title='bbox 340 2854 380 2880; x_wconf 64' lang='lat'>:32</span> <span class='ocrx_word' id='word_1_410' title='bbox 411 2847 601 2888; x_wconf 69' lang='grc' dir='ltr'><strong><em>ἀμφιλαφίαν</em></strong></span> <span class='ocrx_word' id='word_1_411' title='bbox 627 2858 660 2877; x_wconf 71' lang='grc' dir='ltr'>τι.</span> <span class='ocrx_word' id='word_1_412' title='bbox 688 2846 995 2885; x_wconf 46' lang='lat' dir='ltr'>&amp;lanz—emonem]</span> <span class='ocrx_word' id='word_1_413' title='bbox 1085 2851 1124 2877; x_wconf 76' lang='lat'>35</span> <span class='ocrx_word' id='word_1_414' title='bbox 1147 2849 1203 2886; x_wconf 78' lang='lat' dir='ltr'>qui</span> <span class='ocrx_word' id='word_1_415' title='bbox 1226 2848 1265 2877; x_wconf 77' lang='lat' dir='ltr'>de</span> <span class='ocrx_word' id='word_1_416' title='bbox 1284 2847 1408 2877; x_wconf 77' lang='lat' dir='ltr'>Coesare</span> <span class='ocrx_word' id='word_1_417' title='bbox 1428 2853 1574 2878; x_wconf 75' lang='lat' dir='ltr'>monstra</span> <span class='ocrx_word' id='word_1_418' title='bbox 1590 2851 1742 2888; x_wconf 81' lang='lat' dir='ltr'>promul-</span> 
     </span>
     <span class='ocr_line' id='line_1_49' title="bbox 299 2889 1743 2931; baseline -0.001 -8"><span class='ocrx_word' id='word_1_419' title='bbox 299 2892 380 2923; x_wconf 76' lang='lat' dir='ltr'>Haec</span> <span class='ocrx_word' id='word_1_420' title='bbox 405 2892 600 2923; x_wconf 79' lang='lat' dir='ltr'>Tuustallus</span> <span class='ocrx_word' id='word_1_421' title='bbox 625 2901 656 2931; x_wconf 83' lang='lat' dir='ltr'>p.</span> <span class='ocrx_word' id='word_1_422' title='bbox 685 2894 756 2921; x_wconf 59' lang='lat'>104.</span> <span class='ocrx_word' id='word_1_423' title='bbox 777 2889 935 2921; x_wconf 76' lang='lat' dir='ltr'>transfert</span> <span class='ocrx_word' id='word_1_424' title='bbox 958 2889 999 2920; x_wconf 74' lang='lat' dir='ltr'>ad</span> <span class='ocrx_word' id='word_1_425' title='bbox 1040 2890 1183 2929; x_wconf 66' lang='lat' dir='ltr'>gai-unt]</span> <span class='ocrx_word' id='word_1_426' title='bbox 1202 2891 1223 2921; x_wconf 89' lang='lat' dir='ltr'>i.</span> <span class='ocrx_word' id='word_1_427' title='bbox 1239 2901 1268 2920; x_wconf 89' lang='lat' dir='ltr'>e.</span> <span class='ocrx_word' id='word_1_428' title='bbox 1291 2889 1378 2929; x_wconf 72' lang='lat' dir='ltr'>leges</span> <span class='ocrx_word' id='word_1_429' title='bbox 1399 2897 1611 2929; x_wconf 53' lang='lat' dir='ltr'>monstrosa,</span> <span class='ocrx_word' id='word_1_430' title='bbox 1625 2891 1743 2930; x_wconf 81' lang='lat' dir='ltr'>quibus</span> 
     </span>
    </p>
   </div>
  </div>
 </body>
</html>
