1940 3231
317 138 396 177 734
740 130 923 168 EPIST.
951 130 1027 168 AD
1055 131 1341 176 ATTICUM,

314 238 419 289 lent,
452 236 725 294 recipientur.
758 251 843 291 quo
880 235 1020 276 minus
1054 235 1182 276 debes
1218 235 1378 286 mirari,
1410 251 1498 277 non
1532 251 1656 292 posse
1679 253 1748 280 me

316 305 439 337 tanto
467 295 604 337 dolori
638 293 846 334 resistere.
877 292 1006 333 solius
1040 293 1154 333 enim
1180 307 1320 334 meum
1344 302 1569 348 peccatum
1593 296 1751 350 corrigi

316 367 404 394 non
438 361 595 408 potest,
628 360 671 391 et
705 349 885 390 fortasse
920 349 1057 389 Laelii.
1090 350 1163 391 sed
1185 350 1285 405 quid
1315 364 1384 390 me
1407 350 1450 392 id
1472 350 1612 393 levat?
1643 355 1682 386 77
1700 352 1753 393 C.

317 409 492 465 quidem
517 409 715 449 Cassium
738 407 858 446 aiunt
881 405 1106 446 consilium
1133 406 1438 448 Alexandriam
1462 408 1591 448 eundi
1616 417 1756 449 muta-

317 467 443 508 visse.
506 465 618 507 Haec
640 463 692 504 ad
716 472 758 503 te
782 463 939 513 scribo,
964 476 1047 503 non
1075 472 1122 502 ut
1142 478 1271 518 queas
1295 474 1338 505 tu
1355 465 1525 505 demere
1545 464 1754 506 sollicitu-

318 525 477 573 dinem,
499 523 571 563 sed
594 530 640 561 ut
660 534 937 576 cognoscam,
959 519 1113 574 ecquid
1143 529 1189 560 tu
1224 522 1275 562 ad
1306 536 1356 562 ea
1377 521 1542 573 afferas,
1565 536 1662 577 quae
1685 536 1754 563 me

317 581 580 624 conficiunt:
613 577 664 618 ad
698 591 795 632 quae
819 590 949 632 gener
970 576 1151 625 accedit,
1173 586 1216 617 et
1237 587 1391 630 cetera,
1414 594 1526 634 quae,
1550 580 1652 620 fletu
1687 593 1754 619 re-

318 640 494 695 primor,
517 650 569 676 ne
603 634 801 675 scribam.
826 633 929 688 quin
963 633 1092 673 etiam
1116 633 1270 690 AEsopi
1293 635 1404 676 filius
1426 639 1494 676 n'ie
1516 635 1754 678 excruciat.

316 709 489 752 prorsus
522 691 630 733 nihil
662 693 797 741 abest,
820 691 924 746 quin
958 690 1037 730 sim
1073 691 1347 732 miserrimus.
1371 693 1441 734 sed
1477 694 1529 734 ad
1564 694 1754 750 primum

313 761 526 794 revertor:
560 749 664 805 quid
696 758 820 805 putes
857 747 1128 799 faciendum3
1163 747 1387 789 occultene
1409 750 1552 805 aliquo
1577 751 1753 806 propius

314 808 588 859 veniendum,
615 821 669 846 an
703 819 818 847 mare
846 805 1167 846 transeundum.
1191 820 1291 846 nam
1313 805 1384 846 hie
1406 807 1567 847 maneri
1589 807 1753 848 diutius

313 881 400 908 non
424 874 581 921 potest.
627 863 695 904 De
714 862 952 903 Fufidianis
971 876 1103 917 quare
1125 862 1232 902 nihil
1253 863 1395 917 potuit
1413 865 1598 905 confici?
1619 868 1659 898 78
1676 879 1752 921 ge-

313 939 394 965 nus
430 923 541 963 enim
577 920 840 963 conditionis
868 919 1081 974 ejusmodi
1116 918 1214 969 fuit,
1239 919 1281 959 in
1314 934 1400 975 quo
1423 934 1510 961 non
1533 920 1640 962 solet
1661 936 1752 962 esse

313 979 630 1030 controversia3
662 992 760 1019 cuin
783 992 833 1018 ea
855 991 966 1033 parS,
996 991 1092 1031 quae
1116 976 1284 1017 videtur
1305 991 1395 1017 esse
1425 978 1582 1029 minor,
1610 978 1751 1019 licita-

314 1039 432 1080 tione
454 1036 617 1092 expleri
648 1043 806 1090 posset.
829 1034 924 1075 haec
948 1048 1030 1089 ego
1054 1048 1139 1073 non
1163 1034 1253 1075 sine
1275 1048 1404 1076 causa
1424 1050 1587 1091 quaero.
1609 1035 1749 1091 suspi-

314 1110 389 1138 cor
411 1095 542 1144 enim,
566 1091 796 1134 coheredes
831 1091 1008 1132 dubiam
1033 1101 1223 1131 nostram
1247 1106 1420 1132 causam
1443 1102 1609 1148 putare,
1631 1102 1675 1133 et
1697 1107 1750 1134 eo

314 1167 404 1194 rem
428 1153 470 1193 in
494 1152 662 1207 integro
685 1164 789 1191 esse.
850 1147 970 1188 Vale.
1033 1147 1178 1189 Pridie
1201 1147 1304 1189 Idus
1329 1148 1439 1190 Mai.

753 1237 988 1280 CICERO
1019 1236 1247 1279 ATTICO
1279 1238 1324 1280 S.

319 1300 468 1354 NON
493 1324 590 1351 meo
614 1307 719 1349 vitio
754 1307 818 1357 fit,
852 1306 935 1347 hoc
969 1305 1143 1361 quidem
1177 1315 1385 1363 tempore,
1407 1310 1527 1360 (ante
1547 1306 1663 1349 enim
1687 1317 1752 1349 est

313 1369 575 1426 peccatum,)
607 1375 655 1406 ut
689 1378 758 1405 me
794 1368 833 1398 79
851 1364 932 1404 ista
964 1363 1146 1418 epistola
1178 1364 1285 1404 nihil
1308 1364 1566 1406 consoletur.
1590 1376 1751 1407 namet

314 1427 473 1482 exigue
510 1424 670 1480 scripta
700 1431 780 1472 est,
813 1430 858 1462 et
892 1421 1157 1476 suspiciones
1179 1435 1357 1477 magnas
1382 1421 1526 1473 habet,
1550 1437 1635 1463 non
1659 1437 1753 1464 esse

315 1485 370 1525 ab
394 1483 495 1534 illo,
525 1496 630 1537 quas
663 1479 1015 1523 animadvertisse
1048 1487 1090 1518 te
1111 1478 1331 1520 existimo.
1393 1478 1461 1520 De
1483 1480 1656 1520 obviam
1679 1480 1753 1520 iti-

314 1556 398 1582 one
428 1541 491 1581 ita
519 1539 691 1587 faciam,
714 1546 761 1577 ut
783 1536 947 1576 suades.
979 1538 1019 1566 80
1033 1549 1170 1591 neque
1199 1536 1315 1576 enim
1347 1536 1468 1577 valde
1488 1536 1541 1578 de
1562 1527 1763 1578 adventu'

316 1599 409 1653 ejus
441 1597 590 1653 opinio
623 1604 712 1645 est3
744 1607 896 1649 neque,
920 1593 954 1633 si
989 1594 1063 1646 qui
1094 1607 1147 1633 ex
1171 1591 1275 1633 Asia
1298 1593 1489 1644 veniunt,
1511 1593 1748 1649 quidquam

269 1662 301 1692 b·
317 1656 512 1696 auditum
543 1667 634 1693 esse
660 1651 811 1692 dicunt
843 1651 895 1692 de
930 1664 1057 1705 pace:
1090 1649 1213 1704 cujus
1235 1664 1317 1706 ego
1341 1665 1415 1705 spe
1436 1651 1478 1690 in
1503 1650 1614 1691 hanc
1633 1650 1750 1692 frau-

315 1713 413 1753 dem
435 1711 582 1752 incidi.
604 1708 713 1749 nihil
734 1709 874 1757 video,
897 1707 1012 1762 quod
1036 1707 1291 1763 sperandum
1315 1717 1478 1763 putem,
1502 1722 1615 1748 nunc
1639 1723 1750 1764 prae-

315 1770 476 1819 sertim,
498 1782 596 1808 cum
619 1780 669 1807 ea
699 1765 826 1821 plaga
847 1767 881 1795 8¹
903 1765 943 1805 iu
975 1763 1079 1805 Asia
1101 1764 1155 1804 sit
1179 1775 1371 1820 accepta,
1401 1765 1444 1805 in
1482 1763 1670 1820 Illyrico,
1704 1766 1750 1807 in

300 1827 520 1871 ⁴Cassiano
542 1823 734 1879 negotio,
757 1823 800 1862 in
825 1821 917 1877 ipsa
938 1821 1214 1862 Alexandria.
1237 1822 1279 1862 in
1301 1822 1418 1872 urbe,
1438 1822 1481 1861 in
1505 1821 1644 1863 Italia.
1663 1837 1748 1879 ego

312 1899 428 1934 vero,
450 1883 617 1924 etiamsi
640 1880 852 1921 rediturus
875 1878 943 1920 ille
964 1888 1045 1927 est,
1067 1879 1139 1934 qui
1171 1878 1312 1920 adhuc
1334 1878 1661 1934 bellum—gerere
1682 1880 1748 1921 di-

311 1942 437 1991 citur,
462 1951 603 1980 tamen
640 1947 738 1978 ante
775 1936 957 1977 reditum
995 1937 1086 1991 ejus
1110 1938 1149 1966 32
1165 1936 1388 1991 negotium
1422 1936 1672 1977 confectum
1695 1938 1747 1977 iri

312 2010 432 2055 puto.
495 1996 625 2043 Quod
663 2005 806 2035 autem
844 1994 1010 2044 scribis,
1047 1993 1263 2048 quandam
1295 1993 1493 2034 laetitiam
1535 1994 1748 2035 bonorum

312 2070 403 2097 esse
425 2062 703 2103 commotam,
725 2061 774 2092 ut
793 2051 848 2092 sit
866 2051 1060 2091 auditum
1082 2053 1121 2081 83
1135 2050 1186 2091 de
1208 2050 1387 2101 litteris;
1419 2061 1465 2091 tu
1488 2050 1663 2106 quidem
1682 2052 1749 2092 ni-

255 1238 305 1280 16

350 2174 390 2204 77
432 2169 466 2200 C.
495 2169 622 2210 quidem
659 2164 818 2205 Cassium]
858 2164 1004 2195 Graevius
1049 2175 1079 2195 a.
1092 2175 1118 2196 e.
1136 2176 1163 2195 o.
1179 2169 1232 2196 est.
1251 2164 1337 2204 quod
1350 2164 1457 2205 placet
1472 2165 1620 2195 Graevio:
1644 2164 1746 2196 etiam

307 2213 409 2243 edidit
438 2211 601 2252 Equidem
631 2209 788 2240 Cassium.
817 2207 913 2237 male.
939 2217 1005 2237 non

307 2256 434 2295 patitur
467 2255 574 2284 αἱιιηε.
611 2252 726 2282 melius
755 2250 958 2281 Alemannus
989 2261 1006 2280 e

307 2298 389 2328 Mss.
405 2296 547 2327 duobus:
573 2295 668 2325 Nam
689 2293 722 2324 C.
737 2293 876 2332 quidem.

349 2344 389 2374 78
410 2349 516 2377 genus
535 2336 737 2375 conditionis]
763 2346 807 2365 sc.
824 2333 1005 2364 dividenda-2

308 2382 519 2412 hereditatis:
537 2389 611 2410 cuin
629 2379 795 2420 portiones
810 2377 879 2406 fieri
896 2387 1003 2415 teque.-

310 2424 356 2454 les
372 2433 437 2454 non
454 2427 598 2463 possent,
613 2430 652 2452 ut
665 2420 847 2451 licitatione
862 2420 1004 2458 pretinm

308 2466 579 2501 constitueretur,
623 2469 720 2502 atque
760 2463 807 2491 ita
839 2461 1005 2501 portiones

307 2508 447 2547 aequales
461 2508 590 2543 fierent,
607 2506 745 2546 pecunia
759 2503 869 2534 addita
885 2504 1006 2543 portio-

308 2552 342 2580 ni
364 2549 483 2580 minori
509 2549 549 2578 ad
573 2558 645 2578 eam
661 2547 777 2578 ceteris
792 2545 982 2584 :rimandam
997 2558 1003 2575 z

307 2601 380 2632 quae
396 2591 541 2622 conditio
552 2592 586 2621 in
601 2595 801 2620 testamento
818 2588 1007 2628 pra‘svripta

308 2634 436 2664 videtur
451 2633 560 2663 fuisse.

349 2680 389 2710 79
411 2676 477 2706 ista
502 2673 650 2714 epistola]
689 2673 771 2712 Qnae
798 2671 877 2702 mihi
908 2672 1005 2703 missa

305 2723 368 2754 est,
384 2723 543 2757 tanquam
559 2728 578 2746 a
593 2718 720 2746 Caesare
736 2715 868 2754 scripta.

349 2764 389 2791 80
411 2770 512 2798 neque
524 2759 766 2796 valde—opinio
776 2756 836 2794 ess]
857 2756 937 2786 lida.
953 2767 1002 2796 pr.

304 2812 405 2842 neque
419 2804 505 2833 enim
518 2801 613 2832 valde
626 2801 766 2830 adventu
781 2798 859 2837 ejus:
878 2800 928 2828 cni
943 2799 997 2828 aal-

1050 2207 1141 2237 niihi.
1178 2208 1301 2238 Brutus
1330 2207 1431 2237 etium
1459 2208 1582 2248 recepit
1609 2207 1645 2238 in
1672 2213 1743 2238 tex-

1049 2255 1134 2280 tum.
1482 2286 1484 2288 v

1090 2295 1125 2322 31
1152 2293 1185 2322 in
1213 2292 1306 2331 Asia]
1333 2291 1397 2322 Ubi
1421 2291 1604 2323 Pharnaces
1627 2290 1745 2321 Domi-

1047 2335 1131 2364 tium
1150 2335 1322 2370 Calenum,
1341 2334 1424 2364 Asiae
1440 2334 1643 2373 praefectum,
1661 2333 1746 2362 vice-

1048 2382 1115 2407 rat:
1135 2378 1167 2406 in
1182 2377 1328 2415 Illyrico,
1345 2376 1430 2406 victo
1443 2376 1582 2406 Gabinio
1597 2386 1616 2405 a
1630 2375 1743 2405 barba-

1050 2419 1109 2448 ris:
1135 2420 1168 2448 z'n
1196 2420 1347 2450 Cassiano
1361 2419 1497 2456 negotio,
1513 2418 1546 2448 in
1563 2417 1664 2448 Cassii
1680 2417 1745 2446 dis-

1049 2461 1158 2491 cordia
1182 2472 1255 2492 cum
1281 2461 1439 2491 Marcello
1463 2461 1614 2499 (uterque
1637 2460 1745 2490 Caesa—

1050 2504 1091 2533 ris
1109 2503 1280 2543 praefectus
1304 2503 1423 2534 eratin
1443 2501 1640 2542 Hispania);
1664 2503 1699 2531 iu
1721 2503 1744 2531 ι’.

1049 2545 1267 2582 Alexandria,
1294 2556 1369 2576 cnm
1398 2545 1534 2575 emsa-cis
1562 2544 1682 2574 milites
1705 2544 1749 2573 al)

1050 2588 1278 2618 Alexandrinis
1300 2588 1361 2618 fusi
1387 2593 1506 2624 essent,
1533 2586 1599 2626 ipse
1624 2587 1656 2617 in
1675 2596 1745 2616 ma-

1049 2640 1114 2669 gno
1145 2629 1288 2669 periculo
1311 2630 1438 2666 fuisset,
1465 2628 1504 2658 de
1520 2639 1583 2667 quo
1599 2635 1632 2658 et
1646 2638 1745 2667 supra

1048 2672 1148 2701 dixit:
1166 2674 1198 2702 in
1212 2673 1292 2701 urbe
1307 2681 1364 2712 per
1375 2670 1504 2700 dissidia
1519 2671 1744 2706 tribunorum,

1047 2715 1181 2744 ahsente
1208 2714 1353 2744 Ca‘sare:
1378 2714 1412 2742 2¹11.
1437 2713 1542 2743 Italia
1568 2722 1626 2753 per
1640 2713 1747 2742 Anto.

1048 2757 1150 2791 nium,
1167 2756 1204 2786 de
1222 2766 1283 2795 quo
1300 2765 1409 2795 snpra.

1084 2801 1123 2829 222
1146 2799 1310 2837 megasium
1324 2797 1502 2837 eoegfi’clzzm
1517 2796 1574 2836 ἑνί]
1593 2796 1644 2828 De
1655 2795 1744 2827 bello

303 2845 410 2875 ditum
435 2850 485 2875 est
510 2845 558 2873 de.
579 2860 585 2863 >
603 2843 665 2873 Sed
687 2841 806 2871 durum
830 2848 888 2875 est,
907 2841 999 2870 valde
1043 2840 1141 2875 cixili,
1158 2849 1194 2871 nt
1211 2840 1242 2870 i‹l
1257 2841 1381 2870 exitum
1398 2840 1529 2870 habeat.

302 2894 347 2918 esc
363 2888 476 2928 opinio.
523 2885 699 2919 Lambinus
724 2884 858 2923 corrigit
877 2884 947 2915 ulla
964 2883 1001 2915 de

1069 2886 1126 2934 ¹83
1151 2884 1188 2915 de
1215 2883 1330 2925 licerc's]
1371 2882 1454 2922 ulis,
1482 2892 1554 2923 quae
1581 2882 1746 2914 acaesare
