<?xml version="1.0" encoding="UTF-8"?>
<!DOCTYPE html PUBLIC "-//W3C//DTD XHTML 1.0 Transitional//EN"
    "http://www.w3.org/TR/xhtml1/DTD/xhtml1-transitional.dtd">
<html xmlns="http://www.w3.org/1999/xhtml" xml:lang="en" lang="en">
 <head>
  <title>
</title>
<meta http-equiv="Content-Type" content="text/html;charset=utf-8" />
  <meta name='ocr-system' content='tesseract 3.04.00' />
  <meta name='ocr-capabilities' content='ocr_page ocr_carea ocr_par ocr_line ocrx_word'/>
</head>
<body>
  <div class='ocr_page' id='page_1' title='image "./p2operaomnia03ciceuoft_0216.png"; bbox 0 0 1940 3231; ppageno 0'>
   <div class='ocr_carea' id='block_1_1' title="bbox 153 484 275 523">
    <p class='ocr_par' dir='ltr' id='par_1_1' title="bbox 153 484 275 523">
     <span class='ocr_line' id='line_1_1' title="bbox 153 484 275 523; baseline -0.008 -10"><span class='ocrx_word' id='word_1_1' title='bbox 153 488 187 523; x_wconf 69' lang='lat' dir='ltr'>p.</span> <span class='ocrx_word' id='word_1_2' title='bbox 204 484 275 512; x_wconf 83' lang='lat'><strong>120.</strong></span> 
     </span>
    </p>
   </div>
   <div class='ocr_carea' id='block_1_2' title="bbox 273 2166 432 2206">
    <p class='ocr_par' dir='ltr' id='par_1_2' title="bbox 273 2166 432 2206">
     <span class='ocr_line' id='line_1_2' title="bbox 273 2166 432 2206; baseline 0.006 -9"><span class='ocrx_word' id='word_1_3' title='bbox 273 2166 432 2206; x_wconf 67' lang='lat' dir='ltr'>futurus.</span> 
     </span>
    </p>
   </div>
   <div class='ocr_carea' id='block_1_3' title="bbox 265 521 1604 581">
    <p class='ocr_par' dir='ltr' id='par_1_3' title="bbox 265 521 1604 581">
     <span class='ocr_line' id='line_1_3' title="bbox 265 521 1604 581; baseline 0.001 -16"><span class='ocrx_word' id='word_1_4' title='bbox 265 524 597 580; x_wconf 85' lang='lat' dir='ltr'>·rempublicam</span> <span class='ocrx_word' id='word_1_5' title='bbox 640 522 708 562; x_wconf 84' lang='grc'><strong>1116</strong></span> <span class='ocrx_word' id='word_1_6' title='bbox 749 521 868 572; x_wconf 78' lang='lat' dir='ltr'>aluit,</span> <span class='ocrx_word' id='word_1_7' title='bbox 907 523 1045 573; x_wconf 84' lang='lat' dir='ltr'>auxit,</span> <span class='ocrx_word' id='word_1_8' title='bbox 1083 524 1288 567; x_wconf 84' lang='lat' dir='ltr'>armavit:</span> <span class='ocrx_word' id='word_1_9' title='bbox 1327 524 1395 565; x_wconf 87' lang='grc'><strong>1116</strong></span> <span class='ocrx_word' id='word_1_10' title='bbox 1438 525 1604 581; x_wconf 78' lang='lat' dir='ltr'>legibus</span> 
     </span>
    </p>
   </div>
   <div class='ocr_carea' id='block_1_4' title="bbox 289 132 1308 179">
    <p class='ocr_par' dir='ltr' id='par_1_4' title="bbox 289 132 1308 179">
     <span class='ocr_line' id='line_1_4' title="bbox 289 132 1308 179; baseline 0.001 -8"><span class='ocrx_word' id='word_1_11' title='bbox 289 137 367 171; x_wconf 80' lang='lat'>640</span> <span class='ocrx_word' id='word_1_12' title='bbox 699 133 882 172; x_wconf 84' lang='lat' dir='ltr'><strong>EPIST.</strong></span> <span class='ocrx_word' id='word_1_13' title='bbox 908 133 989 172; x_wconf 88' lang='lat' dir='ltr'>AD</span> <span class='ocrx_word' id='word_1_14' title='bbox 1021 132 1308 179; x_wconf 90' lang='lat' dir='ltr'>ATTICUM,</span> 
     </span>
    </p>
   </div>
   <div class='ocr_carea' id='block_1_5' title="bbox 285 236 1790 694">
    <p class='ocr_par' dir='ltr' id='par_1_5' title="bbox 287 236 1790 522">
     <span class='ocr_line' id='line_1_5' title="bbox 289 236 1719 298; baseline 0.003 -20"><span class='ocrx_word' id='word_1_15' title='bbox 289 239 360 287; x_wconf 83' lang='lat' dir='ltr'>sit,</span> <span class='ocrx_word' id='word_1_16' title='bbox 382 252 480 279; x_wconf 89' lang='lat' dir='ltr'>cum</span> <span class='ocrx_word' id='word_1_17' title='bbox 513 236 654 293; x_wconf 73' lang='lat' dir='ltr'>aliquo</span> <span class='ocrx_word' id='word_1_18' title='bbox 688 237 799 279; x_wconf 87' lang='lat' dir='ltr'>forte</span> <span class='ocrx_word' id='word_1_19' title='bbox 833 238 1054 289; x_wconf 79' lang='lat' dir='ltr'>dedecore,</span> <span class='ocrx_word' id='word_1_20' title='bbox 1076 238 1247 293; x_wconf 88' lang='lat' dir='ltr'>quando</span> <span class='ocrx_word' id='word_1_21' title='bbox 1283 237 1516 294; x_wconf 88' lang='lat' dir='ltr'>Pompeius</span> <span class='ocrx_word' id='word_1_22' title='bbox 1549 255 1719 298; x_wconf 82' lang='lat' dir='ltr'>rempu-</span> 
     </span>
     <span class='ocr_line' id='line_1_6' title="bbox 287 295 1714 353; baseline 0.003 -17"><span class='ocrx_word' id='word_1_23' title='bbox 287 295 446 337; x_wconf 82' lang='lat' dir='ltr'>blicam</span> <span class='ocrx_word' id='word_1_24' title='bbox 468 295 742 351; x_wconf 83' lang='lat' dir='ltr'>recuperarit.</span> <span class='ocrx_word' id='word_1_25' title='bbox 780 295 831 336; x_wconf 90' lang='lat' dir='ltr'>In</span> <span class='ocrx_word' id='word_1_26' title='bbox 854 295 934 337; x_wconf 86' lang='lat' dir='ltr'>hac</span> <span class='ocrx_word' id='word_1_27' title='bbox 956 305 1075 351; x_wconf 87' lang='lat' dir='ltr'>parte</span> <span class='ocrx_word' id='word_1_28' title='bbox 1099 297 1191 336; x_wconf 83' lang='lat' dir='ltr'>haec</span> <span class='ocrx_word' id='word_1_29' title='bbox 1212 305 1325 337; x_wconf 87' lang='lat' dir='ltr'>sunt.</span> <span class='ocrx_word' id='word_1_30' title='bbox 1350 296 1445 337; x_wconf 87' lang='lat' dir='ltr'>vide</span> <span class='ocrx_word' id='word_1_31' title='bbox 1467 311 1596 348; x_wconf 84' lang='grc'><strong>1111116,</strong></span> <span class='ocrx_word' id='word_1_32' title='bbox 1617 314 1714 353; x_wconf 85' lang='lat' dir='ltr'>quae</span> 
     </span>
     <span class='ocr_line' id='line_1_7' title="bbox 290 346 1716 410; baseline 0.004 -19"><span class='ocrx_word' id='word_1_33' title='bbox 290 346 377 392; x_wconf 83' lang='lat' dir='ltr'>sint</span> <span class='ocrx_word' id='word_1_34' title='bbox 399 353 440 393; x_wconf 92' lang='lat' dir='ltr'>in</span> <span class='ocrx_word' id='word_1_35' title='bbox 463 351 608 394; x_wconf 83' lang='lat' dir='ltr'>altera.</span> <span class='ocrx_word' id='word_1_36' title='bbox 642 351 764 393; x_wconf 76' lang='lat' dir='ltr'>Nihil</span> <span class='ocrx_word' id='word_1_37' title='bbox 785 361 928 393; x_wconf 87' lang='lat' dir='ltr'>actum</span> <span class='ocrx_word' id='word_1_38' title='bbox 952 364 1016 393; x_wconf 87' lang='lat' dir='ltr'>est</span> <span class='ocrx_word' id='word_1_39' title='bbox 1037 367 1061 392; x_wconf 88' lang='lat' dir='ltr'>a</span> <span class='ocrx_word' id='word_1_40' title='bbox 1085 352 1295 409; x_wconf 89' lang='lat' dir='ltr'>Pompeio</span> <span class='ocrx_word' id='word_1_41' title='bbox 1318 362 1464 394; x_wconf 87' lang='lat' dir='ltr'>nostro</span> <span class='ocrx_word' id='word_1_42' title='bbox 1487 355 1716 410; x_wconf 79' lang='lat' dir='ltr'>sapienter,</span> 
     </span>
     <span class='ocr_line' id='line_1_8' title="bbox 288 408 1790 461; baseline 0.002 -11"><span class='ocrx_word' id='word_1_43' title='bbox 288 409 397 450; x_wconf 82' lang='lat' dir='ltr'>nihil</span> <span class='ocrx_word' id='word_1_44' title='bbox 427 410 622 461; x_wconf 80' lang='lat' dir='ltr'>fortiter3</span> <span class='ocrx_word' id='word_1_45' title='bbox 653 409 764 449; x_wconf 81' lang='lat' dir='ltr'>addo</span> <span class='ocrx_word' id='word_1_46' title='bbox 795 408 940 458; x_wconf 86' lang='lat' dir='ltr'>etiam,</span> <span class='ocrx_word' id='word_1_47' title='bbox 963 408 1068 449; x_wconf 87' lang='grc'><strong>1111111</strong></span> <span class='ocrx_word' id='word_1_48' title='bbox 1100 409 1180 450; x_wconf 88' lang='grc'><strong>11131</strong></span> <span class='ocrx_word' id='word_1_49' title='bbox 1212 419 1362 451; x_wconf 89' lang='lat' dir='ltr'>contra</span> <span class='ocrx_word' id='word_1_50' title='bbox 1391 411 1617 452; x_wconf 83' lang='lat' dir='ltr'>consilium</span> <span class='ocrx_word' id='word_1_51' title='bbox 1643 427 1719 453; x_wconf 83' lang='lat' dir='ltr'>au-</span> <span class='ocrx_word' id='word_1_52' title='bbox 1750 436 1790 460; x_wconf 56' lang='grc' dir='ltr'>η,</span> 
     </span>
     <span class='ocr_line' id='line_1_9' title="bbox 289 465 1749 522; baseline -0.001 -14"><span class='ocrx_word' id='word_1_53' title='bbox 289 467 621 521; x_wconf 84' lang='lat' dir='ltr'>ctoritatemque</span> <span class='ocrx_word' id='word_1_54' title='bbox 661 479 814 506; x_wconf 85' lang='lat' dir='ltr'>meam.</span> <span class='ocrx_word' id='word_1_55' title='bbox 853 466 1010 506; x_wconf 87' lang='lat' dir='ltr'>omitto</span> <span class='ocrx_word' id='word_1_56' title='bbox 1048 465 1119 506; x_wconf 82' lang='lat' dir='ltr'>illa</span> <span class='ocrx_word' id='word_1_57' title='bbox 1158 475 1314 518; x_wconf 84' lang='lat' dir='ltr'>vetera,</span> <span class='ocrx_word' id='word_1_58' title='bbox 1352 468 1466 522; x_wconf 89' lang='lat' dir='ltr'>quod</span> <span class='ocrx_word' id='word_1_59' title='bbox 1506 469 1634 510; x_wconf 86' lang='lat' dir='ltr'>istum</span> <span class='ocrx_word' id='word_1_60' title='bbox 1673 469 1717 510; x_wconf 85' lang='lat' dir='ltr'>in</span> <span class='ocrx_word' id='word_1_61' title='bbox 1742 475 1749 506; x_wconf 70' lang='grc' dir='ltr'>ζ</span> 
     </span>
    </p>

    <p class='ocr_par' dir='ltr' id='par_1_6' title="bbox 285 540 1720 694">
     <span class='ocr_line' id='line_1_10' title="bbox 1642 540 1719 581; baseline -0.013 -14"><span class='ocrx_word' id='word_1_62' title='bbox 1642 540 1719 581; x_wconf 86' lang='lat' dir='ltr'>per</span> 
     </span>
     <span class='ocr_line' id='line_1_11' title="bbox 287 578 1720 635; baseline 0.001 -13"><span class='ocrx_word' id='word_1_63' title='bbox 287 580 374 623; x_wconf 83' lang='lat' dir='ltr'>vim</span> <span class='ocrx_word' id='word_1_64' title='bbox 397 591 440 622; x_wconf 90' lang='lat' dir='ltr'>et</span> <span class='ocrx_word' id='word_1_65' title='bbox 461 589 611 622; x_wconf 80' lang='lat' dir='ltr'>contra</span> <span class='ocrx_word' id='word_1_66' title='bbox 632 578 824 635; x_wconf 82' lang='lat' dir='ltr'>auspicia</span> <span class='ocrx_word' id='word_1_67' title='bbox 846 578 1030 620; x_wconf 85' lang='lat' dir='ltr'>ferendis</span> <span class='ocrx_word' id='word_1_68' title='bbox 1054 588 1204 620; x_wconf 84' lang='lat' dir='ltr'>auctor</span> <span class='ocrx_word' id='word_1_69' title='bbox 1224 598 1234 622; x_wconf 75' lang='grc' dir='ltr'>ε</span> <span class='ocrx_word' id='word_1_70' title='bbox 1264 581 1334 622; x_wconf 94' lang='grc'><strong>1116</strong></span> <span class='ocrx_word' id='word_1_71' title='bbox 1358 581 1511 622; x_wconf 77' lang='lat' dir='ltr'>Galliae</span> <span class='ocrx_word' id='word_1_72' title='bbox 1545 582 1720 624; x_wconf 82' lang='lat' dir='ltr'>ulterio-</span> 
     </span>
     <span class='ocr_line' id='line_1_12' title="bbox 285 635 1718 694; baseline 0.001 -15"><span class='ocrx_word' id='word_1_73' title='bbox 285 639 342 679; x_wconf 88' lang='lat' dir='ltr'>ris</span> <span class='ocrx_word' id='word_1_74' title='bbox 365 638 616 694; x_wconf 80' lang='lat' dir='ltr'>adjunctor:</span> <span class='ocrx_word' id='word_1_75' title='bbox 650 635 720 676; x_wconf 87' lang='grc'><strong>1116</strong></span> <span class='ocrx_word' id='word_1_76' title='bbox 746 651 906 691; x_wconf 82' lang='lat' dir='ltr'>gener:</span> <span class='ocrx_word' id='word_1_77' title='bbox 938 635 1008 676; x_wconf 89' lang='lat' dir='ltr'>ille</span> <span class='ocrx_word' id='word_1_78' title='bbox 1039 636 1082 676; x_wconf 89' lang='lat' dir='ltr'>in</span> <span class='ocrx_word' id='word_1_79' title='bbox 1114 637 1359 692; x_wconf 83' lang='lat' dir='ltr'>adoptando</span> <span class='ocrx_word' id='word_1_80' title='bbox 1394 639 1443 679; x_wconf 90' lang='lat' dir='ltr'>P.</span> <span class='ocrx_word' id='word_1_81' title='bbox 1467 639 1622 680; x_wconf 64' lang='lat' dir='ltr'>Ctodio</span> <span class='ocrx_word' id='word_1_82' title='bbox 1643 652 1718 681; x_wconf 61' lang='lat' dir='ltr'>auz-</span> 
     </span>
    </p>
   </div>
   <div class='ocr_carea' id='block_1_6' title="bbox 285 693 1888 812">
    <p class='ocr_par' dir='ltr' id='par_1_7' title="bbox 285 693 1888 812">
     <span class='ocr_line' id='line_1_13' title="bbox 286 693 1786 751; baseline 0.001 -15"><span class='ocrx_word' id='word_1_83' title='bbox 286 710 390 751; x_wconf 75' lang='lat' dir='ltr'>gur:</span> <span class='ocrx_word' id='word_1_84' title='bbox 426 695 493 735; x_wconf 86' lang='grc'><strong>1116</strong></span> <span class='ocrx_word' id='word_1_85' title='bbox 527 693 779 734; x_wconf 86' lang='lat' dir='ltr'>restituendi</span> <span class='ocrx_word' id='word_1_86' title='bbox 813 694 911 743; x_wconf 86' lang='lat' dir='ltr'>mei,</span> <span class='ocrx_word' id='word_1_87' title='bbox 939 707 1067 748; x_wconf 81' lang='lat' dir='ltr'>quam</span> <span class='ocrx_word' id='word_1_88' title='bbox 1103 695 1331 746; x_wconf 80' lang='lat' dir='ltr'>retinendi,</span> <span class='ocrx_word' id='word_1_89' title='bbox 1362 696 1615 739; x_wconf 77' lang='lat' dir='ltr'>studiosior:</span> <span class='ocrx_word' id='word_1_90' title='bbox 1648 695 1728 737; x_wconf 78' lang='grc'><strong>1116</strong></span> <span class='ocrx_word' id='word_1_91' title='bbox 1778 739 1786 746; x_wconf 63' lang='lat'>,</span> 
     </span>
     <span class='ocr_line' id='line_1_14' title="bbox 285 750 1888 812; baseline 0.001 -20"><span class='ocrx_word' id='word_1_92' title='bbox 285 752 520 807; x_wconf 82' lang='lat' dir='ltr'>provinciae</span> <span class='ocrx_word' id='word_1_93' title='bbox 557 759 847 807; x_wconf 81' lang='lat' dir='ltr'>propagator:</span> <span class='ocrx_word' id='word_1_94' title='bbox 881 750 948 791; x_wconf 89' lang='grc'><strong>1116</strong></span> <span class='ocrx_word' id='word_1_95' title='bbox 981 751 1168 791; x_wconf 83' lang='lat' dir='ltr'>absentis</span> <span class='ocrx_word' id='word_1_96' title='bbox 1201 751 1245 791; x_wconf 90' lang='lat' dir='ltr'>in</span> <span class='ocrx_word' id='word_1_97' title='bbox 1285 753 1484 793; x_wconf 83' lang='lat' dir='ltr'>omnibus</span> <span class='ocrx_word' id='word_1_98' title='bbox 1520 753 1718 809; x_wconf 80' lang='lat' dir='ltr'>adjutor:</span> <span class='ocrx_word' id='word_1_99' title='bbox 1823 796 1825 799; x_wconf 74' lang='grc'><strong>,</strong></span> <span class='ocrx_word' id='word_1_100' title='bbox 1872 777 1888 812; x_wconf 72' lang='lat'>‘.</span> 
     </span>
    </p>
   </div>
   <div class='ocr_carea' id='block_1_7' title="bbox 283 808 1769 2066">
    <p class='ocr_par' dir='ltr' id='par_1_8' title="bbox 283 808 1769 2066">
     <span class='ocr_line' id='line_1_15' title="bbox 283 808 1720 866; baseline 0.001 -17"><span class='ocrx_word' id='word_1_101' title='bbox 283 809 399 849; x_wconf 85' lang='lat' dir='ltr'>idem</span> <span class='ocrx_word' id='word_1_102' title='bbox 421 809 549 849; x_wconf 82' lang='lat' dir='ltr'>etiam</span> <span class='ocrx_word' id='word_1_103' title='bbox 575 808 701 848; x_wconf 86' lang='lat' dir='ltr'>tertio</span> <span class='ocrx_word' id='word_1_104' title='bbox 724 808 962 858; x_wconf 77' lang='lat' dir='ltr'>consulatu,</span> <span class='ocrx_word' id='word_1_105' title='bbox 987 817 1213 862; x_wconf 79' lang='lat' dir='ltr'>postquam</span> <span class='ocrx_word' id='word_1_106' title='bbox 1236 823 1328 849; x_wconf 88' lang='lat' dir='ltr'>esse</span> <span class='ocrx_word' id='word_1_107' title='bbox 1350 808 1546 850; x_wconf 80' lang='lat' dir='ltr'>defensor</span> <span class='ocrx_word' id='word_1_108' title='bbox 1577 811 1720 866; x_wconf 84' lang='lat' dir='ltr'>reipu-</span> 
     </span>
     <span class='ocr_line' id='line_1_16' title="bbox 283 865 1769 921; baseline 0.001 -15"><span class='ocrx_word' id='word_1_109' title='bbox 283 865 411 906; x_wconf 84' lang='lat' dir='ltr'>blicae</span> <span class='ocrx_word' id='word_1_110' title='bbox 444 865 596 921; x_wconf 81' lang='lat' dir='ltr'>coepit,</span> <span class='ocrx_word' id='word_1_111' title='bbox 630 865 867 915; x_wconf 78' lang='lat' dir='ltr'>contendit,</span> <span class='ocrx_word' id='word_1_112' title='bbox 902 875 948 904; x_wconf 89' lang='lat' dir='ltr'>ut</span> <span class='ocrx_word' id='word_1_113' title='bbox 985 865 1133 904; x_wconf 82' lang='lat' dir='ltr'>decem</span> <span class='ocrx_word' id='word_1_114' title='bbox 1173 865 1332 906; x_wconf 88' lang='lat' dir='ltr'>tribuni</span> <span class='ocrx_word' id='word_1_115' title='bbox 1373 865 1507 921; x_wconf 76' lang='lat' dir='ltr'>plebis</span> <span class='ocrx_word' id='word_1_116' title='bbox 1544 867 1718 918; x_wconf 80' lang='lat' dir='ltr'>ferrent,</span> <span class='ocrx_word' id='word_1_117' title='bbox 1767 882 1769 884; x_wconf 86' lang='grc'><strong><em>·</em></strong></span> 
     </span>
     <span class='ocr_line' id='line_1_17' title="bbox 283 921 1713 980; baseline 0.001 -17"><span class='ocrx_word' id='word_1_118' title='bbox 283 932 332 963; x_wconf 84' lang='lat' dir='ltr'>ut</span> <span class='ocrx_word' id='word_1_119' title='bbox 361 924 549 963; x_wconf 78' lang='lat' dir='ltr'>absentis</span> <span class='ocrx_word' id='word_1_120' title='bbox 580 922 688 962; x_wconf 85' lang='lat' dir='ltr'>ratio</span> <span class='ocrx_word' id='word_1_121' title='bbox 722 921 977 962; x_wconf 86' lang='lat' dir='ltr'>haberetur:</span> <span class='ocrx_word' id='word_1_122' title='bbox 1011 921 1125 975; x_wconf 86' lang='lat' dir='ltr'>quod</span> <span class='ocrx_word' id='word_1_123' title='bbox 1154 921 1266 962; x_wconf 89' lang='lat' dir='ltr'>idem</span> <span class='ocrx_word' id='word_1_124' title='bbox 1291 922 1433 978; x_wconf 66' lang='lat' dir='ltr'>lssipse</span> <span class='ocrx_word' id='word_1_125' title='bbox 1454 925 1598 965; x_wconf 77' lang='lat' dir='ltr'>sanxit</span> <span class='ocrx_word' id='word_1_126' title='bbox 1619 925 1713 980; x_wconf 80' lang='lat' dir='ltr'>lege</span> 
     </span>
     <span class='ocr_line' id='line_1_18' title="bbox 283 977 1716 1038; baseline 0.001 -19"><span class='ocrx_word' id='word_1_127' title='bbox 283 980 468 1035; x_wconf 79' lang='lat' dir='ltr'>quadam</span> <span class='ocrx_word' id='word_1_128' title='bbox 500 995 600 1033; x_wconf 80' lang='lat' dir='ltr'>sua3</span> <span class='ocrx_word' id='word_1_129' title='bbox 634 978 874 1033; x_wconf 76' lang='lat' dir='ltr'>Marcoque</span> <span class='ocrx_word' id='word_1_130' title='bbox 908 977 1117 1019; x_wconf 82' lang='lat' dir='ltr'>Marcello</span> <span class='ocrx_word' id='word_1_131' title='bbox 1151 978 1330 1029; x_wconf 76' lang='lat' dir='ltr'>consuli,</span> <span class='ocrx_word' id='word_1_132' title='bbox 1367 981 1582 1022; x_wconf 73' lang='grc' dir='ltr'>Ι911111611ῑὶ</span> <span class='ocrx_word' id='word_1_133' title='bbox 1617 997 1716 1038; x_wconf 86' lang='lat' dir='ltr'>pro-</span> 
     </span>
     <span class='ocr_line' id='line_1_19' title="bbox 283 1035 1715 1089; baseline 0.001 -12"><span class='ocrx_word' id='word_1_134' title='bbox 283 1038 438 1077; x_wconf 86' lang='lat' dir='ltr'>vinciis</span> <span class='ocrx_word' id='word_1_135' title='bbox 474 1036 626 1078; x_wconf 82' lang='lat' dir='ltr'>Galliis</span> <span class='ocrx_word' id='word_1_136' title='bbox 663 1035 759 1077; x_wconf 76' lang='lat' dir='ltr'>Kal.</span> <span class='ocrx_word' id='word_1_137' title='bbox 785 1035 918 1076; x_wconf 83' lang='lat' dir='ltr'>Mart.</span> <span class='ocrx_word' id='word_1_138' title='bbox 942 1035 1114 1076; x_wconf 80' lang='lat' dir='ltr'>restitit.</span> <span class='ocrx_word' id='word_1_139' title='bbox 1175 1035 1273 1086; x_wconf 86' lang='lat' dir='ltr'>Sed,</span> <span class='ocrx_word' id='word_1_140' title='bbox 1297 1045 1344 1076; x_wconf 87' lang='lat' dir='ltr'>ut</span> <span class='ocrx_word' id='word_1_141' title='bbox 1375 1036 1470 1077; x_wconf 79' lang='lat' dir='ltr'>haec</span> <span class='ocrx_word' id='word_1_142' title='bbox 1503 1038 1715 1089; x_wconf 78' lang='lat' dir='ltr'>omittam,</span> 
     </span>
     <span class='ocr_line' id='line_1_20' title="bbox 284 1092 1715 1149; baseline 0 -14"><span class='ocrx_word' id='word_1_143' title='bbox 284 1094 387 1149; x_wconf 84' lang='lat' dir='ltr'>quid</span> <span class='ocrx_word' id='word_1_144' title='bbox 412 1094 587 1144; x_wconf 82' lang='lat' dir='ltr'>foedius,</span> <span class='ocrx_word' id='word_1_145' title='bbox 611 1093 711 1149; x_wconf 84' lang='lat' dir='ltr'>quid</span> <span class='ocrx_word' id='word_1_146' title='bbox 746 1093 1033 1149; x_wconf 84' lang='lat' dir='ltr'>perturbatius</span> <span class='ocrx_word' id='word_1_147' title='bbox 1064 1092 1148 1133; x_wconf 87' lang='lat' dir='ltr'>hoe</span> <span class='ocrx_word' id='word_1_148' title='bbox 1180 1093 1235 1133; x_wconf 84' lang='lat' dir='ltr'>ab</span> <span class='ocrx_word' id='word_1_149' title='bbox 1267 1094 1371 1134; x_wconf 86' lang='lat' dir='ltr'>urbe</span> <span class='ocrx_word' id='word_1_150' title='bbox 1402 1094 1604 1146; x_wconf 84' lang='lat' dir='ltr'>discessu,</span> <span class='ocrx_word' id='word_1_151' title='bbox 1626 1096 1715 1136; x_wconf 86' lang='lat' dir='ltr'>sive</span> 
     </span>
     <span class='ocr_line' id='line_1_21' title="bbox 284 1149 1717 1208; baseline 0.001 -16"><span class='ocrx_word' id='word_1_152' title='bbox 284 1152 430 1208; x_wconf 86' lang='lat' dir='ltr'>potius</span> <span class='ocrx_word' id='word_1_153' title='bbox 456 1151 700 1208; x_wconf 82' lang='lat' dir='ltr'>turpissima</span> <span class='ocrx_word' id='word_1_154' title='bbox 722 1149 852 1206; x_wconf 78' lang='lat' dir='ltr'>fuga?</span> <span class='ocrx_word' id='word_1_155' title='bbox 883 1165 980 1205; x_wconf 76' lang='lat' dir='ltr'>quae</span> <span class='ocrx_word' id='word_1_156' title='bbox 1010 1149 1204 1190; x_wconf 81' lang='lat' dir='ltr'>conditio</span> <span class='ocrx_word' id='word_1_157' title='bbox 1237 1164 1321 1191; x_wconf 88' lang='lat' dir='ltr'>non</span> <span class='ocrx_word' id='word_1_158' title='bbox 1353 1151 1605 1207; x_wconf 84' lang='lat' dir='ltr'>accipienda</span> <span class='ocrx_word' id='word_1_159' title='bbox 1633 1152 1717 1194; x_wconf 82' lang='lat' dir='ltr'>fuit</span> 
     </span>
     <span class='ocr_line' id='line_1_22' title="bbox 284 1207 1717 1265; baseline 0 -15"><span class='ocrx_word' id='word_1_160' title='bbox 284 1209 445 1265; x_wconf 82' lang='lat' dir='ltr'>potius,</span> <span class='ocrx_word' id='word_1_161' title='bbox 467 1223 594 1264; x_wconf 83' lang='lat' dir='ltr'>quam</span> <span class='ocrx_word' id='word_1_162' title='bbox 625 1207 904 1262; x_wconf 85' lang='lat' dir='ltr'>relinquenda</span> <span class='ocrx_word' id='word_1_163' title='bbox 935 1207 1098 1263; x_wconf 81' lang='lat' dir='ltr'>patria?</span> <span class='ocrx_word' id='word_1_164' title='bbox 1130 1207 1252 1248; x_wconf 79' lang='lat' dir='ltr'>malae</span> <span class='ocrx_word' id='word_1_165' title='bbox 1284 1208 1554 1249; x_wconf 89' lang='lat' dir='ltr'>conditiones</span> <span class='ocrx_word' id='word_1_166' title='bbox 1583 1220 1717 1260; x_wconf 86' lang='lat' dir='ltr'>erant,</span> 
     </span>
     <span class='ocr_line' id='line_1_23' title="bbox 285 1263 1719 1322; baseline -0.001 -14"><span class='ocrx_word' id='word_1_167' title='bbox 285 1266 448 1308; x_wconf 79' lang='lat' dir='ltr'>fateor:</span> <span class='ocrx_word' id='word_1_168' title='bbox 482 1266 553 1307; x_wconf 86' lang='lat' dir='ltr'>sed</span> <span class='ocrx_word' id='word_1_169' title='bbox 576 1280 676 1306; x_wconf 88' lang='lat' dir='ltr'>num</span> <span class='ocrx_word' id='word_1_170' title='bbox 700 1265 802 1319; x_wconf 88' lang='lat' dir='ltr'>quid</span> <span class='ocrx_word' id='word_1_171' title='bbox 825 1265 908 1305; x_wconf 89' lang='lat' dir='ltr'>hoc</span> <span class='ocrx_word' id='word_1_172' title='bbox 932 1265 1080 1320; x_wconf 80' lang='lat' dir='ltr'>pejus?</span> <span class='ocrx_word' id='word_1_173' title='bbox 1111 1263 1172 1304; x_wconf 87' lang='lat' dir='ltr'>At</span> <span class='ocrx_word' id='word_1_174' title='bbox 1195 1265 1465 1321; x_wconf 83' lang='lat' dir='ltr'>recuperabit</span> <span class='ocrx_word' id='word_1_175' title='bbox 1486 1266 1719 1322; x_wconf 86' lang='lat' dir='ltr'>rempubli-</span> 
     </span>
     <span class='ocr_line' id='line_1_24' title="bbox 286 1322 1720 1379; baseline 0 -15"><span class='ocrx_word' id='word_1_176' title='bbox 286 1337 397 1364; x_wconf 78' lang='lat' dir='ltr'>cam.</span> <span class='ocrx_word' id='word_1_177' title='bbox 419 1323 621 1378; x_wconf 82' lang='lat' dir='ltr'>quando?</span> <span class='ocrx_word' id='word_1_178' title='bbox 653 1332 726 1363; x_wconf 87' lang='lat' dir='ltr'>aut</span> <span class='ocrx_word' id='word_1_179' title='bbox 747 1322 850 1377; x_wconf 88' lang='lat' dir='ltr'>quid</span> <span class='ocrx_word' id='word_1_180' title='bbox 881 1322 935 1363; x_wconf 84' lang='lat' dir='ltr'>ad</span> <span class='ocrx_word' id='word_1_181' title='bbox 965 1336 1060 1363; x_wconf 84' lang='lat' dir='ltr'>eam</span> <span class='ocrx_word' id='word_1_182' title='bbox 1085 1335 1203 1377; x_wconf 79' lang='lat' dir='ltr'>spem</span> <span class='ocrx_word' id='word_1_183' title='bbox 1225 1331 1291 1363; x_wconf 87' lang='lat' dir='ltr'>est</span> <span class='ocrx_word' id='word_1_184' title='bbox 1314 1323 1477 1378; x_wconf 83' lang='lat' dir='ltr'>parati?</span> <span class='ocrx_word' id='word_1_185' title='bbox 1508 1338 1595 1364; x_wconf 90' lang='lat' dir='ltr'>non</span> <span class='ocrx_word' id='word_1_186' title='bbox 1619 1338 1720 1379; x_wconf 82' lang='lat' dir='ltr'>ager</span> 
     </span>
     <span class='ocr_line' id='line_1_25' title="bbox 287 1378 1719 1436; baseline -0.001 -14"><span class='ocrx_word' id='word_1_187' title='bbox 287 1381 473 1422; x_wconf 81' lang='lat' dir='ltr'>Picenus</span> <span class='ocrx_word' id='word_1_188' title='bbox 495 1381 702 1421; x_wconf 78' lang='lat' dir='ltr'>amissus?</span> <span class='ocrx_word' id='word_1_189' title='bbox 733 1394 818 1419; x_wconf 91' lang='lat' dir='ltr'>non</span> <span class='ocrx_word' id='word_1_190' title='bbox 851 1378 1115 1435; x_wconf 80' lang='lat' dir='ltr'>patefactum</span> <span class='ocrx_word' id='word_1_191' title='bbox 1143 1378 1223 1419; x_wconf 86' lang='lat' dir='ltr'>iter</span> <span class='ocrx_word' id='word_1_192' title='bbox 1244 1380 1296 1420; x_wconf 86' lang='lat' dir='ltr'>ad</span> <span class='ocrx_word' id='word_1_193' title='bbox 1323 1380 1503 1422; x_wconf 85' lang='lat' dir='ltr'>urbem?</span> <span class='ocrx_word' id='word_1_194' title='bbox 1535 1395 1619 1421; x_wconf 91' lang='lat' dir='ltr'>non</span> <span class='ocrx_word' id='word_1_195' title='bbox 1645 1395 1719 1436; x_wconf 86' lang='lat' dir='ltr'>pe-</span> 
     </span>
     <span class='ocr_line' id='line_1_26' title="bbox 286 1436 1720 1492; baseline 0 -14"><span class='ocrx_word' id='word_1_196' title='bbox 286 1438 414 1479; x_wconf 83' lang='lat' dir='ltr'>cunia</span> <span class='ocrx_word' id='word_1_197' title='bbox 439 1438 577 1478; x_wconf 85' lang='lat' dir='ltr'>omnis</span> <span class='ocrx_word' id='word_1_198' title='bbox 600 1447 644 1477; x_wconf 89' lang='lat' dir='ltr'>et</span> <span class='ocrx_word' id='word_1_199' title='bbox 665 1436 840 1492; x_wconf 83' lang='lat' dir='ltr'>publica</span> <span class='ocrx_word' id='word_1_200' title='bbox 860 1445 903 1477; x_wconf 85' lang='lat' dir='ltr'>et</span> <span class='ocrx_word' id='word_1_201' title='bbox 924 1437 1091 1492; x_wconf 82' lang='lat' dir='ltr'>privata</span> <span class='ocrx_word' id='word_1_202' title='bbox 1111 1436 1353 1477; x_wconf 79' lang='lat' dir='ltr'>adversario</span> <span class='ocrx_word' id='word_1_203' title='bbox 1385 1437 1568 1479; x_wconf 76' lang='lat' dir='ltr'>tradita?</span> <span class='ocrx_word' id='word_1_204' title='bbox 1599 1438 1720 1479; x_wconf 85' lang='lat' dir='ltr'>deni-</span> 
     </span>
     <span class='ocr_line' id='line_1_27' title="bbox 285 1493 1718 1550; baseline 0 -15"><span class='ocrx_word' id='word_1_205' title='bbox 285 1508 369 1549; x_wconf 89' lang='lat' dir='ltr'>que</span> <span class='ocrx_word' id='word_1_206' title='bbox 401 1499 441 1525; x_wconf 85' lang='lat'>20</span> <span class='ocrx_word' id='word_1_207' title='bbox 455 1495 569 1535; x_wconf 83' lang='lat' dir='ltr'>nulla</span> <span class='ocrx_word' id='word_1_208' title='bbox 600 1509 743 1543; x_wconf 82' lang='lat' dir='ltr'>causa,</span> <span class='ocrx_word' id='word_1_209' title='bbox 778 1493 905 1534; x_wconf 81' lang='lat' dir='ltr'>nullae</span> <span class='ocrx_word' id='word_1_210' title='bbox 940 1495 1064 1543; x_wconf 75' lang='lat' dir='ltr'>vires,</span> <span class='ocrx_word' id='word_1_211' title='bbox 1098 1493 1214 1534; x_wconf 80' lang='lat' dir='ltr'>nulla</span> <span class='ocrx_word' id='word_1_212' title='bbox 1252 1494 1386 1545; x_wconf 82' lang='lat' dir='ltr'>sedes,</span> <span class='ocrx_word' id='word_1_213' title='bbox 1418 1509 1504 1550; x_wconf 91' lang='lat' dir='ltr'>quo</span> <span class='ocrx_word' id='word_1_214' title='bbox 1537 1509 1718 1538; x_wconf 87' lang='lat' dir='ltr'>concur-</span> 
     </span>
     <span class='ocr_line' id='line_1_28' title="bbox 286 1550 1718 1607; baseline 0 -15"><span class='ocrx_word' id='word_1_215' title='bbox 286 1563 397 1603; x_wconf 83' lang='lat' dir='ltr'>rant,</span> <span class='ocrx_word' id='word_1_216' title='bbox 429 1553 501 1607; x_wconf 82' lang='lat' dir='ltr'>qui</span> <span class='ocrx_word' id='word_1_217' title='bbox 544 1551 853 1607; x_wconf 77' lang='lat' dir='ltr'>rempublicam</span> <span class='ocrx_word' id='word_1_218' title='bbox 896 1550 1115 1591; x_wconf 83' lang='lat' dir='ltr'>defensam</span> <span class='ocrx_word' id='word_1_219' title='bbox 1151 1551 1295 1592; x_wconf 83' lang='lat' dir='ltr'>velint.</span> <span class='ocrx_word' id='word_1_220' title='bbox 1355 1550 1514 1606; x_wconf 83' lang='lat' dir='ltr'>Apulia</span> <span class='ocrx_word' id='word_1_221' title='bbox 1551 1552 1718 1594; x_wconf 80' lang='lat' dir='ltr'>delecta</span> 
     </span>
     <span class='ocr_line' id='line_1_29' title="bbox 285 1607 1718 1664; baseline 0 -15"><span class='ocrx_word' id='word_1_222' title='bbox 285 1619 364 1660; x_wconf 87' lang='lat' dir='ltr'>est,</span> <span class='ocrx_word' id='word_1_223' title='bbox 389 1609 637 1650; x_wconf 76' lang='lat' dir='ltr'>inanissima</span> <span class='ocrx_word' id='word_1_224' title='bbox 658 1623 752 1664; x_wconf 84' lang='lat' dir='ltr'>pars</span> <span class='ocrx_word' id='word_1_225' title='bbox 775 1607 928 1658; x_wconf 83' lang='lat' dir='ltr'>Italiae,</span> <span class='ocrx_word' id='word_1_226' title='bbox 949 1617 993 1648; x_wconf 87' lang='lat' dir='ltr'>et</span> <span class='ocrx_word' id='word_1_227' title='bbox 1024 1608 1078 1648; x_wconf 90' lang='lat' dir='ltr'>ab</span> <span class='ocrx_word' id='word_1_228' title='bbox 1108 1607 1271 1663; x_wconf 86' lang='lat' dir='ltr'>impetu</span> <span class='ocrx_word' id='word_1_229' title='bbox 1307 1608 1433 1663; x_wconf 87' lang='lat' dir='ltr'>hujus</span> <span class='ocrx_word' id='word_1_230' title='bbox 1460 1608 1556 1649; x_wconf 89' lang='lat' dir='ltr'>belli</span> <span class='ocrx_word' id='word_1_231' title='bbox 1579 1623 1718 1649; x_wconf 88' lang='lat' dir='ltr'>remo-</span> 
     </span>
     <span class='ocr_line' id='line_1_30' title="bbox 289 1665 1718 1721; baseline 0 -15"><span class='ocrx_word' id='word_1_232' title='bbox 289 1667 476 1708; x_wconf 81' lang='lat' dir='ltr'>tissima:</span> <span class='ocrx_word' id='word_1_233' title='bbox 503 1666 607 1721; x_wconf 81' lang='lat' dir='ltr'>fuga</span> <span class='ocrx_word' id='word_1_234' title='bbox 628 1675 671 1706; x_wconf 86' lang='lat' dir='ltr'>et</span> <span class='ocrx_word' id='word_1_235' title='bbox 692 1665 907 1705; x_wconf 80' lang='lat' dir='ltr'>maritima</span> <span class='ocrx_word' id='word_1_236' title='bbox 928 1666 1229 1721; x_wconf 80' lang='lat' dir='ltr'>opportunitas</span> <span class='ocrx_word' id='word_1_237' title='bbox 1252 1665 1342 1705; x_wconf 82' lang='lat' dir='ltr'>visa</span> <span class='ocrx_word' id='word_1_238' title='bbox 1363 1666 1497 1720; x_wconf 79' lang='lat' dir='ltr'>quaeri</span> <span class='ocrx_word' id='word_1_239' title='bbox 1520 1666 1718 1721; x_wconf 80' lang='lat' dir='ltr'>despera-</span> 
     </span>
     <span class='ocr_line' id='line_1_31' title="bbox 283 1722 1719 1779; baseline 0 -16"><span class='ocrx_word' id='word_1_240' title='bbox 283 1724 420 1764; x_wconf 77' lang='lat' dir='ltr'>tione.</span> <span class='ocrx_word' id='word_1_241' title='bbox 451 1723 587 1764; x_wconf 87' lang='lat' dir='ltr'>invite</span> <span class='ocrx_word' id='word_1_242' title='bbox 616 1723 711 1778; x_wconf 79' lang='lat' dir='ltr'>cepi</span> <span class='ocrx_word' id='word_1_243' title='bbox 744 1722 954 1778; x_wconf 79' lang='lat' dir='ltr'>Capuam,</span> <span class='ocrx_word' id='word_1_244' title='bbox 989 1736 1072 1762; x_wconf 87' lang='lat' dir='ltr'>non</span> <span class='ocrx_word' id='word_1_245' title='bbox 1104 1737 1189 1777; x_wconf 85' lang='lat' dir='ltr'>quo</span> <span class='ocrx_word' id='word_1_246' title='bbox 1220 1737 1374 1763; x_wconf 86' lang='lat' dir='ltr'>munus</span> <span class='ocrx_word' id='word_1_247' title='bbox 1405 1722 1508 1763; x_wconf 85' lang='lat' dir='ltr'>illud</span> <span class='ocrx_word' id='word_1_248' title='bbox 1539 1723 1719 1779; x_wconf 81' lang='lat' dir='ltr'>defuge-</span> 
     </span>
     <span class='ocr_line' id='line_1_32' title="bbox 285 1779 1718 1834; baseline -0.001 -13"><span class='ocrx_word' id='word_1_249' title='bbox 285 1794 391 1830; x_wconf 83' lang='grc'><strong>1-6111,</strong></span> <span class='ocrx_word' id='word_1_250' title='bbox 425 1780 550 1821; x_wconf 67' lang='grc' dir='ltr'><strong>9136ἀ</strong></span> <span class='ocrx_word' id='word_1_251' title='bbox 584 1779 645 1820; x_wconf 86' lang='grc'>316</span> <span class='ocrx_word' id='word_1_252' title='bbox 679 1794 732 1820; x_wconf 84' lang='grc'>116</span> <span class='ocrx_word' id='word_1_253' title='bbox 764 1794 952 1829; x_wconf 82' lang='lat' dir='ltr'>causam,</span> <span class='ocrx_word' id='word_1_254' title='bbox 985 1779 1027 1820; x_wconf 82' lang='lat' dir='ltr'>in</span> <span class='ocrx_word' id='word_1_255' title='bbox 1064 1786 1157 1834; x_wconf 76' lang='lat' dir='ltr'>qua</span> <span class='ocrx_word' id='word_1_256' title='bbox 1187 1779 1324 1820; x_wconf 87' lang='grc'><strong>111111113</strong></span> <span class='ocrx_word' id='word_1_257' title='bbox 1361 1789 1472 1820; x_wconf 87' lang='lat' dir='ltr'>esset</span> <span class='ocrx_word' id='word_1_258' title='bbox 1503 1780 1718 1830; x_wconf 82' lang='lat' dir='ltr'>ordinum,</span> 
     </span>
     <span class='ocr_line' id='line_1_33' title="bbox 287 1836 1723 1893; baseline -0.001 -15"><span class='ocrx_word' id='word_1_259' title='bbox 287 1838 426 1878; x_wconf 87' lang='lat' dir='ltr'>nullus</span> <span class='ocrx_word' id='word_1_260' title='bbox 446 1847 617 1892; x_wconf 79' lang='lat' dir='ltr'>apertus</span> <span class='ocrx_word' id='word_1_261' title='bbox 641 1837 903 1893; x_wconf 78' lang='lat' dir='ltr'>privatorum</span> <span class='ocrx_word' id='word_1_262' title='bbox 927 1836 1072 1878; x_wconf 87' lang='lat' dir='ltr'>dolor:</span> <span class='ocrx_word' id='word_1_263' title='bbox 1099 1837 1307 1877; x_wconf 83' lang='lat' dir='ltr'>bonorum</span> <span class='ocrx_word' id='word_1_264' title='bbox 1330 1846 1470 1877; x_wconf 84' lang='lat' dir='ltr'>autem</span> <span class='ocrx_word' id='word_1_265' title='bbox 1494 1846 1618 1888; x_wconf 86' lang='lat' dir='ltr'>esset,</span> <span class='ocrx_word' id='word_1_266' title='bbox 1641 1836 1723 1877; x_wconf 79' lang='lat' dir='ltr'>ali-</span> 
     </span>
     <span class='ocr_line' id='line_1_34' title="bbox 286 1893 1719 1949; baseline -0.001 -14"><span class='ocrx_word' id='word_1_267' title='bbox 286 1895 396 1949; x_wconf 82' lang='lat' dir='ltr'>quis,</span> <span class='ocrx_word' id='word_1_268' title='bbox 427 1895 500 1936; x_wconf 82' lang='lat' dir='ltr'>sed</span> <span class='ocrx_word' id='word_1_269' title='bbox 531 1895 676 1945; x_wconf 82' lang='lat' dir='ltr'>hebes,</span> <span class='ocrx_word' id='word_1_270' title='bbox 710 1903 757 1934; x_wconf 90' lang='lat' dir='ltr'>ut</span> <span class='ocrx_word' id='word_1_271' title='bbox 788 1894 917 1934; x_wconf 87' lang='lat' dir='ltr'>solet:</span> <span class='ocrx_word' id='word_1_272' title='bbox 950 1896 990 1924; x_wconf 66' lang='lat'>22</span> <span class='ocrx_word' id='word_1_273' title='bbox 1003 1903 1060 1943; x_wconf 84' lang='lat' dir='ltr'>et,</span> <span class='ocrx_word' id='word_1_274' title='bbox 1091 1904 1138 1935; x_wconf 83' lang='lat' dir='ltr'>ut</span> <span class='ocrx_word' id='word_1_275' title='bbox 1170 1894 1261 1949; x_wconf 81' lang='lat' dir='ltr'>ipse</span> <span class='ocrx_word' id='word_1_276' title='bbox 1291 1895 1541 1936; x_wconf 83' lang='lat' dir='ltr'>sensissem:</span> <span class='ocrx_word' id='word_1_277' title='bbox 1572 1893 1719 1935; x_wconf 88' lang='lat' dir='ltr'>multi-</span> 
     </span>
     <span class='ocr_line' id='line_1_35' title="bbox 285 1950 1716 2007; baseline -0.001 -15"><span class='ocrx_word' id='word_1_278' title='bbox 285 1952 390 1993; x_wconf 81' lang='lat' dir='ltr'>tudo</span> <span class='ocrx_word' id='word_1_279' title='bbox 412 1962 455 1993; x_wconf 90' lang='lat' dir='ltr'>et</span> <span class='ocrx_word' id='word_1_280' title='bbox 478 1952 650 1992; x_wconf 82' lang='lat' dir='ltr'>infimus</span> <span class='ocrx_word' id='word_1_281' title='bbox 669 1952 849 2006; x_wconf 86' lang='lat' dir='ltr'>quisque</span> <span class='ocrx_word' id='word_1_282' title='bbox 871 1965 1107 2007; x_wconf 79' lang='lat' dir='ltr'>propensus</span> <span class='ocrx_word' id='word_1_283' title='bbox 1129 1952 1172 1991; x_wconf 88' lang='lat' dir='ltr'>in</span> <span class='ocrx_word' id='word_1_284' title='bbox 1195 1951 1370 1991; x_wconf 75' lang='lat' dir='ltr'>alteram</span> <span class='ocrx_word' id='word_1_285' title='bbox 1393 1961 1573 2007; x_wconf 87' lang='lat' dir='ltr'>partem,</span> <span class='ocrx_word' id='word_1_286' title='bbox 1591 1950 1716 1991; x_wconf 87' lang='lat' dir='ltr'>multi</span> 
     </span>
     <span class='ocr_line' id='line_1_36' title="bbox 284 2007 1718 2066; baseline -0.001 -16"><span class='ocrx_word' id='word_1_287' title='bbox 284 2009 538 2050; x_wconf 83' lang='lat' dir='ltr'>mutationis</span> <span class='ocrx_word' id='word_1_288' title='bbox 562 2022 701 2050; x_wconf 83' lang='lat' dir='ltr'>rerum</span> <span class='ocrx_word' id='word_1_289' title='bbox 727 2008 888 2066; x_wconf 66' lang='lat' dir='ltr'>cupidi.</span> <span class='ocrx_word' id='word_1_290' title='bbox 950 2007 1058 2049; x_wconf 72' lang='lat' dir='ltr'>Dixi</span> <span class='ocrx_word' id='word_1_291' title='bbox 1083 2008 1179 2064; x_wconf 85' lang='lat' dir='ltr'>ipsi,</span> <span class='ocrx_word' id='word_1_292' title='bbox 1202 2022 1270 2049; x_wconf 87' lang='lat' dir='ltr'>me</span> <span class='ocrx_word' id='word_1_293' title='bbox 1291 2008 1398 2049; x_wconf 84' lang='lat' dir='ltr'>nihil</span> <span class='ocrx_word' id='word_1_294' title='bbox 1420 2018 1718 2065; x_wconf 86' lang='lat' dir='ltr'>suscepturum</span> 
     </span>
    </p>
   </div>
   <div class='ocr_carea' id='block_1_8' title="bbox 476 2164 1301 2197">
    <p class='ocr_par' dir='ltr' id='par_1_9' title="bbox 476 2164 1301 2197">
     <span class='ocr_line' id='line_1_37' title="bbox 476 2164 1301 2197; baseline -0.001 0"><span class='ocrx_word' id='word_1_295' title='bbox 476 2166 582 2197; x_wconf 68' lang='lat' dir='ltr'>Malui</span> <span class='ocrx_word' id='word_1_296' title='bbox 599 2176 674 2196; x_wconf 86' lang='lat' dir='ltr'>cum</span> <span class='ocrx_word' id='word_1_297' title='bbox 693 2165 821 2196; x_wconf 81' lang='lat' dir='ltr'>Graevio</span> <span class='ocrx_word' id='word_1_298' title='bbox 836 2168 980 2195; x_wconf 78' lang='lat' dir='ltr'>veterem</span> <span class='ocrx_word' id='word_1_299' title='bbox 1024 2166 1140 2196; x_wconf 80' lang='lat' dir='ltr'>finem.</span> <span class='ocrx_word' id='word_1_300' title='bbox 1157 2164 1189 2195; x_wconf 56' lang='lat' dir='ltr'>r.</span> <span class='ocrx_word' id='word_1_301' title='bbox 1208 2165 1301 2197; x_wconf 81' lang='lat' dir='ltr'>Clav.</span> 
     </span>
    </p>
   </div>
   <div class='ocr_carea' id='block_1_9' title="bbox 280 2208 981 2882">
    <p class='ocr_par' dir='ltr' id='par_1_10' title="bbox 284 2208 980 2333">
     <span class='ocr_line' id='line_1_38' title="bbox 285 2208 980 2248; baseline -0.003 -9"><span class='ocrx_word' id='word_1_302' title='bbox 285 2209 357 2239; x_wconf 77' lang='lat' dir='ltr'>edd.</span> <span class='ocrx_word' id='word_1_303' title='bbox 393 2209 569 2239; x_wconf 76' lang='lat' dir='ltr'>lectionem</span> <span class='ocrx_word' id='word_1_304' title='bbox 605 2208 708 2248; x_wconf 81' lang='lat' dir='ltr'>sequi,</span> <span class='ocrx_word' id='word_1_305' title='bbox 743 2209 836 2247; x_wconf 85' lang='lat' dir='ltr'>cujus</span> <span class='ocrx_word' id='word_1_306' title='bbox 869 2216 980 2237; x_wconf 80' lang='grc'><strong>36113113</strong></span> 
     </span>
     <span class='ocr_line' id='line_1_39' title="bbox 284 2249 980 2290; baseline -0.001 -10"><span class='ocrx_word' id='word_1_307' title='bbox 284 2251 431 2290; x_wconf 72' lang='lat' dir='ltr'>optimus</span> <span class='ocrx_word' id='word_1_308' title='bbox 447 2256 508 2282; x_wconf 81' lang='lat' dir='ltr'>est.</span> <span class='ocrx_word' id='word_1_309' title='bbox 522 2260 588 2281; x_wconf 91' lang='lat' dir='ltr'>non</span> <span class='ocrx_word' id='word_1_310' title='bbox 604 2250 744 2281; x_wconf 80' lang='lat' dir='ltr'>liberum</span> <span class='ocrx_word' id='word_1_311' title='bbox 759 2260 827 2281; x_wconf 82' lang='lat' dir='ltr'>esse</span> <span class='ocrx_word' id='word_1_312' title='bbox 842 2249 918 2280; x_wconf 78' lang='lat' dir='ltr'>alibi</span> <span class='ocrx_word' id='word_1_313' title='bbox 933 2250 980 2280; x_wconf 87' lang='lat' dir='ltr'>di-</span> 
     </span>
     <span class='ocr_line' id='line_1_40' title="bbox 285 2293 871 2333; baseline 0 -10"><span class='ocrx_word' id='word_1_314' title='bbox 285 2294 342 2329; x_wconf 83' lang='lat' dir='ltr'>cit,</span> <span class='ocrx_word' id='word_1_315' title='bbox 359 2293 455 2333; x_wconf 86' lang='lat' dir='ltr'>idque</span> <span class='ocrx_word' id='word_1_316' title='bbox 471 2295 504 2324; x_wconf 81' lang='grc'>111</span> <span class='ocrx_word' id='word_1_317' title='bbox 519 2303 649 2324; x_wconf 81' lang='lat' dir='ltr'>summo</span> <span class='ocrx_word' id='word_1_318' title='bbox 663 2293 750 2323; x_wconf 78' lang='lat' dir='ltr'>maio</span> <span class='ocrx_word' id='word_1_319' title='bbox 766 2293 871 2332; x_wconf 83' lang='lat' dir='ltr'>ponit.</span> 
     </span>
    </p>

    <p class='ocr_par' dir='ltr' id='par_1_11' title="bbox 286 2333 981 2492">
     <span class='ocr_line' id='line_1_41' title="bbox 332 2333 976 2376; baseline -0.003 -10"><span class='ocrx_word' id='word_1_320' title='bbox 332 2338 369 2367; x_wconf 82' lang='lat'>18</span> <span class='ocrx_word' id='word_1_321' title='bbox 393 2337 460 2376; x_wconf 76' lang='lat' dir='ltr'>ipse</span> <span class='ocrx_word' id='word_1_322' title='bbox 485 2336 597 2366; x_wconf 67' lang='lat' dir='ltr'>san-rit</span> <span class='ocrx_word' id='word_1_323' title='bbox 627 2337 696 2374; x_wconf 75' lang='lat' dir='ltr'>lege</span> <span class='ocrx_word' id='word_1_324' title='bbox 723 2336 868 2374; x_wconf 72' lang='lat' dir='ltr'>quadam</span> <span class='ocrx_word' id='word_1_325' title='bbox 901 2333 976 2372; x_wconf 76' lang='lat' dir='ltr'>sua]</span> 
     </span>
     <span class='ocr_line' id='line_1_42' title="bbox 287 2377 981 2418; baseline -0.004 -9"><span class='ocrx_word' id='word_1_326' title='bbox 287 2377 419 2418; x_wconf 73' lang='lat' dir='ltr'>Nempe</span> <span class='ocrx_word' id='word_1_327' title='bbox 444 2389 494 2415; x_wconf 84' lang='lat' dir='ltr'>ea,</span> <span class='ocrx_word' id='word_1_328' title='bbox 522 2378 561 2408; x_wconf 86' lang='lat' dir='ltr'>de</span> <span class='ocrx_word' id='word_1_329' title='bbox 587 2388 652 2417; x_wconf 82' lang='lat' dir='ltr'>qua</span> <span class='ocrx_word' id='word_1_330' title='bbox 676 2378 851 2408; x_wconf 75' lang='lat' dir='ltr'>suetonius</span> <span class='ocrx_word' id='word_1_331' title='bbox 878 2379 981 2408; x_wconf 76' lang='lat' dir='ltr'>tradit</span> 
     </span>
     <span class='ocr_line' id='line_1_43' title="bbox 287 2420 980 2461; baseline 0.001 -12"><span class='ocrx_word' id='word_1_332' title='bbox 287 2421 371 2450; x_wconf 76' lang='lat' dir='ltr'>Caes,</span> <span class='ocrx_word' id='word_1_333' title='bbox 399 2424 451 2452; x_wconf 80' lang='lat'>28.</span> <span class='ocrx_word' id='word_1_334' title='bbox 477 2421 549 2460; x_wconf 87' lang='lat' dir='ltr'>lege</span> <span class='ocrx_word' id='word_1_335' title='bbox 574 2420 613 2450; x_wconf 88' lang='lat' dir='ltr'>de</span> <span class='ocrx_word' id='word_1_336' title='bbox 642 2420 778 2461; x_wconf 83' lang='lat' dir='ltr'>imperio</span> <span class='ocrx_word' id='word_1_337' title='bbox 807 2421 980 2460; x_wconf 83' lang='lat' dir='ltr'>magistra-</span> 
     </span>
     <span class='ocr_line' id='line_1_44' title="bbox 286 2467 395 2492; baseline 0.009 -1"><span class='ocrx_word' id='word_1_338' title='bbox 286 2467 395 2492; x_wconf 79' lang='lat' dir='ltr'>tuum.</span> 
     </span>
    </p>

    <p class='ocr_par' dir='ltr' id='par_1_12' title="bbox 280 2502 981 2882">
     <span class='ocr_line' id='line_1_45' title="bbox 332 2502 979 2544; baseline 0 -11"><span class='ocrx_word' id='word_1_339' title='bbox 332 2507 368 2537; x_wconf 89' lang='grc'>19</span> <span class='ocrx_word' id='word_1_340' title='bbox 380 2504 518 2544; x_wconf 68' lang='lat' dir='ltr'>finienti</span> <span class='ocrx_word' id='word_1_341' title='bbox 541 2505 720 2544; x_wconf 77' lang='lat' dir='ltr'>provinciis</span> <span class='ocrx_word' id='word_1_342' title='bbox 753 2504 871 2535; x_wconf 72' lang='lat' dir='ltr'>Galliis</span> <span class='ocrx_word' id='word_1_343' title='bbox 898 2502 979 2534; x_wconf 70' lang='grc' dir='ltr'>Καὶ.</span> 
     </span>
     <span class='ocr_line' id='line_1_46' title="bbox 285 2545 979 2586; baseline -0.001 -10"><span class='ocrx_word' id='word_1_344' title='bbox 285 2545 408 2585; x_wconf 48' lang='lat' dir='ltr'>Mara]</span> <span class='ocrx_word' id='word_1_345' title='bbox 436 2546 532 2576; x_wconf 78' lang='lat' dir='ltr'>Hanc</span> <span class='ocrx_word' id='word_1_346' title='bbox 554 2546 730 2576; x_wconf 78' lang='lat' dir='ltr'>lectionem</span> <span class='ocrx_word' id='word_1_347' title='bbox 746 2547 890 2586; x_wconf 79' lang='lat' dir='ltr'>praetuli,</span> <span class='ocrx_word' id='word_1_348' title='bbox 907 2555 979 2584; x_wconf 88' lang='lat' dir='ltr'>quae</span> 
     </span>
     <span class='ocr_line' id='line_1_47' title="bbox 285 2587 978 2628; baseline 0 -10"><span class='ocrx_word' id='word_1_349' title='bbox 285 2594 320 2618; x_wconf 89' lang='lat' dir='ltr'>et</span> <span class='ocrx_word' id='word_1_350' title='bbox 337 2588 406 2628; x_wconf 83' lang='lat' dir='ltr'>ipsa</span> <span class='ocrx_word' id='word_1_351' title='bbox 420 2587 454 2618; x_wconf 84' lang='lat' dir='ltr'>in</span> <span class='ocrx_word' id='word_1_352' title='bbox 476 2588 555 2618; x_wconf 89' lang='lat' dir='ltr'>Mss.</span> <span class='ocrx_word' id='word_1_353' title='bbox 572 2593 702 2628; x_wconf 76' lang='lat' dir='ltr'>reperta</span> <span class='ocrx_word' id='word_1_354' title='bbox 722 2592 784 2626; x_wconf 80' lang='lat' dir='ltr'>est,</span> <span class='ocrx_word' id='word_1_355' title='bbox 801 2589 900 2619; x_wconf 82' lang='lat' dir='ltr'>etiam</span> <span class='ocrx_word' id='word_1_356' title='bbox 924 2587 978 2618; x_wconf 87' lang='lat' dir='ltr'>ad-</span> 
     </span>
     <span class='ocr_line' id='line_1_48' title="bbox 280 2630 981 2670; baseline 0 -10"><span class='ocrx_word' id='word_1_357' title='bbox 280 2630 402 2670; x_wconf 82' lang='lat' dir='ltr'>juncto</span> <span class='ocrx_word' id='word_1_358' title='bbox 417 2630 514 2660; x_wconf 88' lang='lat' dir='ltr'>verbo</span> <span class='ocrx_word' id='word_1_359' title='bbox 529 2631 633 2660; x_wconf 81' lang='lat' dir='ltr'>diem:</span> <span class='ocrx_word' id='word_1_360' title='bbox 656 2631 741 2660; x_wconf 85' lang='lat' dir='ltr'>sicut</span> <span class='ocrx_word' id='word_1_361' title='bbox 764 2631 797 2661; x_wconf 80' lang='lat' dir='ltr'>in</span> <span class='ocrx_word' id='word_1_362' title='bbox 820 2631 925 2661; x_wconf 82' lang='lat' dir='ltr'>altera</span> <span class='ocrx_word' id='word_1_363' title='bbox 947 2635 981 2660; x_wconf 86' lang='lat' dir='ltr'>et</span> 
     </span>
     <span class='ocr_line' id='line_1_49' title="bbox 285 2671 980 2712; baseline 0 -10"><span class='ocrx_word' id='word_1_364' title='bbox 285 2672 421 2712; x_wconf 81' lang='lat' dir='ltr'>vulgata</span> <span class='ocrx_word' id='word_1_365' title='bbox 449 2672 545 2702; x_wconf 75' lang='lat' dir='ltr'>hodie</span> <span class='ocrx_word' id='word_1_366' title='bbox 574 2672 715 2703; x_wconf 82' lang='lat' dir='ltr'>lectione</span> <span class='ocrx_word' id='word_1_367' title='bbox 732 2671 769 2712; x_wconf 90' lang='lat' dir='ltr'>f.</span> <span class='ocrx_word' id='word_1_368' title='bbox 794 2672 980 2712; x_wconf 73' lang='lat' dir='ltr'>prm·z&#39;nez&#39;as</span> 
     </span>
     <span class='ocr_line' id='line_1_50' title="bbox 290 2713 979 2748; baseline -0.003 -2"><span class='ocrx_word' id='word_1_369' title='bbox 290 2714 425 2748; x_wconf 75' lang='lat' dir='ltr'>Gallias</span> <span class='ocrx_word' id='word_1_370' title='bbox 436 2714 486 2745; x_wconf 87' lang='lat' dir='ltr'>ed.</span> <span class='ocrx_word' id='word_1_371' title='bbox 503 2714 602 2745; x_wconf 86' lang='lat' dir='ltr'>Rom.</span> <span class='ocrx_word' id='word_1_372' title='bbox 621 2714 720 2744; x_wconf 85' lang='lat' dir='ltr'>habet</span> <span class='ocrx_word' id='word_1_373' title='bbox 736 2713 816 2745; x_wconf 69' lang='lat' dir='ltr'>Kal.</span> <span class='ocrx_word' id='word_1_374' title='bbox 832 2714 979 2744; x_wconf 74' lang='lat' dir='ltr'>Martia-</span> 
     </span>
     <span class='ocr_line' id='line_1_51' title="bbox 283 2755 978 2796; baseline 0 -10"><span class='ocrx_word' id='word_1_375' title='bbox 283 2766 360 2788; x_wconf 78' lang='lat' dir='ltr'>rum</span> <span class='ocrx_word' id='word_1_376' title='bbox 375 2758 438 2795; x_wconf 75' lang='lat' dir='ltr'>die,</span> <span class='ocrx_word' id='word_1_377' title='bbox 452 2757 533 2788; x_wconf 82' lang='lat' dir='ltr'>Mss.</span> <span class='ocrx_word' id='word_1_378' title='bbox 543 2755 673 2796; x_wconf 84' lang='lat' dir='ltr'>quidam</span> <span class='ocrx_word' id='word_1_379' title='bbox 688 2756 770 2787; x_wconf 82' lang='lat' dir='ltr'><em>Kal.</em></span> <span class='ocrx_word' id='word_1_380' title='bbox 784 2756 904 2787; x_wconf 65' lang='lat' dir='ltr'>Martie·</span> <span class='ocrx_word' id='word_1_381' title='bbox 917 2757 978 2786; x_wconf 74' lang='lat' dir='ltr'>die.</span> 
     </span>
     <span class='ocr_line' id='line_1_52' title="bbox 283 2798 980 2830; baseline -0.001 -1"><span class='ocrx_word' id='word_1_382' title='bbox 283 2798 415 2829; x_wconf 83' lang='lat' dir='ltr'>Vitium</span> <span class='ocrx_word' id='word_1_383' title='bbox 437 2804 548 2830; x_wconf 84' lang='lat' dir='ltr'>ortum</span> <span class='ocrx_word' id='word_1_384' title='bbox 572 2803 622 2829; x_wconf 78' lang='lat' dir='ltr'>est</span> <span class='ocrx_word' id='word_1_385' title='bbox 647 2798 688 2828; x_wconf 81' lang='lat' dir='ltr'>ab</span> <span class='ocrx_word' id='word_1_386' title='bbox 713 2808 779 2828; x_wconf 88' lang='lat' dir='ltr'>non</span> <span class='ocrx_word' id='word_1_387' title='bbox 810 2798 980 2828; x_wconf 80' lang='lat' dir='ltr'>intellecto</span> 
     </span>
     <span class='ocr_line' id='line_1_53' title="bbox 283 2840 981 2882; baseline 0 -12"><span class='ocrx_word' id='word_1_388' title='bbox 283 2841 380 2871; x_wconf 82' lang='lat' dir='ltr'>verbo</span> <span class='ocrx_word' id='word_1_389' title='bbox 401 2841 553 2882; x_wconf 78' lang='lat' dir='ltr'>finienti,</span> <span class='ocrx_word' id='word_1_390' title='bbox 583 2840 669 2880; x_wconf 85' lang='lat' dir='ltr'>quod</span> <span class='ocrx_word' id='word_1_391' title='bbox 697 2840 822 2871; x_wconf 85' lang='lat' dir='ltr'>librarii</span> <span class='ocrx_word' id='word_1_392' title='bbox 849 2841 981 2871; x_wconf 83' lang='lat' dir='ltr'>intelle-</span> 
     </span>
    </p>
   </div>
   <div class='ocr_carea' id='block_1_10' title="bbox 271 2882 979 2925">
    <p class='ocr_par' dir='ltr' id='par_1_13' title="bbox 271 2882 979 2925">
     <span class='ocr_line' id='line_1_54' title="bbox 271 2882 979 2925; baseline 0 -11"><span class='ocrx_word' id='word_1_393' title='bbox 271 2892 357 2918; x_wconf 17' lang='lat' dir='ltr'>Vxere</span> <span class='ocrx_word' id='word_1_394' title='bbox 373 2884 500 2925; x_wconf 67' lang='lat' dir='ltr'>vulgari</span> <span class='ocrx_word' id='word_1_395' title='bbox 519 2884 630 2920; x_wconf 85' lang='lat' dir='ltr'>modo,</span> <span class='ocrx_word' id='word_1_396' title='bbox 644 2892 718 2916; x_wconf 80' lang='lat' dir='ltr'>eum</span> <span class='ocrx_word' id='word_1_397' title='bbox 739 2884 785 2915; x_wconf 73' lang='lat' dir='ltr'>sit</span> <span class='ocrx_word' id='word_1_398' title='bbox 805 2882 979 2919; x_wconf 79' lang='lat' dir='ltr'>decernere</span> 
     </span>
    </p>
   </div>
   <div class='ocr_carea' id='block_1_11' title="bbox 1020 2206 1718 2873">
    <p class='ocr_par' dir='ltr' id='par_1_14' title="bbox 1022 2206 1718 2498">
     <span class='ocr_line' id='line_1_55' title="bbox 1065 2206 1718 2247; baseline -0.002 -9"><span class='ocrx_word' id='word_1_399' title='bbox 1065 2210 1106 2239; x_wconf 71' lang='lat'>‘20</span> <span class='ocrx_word' id='word_1_400' title='bbox 1132 2210 1226 2238; x_wconf 73' lang='lat' dir='ltr'>nulla</span> <span class='ocrx_word' id='word_1_401' title='bbox 1254 2206 1367 2247; x_wconf 76' lang='lat' dir='ltr'>causa]</span> <span class='ocrx_word' id='word_1_402' title='bbox 1399 2206 1477 2238; x_wconf 92' lang='lat' dir='ltr'>Non</span> <span class='ocrx_word' id='word_1_403' title='bbox 1505 2207 1718 2242; x_wconf 63' lang='lat' dir='ltr'>consentiunt,</span> 
     </span>
     <span class='ocr_line' id='line_1_56' title="bbox 1024 2250 1717 2290; baseline 0.001 -10"><span class='ocrx_word' id='word_1_404' title='bbox 1024 2250 1230 2290; x_wconf 48' lang='lat' dir='ltr'>interpretes</span> <span class='ocrx_word' id='word_1_405' title='bbox 1274 2251 1393 2280; x_wconf 82' lang='lat' dir='ltr'>Sensus</span> <span class='ocrx_word' id='word_1_406' title='bbox 1418 2255 1468 2279; x_wconf 83' lang='lat' dir='ltr'>est</span> <span class='ocrx_word' id='word_1_407' title='bbox 1496 2250 1610 2280; x_wconf 82' lang='lat' dir='ltr'>similis</span> <span class='ocrx_word' id='word_1_408' title='bbox 1638 2250 1717 2286; x_wconf 79' lang='grc'><strong>10613</strong></span> 
     </span>
     <span class='ocr_line' id='line_1_57' title="bbox 1022 2291 1714 2331; baseline 0.001 -9"><span class='ocrx_word' id='word_1_409' title='bbox 1022 2293 1254 2331; x_wconf 77' lang='lat' dir='ltr'>superioribus,</span> <span class='ocrx_word' id='word_1_410' title='bbox 1270 2293 1326 2322; x_wconf 84' lang='lat' dir='ltr'>ubi</span> <span class='ocrx_word' id='word_1_411' title='bbox 1341 2301 1439 2322; x_wconf 83' lang='lat' dir='ltr'>causa</span> <span class='ocrx_word' id='word_1_412' title='bbox 1452 2291 1572 2322; x_wconf 84' lang='lat' dir='ltr'>dicitur</span> <span class='ocrx_word' id='word_1_413' title='bbox 1587 2292 1714 2323; x_wconf 86' lang='lat' dir='ltr'>nullam</span> 
     </span>
     <span class='ocr_line' id='line_1_58' title="bbox 1023 2335 1718 2374; baseline 0.001 -10"><span class='ocrx_word' id='word_1_414' title='bbox 1023 2344 1152 2365; x_wconf 75' lang='lat' dir='ltr'>causam</span> <span class='ocrx_word' id='word_1_415' title='bbox 1182 2335 1318 2365; x_wconf 79' lang='lat' dir='ltr'>habere:</span> <span class='ocrx_word' id='word_1_416' title='bbox 1349 2344 1466 2373; x_wconf 86' lang='lat' dir='ltr'>nempe</span> <span class='ocrx_word' id='word_1_417' title='bbox 1493 2335 1617 2370; x_wconf 89' lang='lat' dir='ltr'>omnia,</span> <span class='ocrx_word' id='word_1_418' title='bbox 1645 2344 1718 2374; x_wconf 78' lang='lat' dir='ltr'>quae</span> 
     </span>
     <span class='ocr_line' id='line_1_59' title="bbox 1022 2377 1718 2417; baseline 0.001 -11"><span class='ocrx_word' id='word_1_419' title='bbox 1022 2383 1095 2406; x_wconf 87' lang='lat' dir='ltr'>tum</span> <span class='ocrx_word' id='word_1_420' title='bbox 1121 2387 1179 2416; x_wconf 88' lang='lat' dir='ltr'>pro</span> <span class='ocrx_word' id='word_1_421' title='bbox 1206 2387 1303 2407; x_wconf 72' lang='lat' dir='ltr'>causa</span> <span class='ocrx_word' id='word_1_422' title='bbox 1324 2377 1549 2416; x_wconf 80' lang='lat' dir='ltr'>jactabantur,</span> <span class='ocrx_word' id='word_1_423' title='bbox 1578 2386 1617 2406; x_wconf 90' lang='lat' dir='ltr'>ea</span> <span class='ocrx_word' id='word_1_424' title='bbox 1644 2377 1718 2417; x_wconf 83' lang='lat' dir='ltr'>jam</span> 
     </span>
     <span class='ocr_line' id='line_1_60' title="bbox 1023 2418 1717 2458; baseline 0.001 -10"><span class='ocrx_word' id='word_1_425' title='bbox 1023 2424 1100 2449; x_wconf 82' lang='lat' dir='ltr'>ante</span> <span class='ocrx_word' id='word_1_426' title='bbox 1115 2419 1258 2456; x_wconf 84' lang='lat' dir='ltr'>fuerant,</span> <span class='ocrx_word' id='word_1_427' title='bbox 1276 2429 1335 2449; x_wconf 85' lang='lat' dir='ltr'>nec</span> <span class='ocrx_word' id='word_1_428' title='bbox 1354 2424 1466 2448; x_wconf 77' lang='lat' dir='ltr'>tannen</span> <span class='ocrx_word' id='word_1_429' title='bbox 1483 2418 1655 2458; x_wconf 85' lang='lat' dir='ltr'>Pompeius</span> <span class='ocrx_word' id='word_1_430' title='bbox 1678 2418 1717 2449; x_wconf 78' lang='lat' dir='ltr'>iis</span> 
     </span>
     <span class='ocr_line' id='line_1_61' title="bbox 1023 2460 1708 2498; baseline -0.001 -7"><span class='ocrx_word' id='word_1_431' title='bbox 1023 2465 1132 2491; x_wconf 81' lang='lat' dir='ltr'>motus</span> <span class='ocrx_word' id='word_1_432' title='bbox 1146 2462 1267 2498; x_wconf 84' lang='lat' dir='ltr'>fuerat,</span> <span class='ocrx_word' id='word_1_433' title='bbox 1283 2466 1320 2491; x_wconf 83' lang='lat' dir='ltr'>ut</span> <span class='ocrx_word' id='word_1_434' title='bbox 1335 2461 1455 2492; x_wconf 79' lang='lat' dir='ltr'>Caesari</span> <span class='ocrx_word' id='word_1_435' title='bbox 1472 2460 1708 2491; x_wconf 77' lang='lat' dir='ltr'>adversaretur.</span> 
     </span>
    </p>

    <p class='ocr_par' dir='ltr' id='par_1_15' title="bbox 1020 2501 1718 2786">
     <span class='ocr_line' id='line_1_62' title="bbox 1065 2501 1718 2541; baseline 0 -8"><span class='ocrx_word' id='word_1_436' title='bbox 1065 2506 1103 2534; x_wconf 84' lang='lat'>21</span> <span class='ocrx_word' id='word_1_437' title='bbox 1127 2504 1184 2533; x_wconf 80' lang='lat' dir='ltr'>sed</span> <span class='ocrx_word' id='word_1_438' title='bbox 1196 2504 1241 2533; x_wconf 72' lang='lat' dir='ltr'>sic</span> <span class='ocrx_word' id='word_1_439' title='bbox 1261 2513 1300 2533; x_wconf 72' lang='lat' dir='ltr'>nr:</span> <span class='ocrx_word' id='word_1_440' title='bbox 1321 2502 1470 2541; x_wconf 79' lang='lat' dir='ltr'>causam]</span> <span class='ocrx_word' id='word_1_441' title='bbox 1498 2501 1579 2532; x_wconf 88' lang='lat' dir='ltr'>Edd.</span> <span class='ocrx_word' id='word_1_442' title='bbox 1596 2512 1646 2541; x_wconf 89' lang='lat' dir='ltr'>pr.</span> <span class='ocrx_word' id='word_1_443' title='bbox 1660 2503 1718 2533; x_wconf 71' lang='lat' dir='ltr'>sed</span> 
     </span>
     <span class='ocr_line' id='line_1_63' title="bbox 1020 2544 1718 2584; baseline -0.001 -10"><span class='ocrx_word' id='word_1_444' title='bbox 1020 2546 1088 2575; x_wconf 77' lang='lat' dir='ltr'>sine</span> <span class='ocrx_word' id='word_1_445' title='bbox 1109 2556 1220 2576; x_wconf 77' lang='lat' dir='ltr'>causa.</span> <span class='ocrx_word' id='word_1_446' title='bbox 1241 2545 1372 2584; x_wconf 82' lang='lat' dir='ltr'>quidam</span> <span class='ocrx_word' id='word_1_447' title='bbox 1395 2554 1560 2574; x_wconf 82' lang='lat' dir='ltr'>correxere</span> <span class='ocrx_word' id='word_1_448' title='bbox 1582 2544 1639 2574; x_wconf 83' lang='lat' dir='ltr'>sed</span> <span class='ocrx_word' id='word_1_449' title='bbox 1658 2545 1718 2581; x_wconf 74' lang='lat' dir='ltr'>sie,</span> 
     </span>
     <span class='ocr_line' id='line_1_64' title="bbox 1021 2585 1717 2624; baseline 0 -7"><span class='ocrx_word' id='word_1_450' title='bbox 1021 2597 1061 2617; x_wconf 82' lang='lat' dir='ltr'>ne</span> <span class='ocrx_word' id='word_1_451' title='bbox 1076 2597 1223 2624; x_wconf 76' lang='lat' dir='ltr'>causam,</span> <span class='ocrx_word' id='word_1_452' title='bbox 1239 2597 1285 2618; x_wconf 88' lang='lat' dir='ltr'>sc.</span> <span class='ocrx_word' id='word_1_453' title='bbox 1304 2587 1494 2617; x_wconf 83' lang='lat' dir='ltr'>desererem.</span> <span class='ocrx_word' id='word_1_454' title='bbox 1527 2585 1589 2616; x_wconf 86' lang='lat' dir='ltr'>Sed</span> <span class='ocrx_word' id='word_1_455' title='bbox 1603 2587 1717 2617; x_wconf 71' lang='lat' dir='ltr'>omnia</span> 
     </span>
     <span class='ocr_line' id='line_1_65' title="bbox 1023 2628 1716 2668; baseline 0 -10"><span class='ocrx_word' id='word_1_456' title='bbox 1023 2630 1086 2660; x_wconf 77' lang='lat' dir='ltr'>ista</span> <span class='ocrx_word' id='word_1_457' title='bbox 1101 2631 1181 2660; x_wconf 86' lang='lat' dir='ltr'>dura</span> <span class='ocrx_word' id='word_1_458' title='bbox 1196 2634 1286 2666; x_wconf 83' lang='lat' dir='ltr'>sunt,</span> <span class='ocrx_word' id='word_1_459' title='bbox 1301 2639 1361 2659; x_wconf 86' lang='lat' dir='ltr'>nec</span> <span class='ocrx_word' id='word_1_460' title='bbox 1377 2632 1456 2668; x_wconf 80' lang='lat' dir='ltr'>apta</span> <span class='ocrx_word' id='word_1_461' title='bbox 1477 2628 1570 2658; x_wconf 76' lang='lat' dir='ltr'>seriei</span> <span class='ocrx_word' id='word_1_462' title='bbox 1593 2628 1716 2658; x_wconf 86' lang='lat' dir='ltr'>oratio-</span> 
     </span>
     <span class='ocr_line' id='line_1_66' title="bbox 1024 2669 1715 2712; baseline 0 -11"><span class='ocrx_word' id='word_1_463' title='bbox 1024 2672 1073 2701; x_wconf 80' lang='lat' dir='ltr'>nis</span> <span class='ocrx_word' id='word_1_464' title='bbox 1089 2682 1149 2702; x_wconf 75' lang='lat' dir='ltr'>non</span> <span class='ocrx_word' id='word_1_465' title='bbox 1168 2671 1336 2712; x_wconf 71' lang='lat' dir='ltr'>qno—sed,</span> <span class='ocrx_word' id='word_1_466' title='bbox 1352 2680 1425 2709; x_wconf 81' lang='lat' dir='ltr'>quae</span> <span class='ocrx_word' id='word_1_467' title='bbox 1441 2669 1586 2710; x_wconf 76' lang='lat' dir='ltr'>postulat</span> <span class='ocrx_word' id='word_1_468' title='bbox 1601 2670 1658 2701; x_wconf 80' lang='lat' dir='ltr'>sed</span> <span class='ocrx_word' id='word_1_469' title='bbox 1678 2674 1715 2701; x_wconf 78' lang='lat' dir='ltr'>ut</span> 
     </span>
     <span class='ocr_line' id='line_1_67' title="bbox 1022 2713 1716 2753; baseline -0.001 -9"><span class='ocrx_word' id='word_1_470' title='bbox 1022 2723 1170 2744; x_wconf 77' lang='lat' dir='ltr'>eausam.</span> <span class='ocrx_word' id='word_1_471' title='bbox 1191 2714 1286 2753; x_wconf 85' lang='lat' dir='ltr'>idque</span> <span class='ocrx_word' id='word_1_472' title='bbox 1307 2721 1342 2743; x_wconf 84' lang='lat' dir='ltr'>et</span> <span class='ocrx_word' id='word_1_473' title='bbox 1364 2713 1529 2743; x_wconf 83' lang='lat' dir='ltr'>consentit</span> <span class='ocrx_word' id='word_1_474' title='bbox 1550 2713 1716 2751; x_wconf 77' lang='lat' dir='ltr'>sequenti·</span> 
     </span>
     <span class='ocr_line' id='line_1_68' title="bbox 1023 2756 1093 2786; baseline 0.014 -1"><span class='ocrx_word' id='word_1_475' title='bbox 1023 2756 1093 2786; x_wconf 86' lang='lat' dir='ltr'>bus.</span> 
     </span>
    </p>

    <p class='ocr_par' dir='ltr' id='par_1_16' title="bbox 1021 2794 1716 2873">
     <span class='ocr_line' id='line_1_69' title="bbox 1063 2794 1716 2837; baseline -0.002 -9"><span class='ocrx_word' id='word_1_476' title='bbox 1063 2800 1104 2829; x_wconf 73' lang='lat'>2⁶:</span> <span class='ocrx_word' id='word_1_477' title='bbox 1126 2801 1168 2835; x_wconf 84' lang='lat' dir='ltr'>et,</span> <span class='ocrx_word' id='word_1_478' title='bbox 1191 2801 1229 2827; x_wconf 75' lang='lat' dir='ltr'>ut</span> <span class='ocrx_word' id='word_1_479' title='bbox 1250 2798 1316 2836; x_wconf 78' lang='lat' dir='ltr'>ipse</span> <span class='ocrx_word' id='word_1_480' title='bbox 1336 2795 1516 2837; x_wconf 67' lang='lat' dir='ltr'>sensissem]</span> <span class='ocrx_word' id='word_1_481' title='bbox 1543 2794 1613 2832; x_wconf 74' lang='lat' dir='ltr'>scil.</span> <span class='ocrx_word' id='word_1_482' title='bbox 1639 2804 1716 2827; x_wconf 68' lang='lat' dir='ltr'>cun</span> 
     </span>
     <span class='ocr_line' id='line_1_70' title="bbox 1021 2839 1382 2873; baseline 0 -3"><span class='ocrx_word' id='word_1_483' title='bbox 1021 2840 1056 2872; x_wconf 83' lang='lat' dir='ltr'>in</span> <span class='ocrx_word' id='word_1_484' title='bbox 1072 2839 1206 2873; x_wconf 74' lang='lat' dir='ltr'>exilium</span> <span class='ocrx_word' id='word_1_485' title='bbox 1222 2841 1382 2870; x_wconf 74' lang='lat' dir='ltr'>mitterer.</span> 
     </span>
    </p>
   </div>
   <div class='ocr_carea' id='block_1_12' title="bbox 1881 0 1937 3231">
    <p class='ocr_par' dir='ltr' id='par_1_17' title="bbox 1881 0 1937 3231">
     <span class='ocr_line' id='line_1_71' title="bbox 1881 0 1937 3231; baseline 0 0"><span class='ocrx_word' id='word_1_486' title='bbox 1881 0 1937 3231; x_wconf 95' lang='lat' dir='ltr'> </span> 
     </span>
    </p>
   </div>
  </div>
 </body>
</html>
