1940 3231
314 146 390 179 600
739 139 919 178 EPIST.
948 140 1026 177 AD
1053 138 1333 182 ATTICUM,

316 243 513 294 Bibulus,
537 243 576 284 in
601 251 721 285 tanto
746 258 923 286 maerore
955 259 1047 297 suo,
1071 244 1305 285 maximam
1329 256 1474 284 curam
1498 243 1594 285 belli
1620 247 1746 287 susti-

316 311 466 352 neret3
498 301 550 341 ad
584 315 737 357 meque
764 302 895 356 legati
930 302 1037 357 ejus,
1060 312 1103 342 et
1123 311 1325 356 quaestor,
1348 310 1391 340 et
1429 302 1556 341 amici
1584 301 1746 344 litteras

318 359 553 409 mitterent,
586 367 634 399 ut
673 359 863 399 subsidio
900 358 1111 400 venirem:
1144 359 1221 399 etsi
1256 357 1492 399 exercitum
1529 358 1745 400 infirmum

322 416 558 465 habebam3
581 415 741 455 auxilia
763 430 862 454 sane
885 415 1012 465 bona,
1036 416 1107 455 sed
1130 430 1179 455 ea
1202 415 1468 464 Galatarum,
1495 414 1750 466 Pisidarum,

323 473 552 528 Lyciorum
571 489 580 523 3
613 472 706 512 haec
728 472 843 511 enim
866 480 966 511 suut
987 482 1132 512 nostra
1155 472 1334 513 robora:
1368 482 1507 512 tamen
1535 486 1625 512 esse
1655 472 1750 512 offi-

321 532 435 570 cium
474 543 614 569 meum
655 528 819 582 putavi,
851 529 1090 569 exercitum
1122 528 1280 569 habere
1312 529 1641 583 quamproxime
1672 528 1752 569 ho-

324 596 447 636 stem,
469 586 608 640 quoad
633 584 737 624 mihi
762 598 943 639 praeesse
967 585 1199 639 provincia:
1224 600 1297 640 per
1319 596 1488 626 senatus
1511 585 1753 627 consultum

323 643 484 684 liceret.
509 641 596 691 sed,
618 656 703 695 quo
734 655 815 696 ego
849 642 1036 683 maxime
1066 641 1321 692 delectabar,
1346 643 1526 684 Bibulus
1550 641 1753 683 molestus

325 700 430 740 mihi
456 713 539 738 non
563 707 678 748 eratg
709 698 762 738 de
783 699 982 739 omnibus
1006 699 1130 739 rebus
1153 699 1368 739 scribebat
1397 700 1449 740 ad
1480 706 1552 740 me'
1580 698 1724 755 potius
1745 715 1754 740 ε

326 767 369 796 et
392 754 496 795 mibi
519 754 777 795 decessionis
805 755 894 795 dies
925 759 1107 801 λεληθότως
1139 756 1361 811 obreptat:
1394 757 1467 809 qui
1499 771 1597 798 cum
1629 756 1756 797 adve-

327 812 452 861 nerit,
481 815 569 851 Ξέλλο
597 814 789 866 πςόζλημκ,
812 826 937 865 quem
972 811 1234 866 praeficiam,
1264 813 1345 853 nisi
1380 812 1538 854 Caldus
1569 822 1758 868 quaestor

328 869 516 918 venerim
547 868 599 908 de
621 883 705 922 quo
734 867 873 908 adhuc
906 868 1012 908 nihil
1042 870 1147 909 certi
1179 869 1456 909 habebamus.
1518 869 1758 926 Cupiebam

327 924 569 967 mehercule
592 924 830 979 longiorem
852 925 1077 981 epistolam
1100 927 1240 967 facere
1259 942 1267 967 :
1301 927 1372 967 sed
1394 941 1473 967 nec
1494 936 1582 967 erat
1605 941 1684 978 res,
1705 927 1758 967 de

329 998 414 1038 qua
435 981 689 1032 scriberem3
720 996 798 1022 nec
820 982 958 1036 jocari
987 997 1071 1038 prae
1095 997 1196 1023 cura
1218 992 1424 1038 poteram.
1484 983 1656 1024 Valebis
1678 984 1761 1041 igi-

330 1051 415 1091 tur,
437 1049 480 1079 et
502 1039 654 1095 puellae
678 1037 855 1080 salutem
879 1039 1085 1080 Atticulae
1108 1040 1238 1090 dices,
1261 1049 1505 1095 nostraeque
1527 1040 1666 1082 Piliae,

294 1132 321 1172 6
800 1129 1034 1171 CICERO
1065 1129 1292 1171 ATTICO
1325 1130 1369 1171 S.

288 1187 492 1249 b.EGO,
525 1199 622 1239 dum
667 1198 707 1238 in
747 1198 972 1253 provincia
1009 1198 1209 1239 omnibus
1247 1200 1372 1239 rebus
1410 1197 1602 1255 Appium
1642 1213 1763 1249 orno,

333 1260 476 1300 subito
511 1270 604 1296 sum
639 1254 778 1295 factus
815 1255 1074 1296 accusatoris
1112 1255 1204 1310 ejus
1240 1270 1373 1296 socer.
1408 1256 1449 1296 id
1478 1256 1666 1311 quidem,
1700 1256 1765 1296 in-

331 1317 442 1372 quis,
465 1313 524 1354 dii
558 1313 814 1368 approbent.
844 1312 905 1352 ita
928 1312 1079 1354 velim:
1111 1322 1240 1367 teque
1263 1313 1324 1353 ita
1344 1327 1499 1369 cupere
1520 1322 1638 1354 certo
1661 1313 1764 1353 scio.

333 1373 404 1414 sed
436 1371 559 1412 crede
599 1370 722 1419 mihi,
756 1369 864 1409 nihil
902 1369 1042 1409 minus
1081 1380 1275 1424 putaram
1309 1384 1422 1425 ego3
1453 1370 1526 1425 qui
1563 1373 1599 1400 12
1613 1369 1665 1411 de
1696 1368 1766 1410 Ti.

333 1431 522 1478 Nerone,
558 1428 632 1480 qui
667 1441 837 1467 mecum
873 1436 1033 1482 egerat,
1073 1437 1211 1467 certos
1250 1427 1444 1467 homines
1478 1427 1529 1468 ad
1569 1427 1765 1468 mulieres

333 1488 558 1533 miseram;
591 1484 663 1539 qui
709 1484 893 1525 Romam
938 1493 1159 1534 venerunt,
1205 1483 1327 1524 factis
1370 1483 1654 1539 sponsalibus.
1695 1483 1768 1524 sed

330 1545 415 1586 hoc
438 1556 561 1599 spero
593 1541 758 1582 melius.
787 1540 984 1581 mulieres
1008 1540 1182 1595 quidem
1206 1540 1326 1581 valde
1348 1540 1542 1596 intelligo
1564 1541 1766 1582 delectari

332 1600 540 1655 obsequio
564 1608 608 1639 et
638 1599 843 1639 comitate
868 1599 902 1627 ¹3
917 1597 1214 1638 adolescentis.
1246 1607 1387 1638 cetera
1417 1597 1504 1638 noli
1536 1600 1767 1650 ἐξακοινθίζευ.

336 1659 419 1701 Sed
454 1658 558 1697 heus
593 1667 655 1705 tu,
691 1659 868 1711 πυςοὺςείς
887 1658 981 1707 δῆμον
1008 1653 1222 1696 Athenis?
1254 1654 1394 1709 placet
1429 1654 1512 1696 hoc
1547 1654 1659 1695 tibi?
1690 1654 1769 1694 etsi

334 1731 423 1757 non
458 1713 754 1768 impediebant
789 1713 825 1741 14
839 1712 922 1752 mei
958 1722 1072 1752 certe
1110 1712 1207 1753 libri
1241 1715 1346 1762 (non
1386 1711 1498 1751 enim
1534 1711 1615 1751 ista
1642 1710 1773 1767 largi-

335 1774 398 1814 tio
421 1772 506 1812 fuit
526 1772 570 1810 in
593 1770 722 1819 cives,
744 1768 816 1809 sed
838 1769 882 1808 in
912 1768 1104 1824 hospites
1140 1768 1388 1817 liberalitas)
1411 1783 1479 1809 me
1501 1777 1644 1809 tamen
1671 1771 1706 1798 ¹5
1719 1768 1773 1808 de

336 1827 583 1871 Academiae
622 1828 780 1882 πςοπίιλῳ
814 1825 943 1880 jubes
982 1825 1204 1880 cogitare3
1245 1840 1344 1866 culn
1378 1826 1471 1881 jam
1510 1824 1679 1880 Appius
1720 1825 1773 1866 de

340 1886 539 1928 Eleusine
570 1898 657 1927 non
690 1883 868 1937 cogitet.
933 1882 1000 1924 De
1033 1881 1269 1924 Hortensio
1301 1892 1343 1923 te
1364 1892 1481 1923 certo
1506 1883 1594 1923 scio
1616 1881 1774 1923 dolere.

339 1943 539 1999 equidem
567 1940 808 1983 excrucior.
831 1940 1049 1981 decreram
1080 1940 1195 1981 enim
1218 1954 1315 1981 cum
1338 1954 1388 1980 eo
1413 1940 1533 1980 valde
1557 1938 1780 1980 familiari-

341 2014 404 2042 ter
427 2000 585 2040 vivere.
647 1997 740 2038 Nos
763 1997 997 2052 provinciae
1030 1998 1301 2053 praefecimus
1326 1996 1517 2037 Coelium
1539 2014 1548 2038 ε
1582 2010 1776 2052 puerum,

342 2058 525 2114 inquies,
547 2067 591 2097 et
623 2054 803 2095 fortasse
835 2053 1018 2105 fatuum,
1041 2065 1084 2095 et
1116 2070 1202 2096 non
1236 2068 1425 2110 gravem,
1448 2064 1491 2094 et
1523 2068 1608 2094 non
1637 2053 1777 2094 conti-

341 2127 531 2156 nentem.
554 2112 786 2155 assentior:
820 2111 911 2152 fieri
935 2126 1020 2152 non
1045 2112 1188 2167 potuit
1209 2111 1344 2152 aliter.
1406 2111 1519 2152 Nam
1541 2125 1645 2165 quas
1668 2110 1778 2151 mul-

343 2185 388 2214 to
411 2182 508 2214 ante
531 2182 625 2211 tuas
657 2182 906 2223 acceperam
938 2168 1115 2220 litteras,
1140 2169 1182 2209 in
1206 2168 1362 2224 quibus
1391 2171 1512 2220 ἐπέχειν
1535 2177 1576 2208 te
1597 2167 1778 2223 scripse-

343 2246 425 2281 ras,
458 2228 561 2284 quid
599 2236 710 2267 esset
750 2226 857 2266 milii
898 2225 1141 2266 faciendum
1181 2226 1234 2266 de
1272 2225 1576 2279 relinquendo;
1607 2238 1669 2266 eae
1709 2238 1776 2265 me

344 2287 613 2343 pungebant.
673 2282 886 2324 Videbam
917 2283 1047 2333 enim,
1070 2298 1166 2339 quae
1190 2283 1268 2323 tibi
1292 2291 1432 2323 essent
1463 2285 1581 2339 ἐποχῆς
1603 2296 1744 2322 causae
1765 2298 1776 2333 ;

345 2358 388 2385 et
409 2354 530 2386 erant
552 2341 712 2383 eaedem
745 2340 875 2382 mihi:
913 2341 948 2371 16
963 2355 1094 2397 puero
1127 2340 1291 2381 tradere
1321 2341 1420 2381 me?
1452 2337 1572 2379 fratri
1604 2341 1776 2381 autem?

391 2507 428 2535 1⁶2
451 2506 489 2535 de
513 2504 564 2534 Tz.
588 2503 732 2542 [verone]
762 2503 821 2533 Est
836 2503 873 2539 is,
890 2503 942 2542 qui
959 2508 1046 2544 post·
1090 2502 1141 2533 do.
1158 2503 1191 2533 in
1207 2506 1362 2541 sequente
1386 2502 1425 2532 de
1439 2500 1597 2531 Eleusine
1619 2505 1700 2541 puto
1721 2500 1782 2531 ali-

347 2559 386 2578 ea
407 2547 535 2578 Liviam
560 2547 666 2584 duxit,
689 2552 761 2576 tum
783 2545 928 2576 Tulliam
957 2552 1047 2586 pete-
1091 2545 1168 2585 quid
1183 2544 1284 2575 latere
1299 2544 1332 2574 in
1348 2544 1502 2583 Appium.

347 2592 416 2621 bat.
1137 2588 1172 2617 16
1189 2596 1293 2626 puero
1305 2587 1435 2616 tradere
1449 2595 1500 2614 me
1510 2596 1518 2613 :
1523 2582 1638 2623 fratri
1652 2584 1777 2623 autem]

395 2634 432 2662 13
447 2629 667 2668 adolescentis]
679 2628 874 2660 Dolabellae:
890 2629 945 2668 qui
956 2634 1043 2666 tum,
1088 2629 1169 2659 Haee
1182 2628 1415 2667 interrogative
1431 2625 1617 2666 accipienda
1627 2631 1715 2656 sunt.
1730 2636 1781 2656 me

351 2683 424 2704 cum
435 2673 579 2704 Tulliam
594 2672 744 2707 ducebat,
754 2672 824 2709 jam
837 2671 960 2701 Consul
975 2672 1044 2701 fue·
1086 2672 1178 2701 abest
1191 2670 1261 2700 edd.
1279 2680 1327 2709 pr.
1371 2670 1513 2708 Sequens
1527 2668 1612 2698 illud
1624 2677 1688 2698 non
1701 2669 1782 2698 utile

351 2720 414 2747 rat.
439 2715 500 2745 Sed
515 2713 637 2745 Consul
650 2718 779 2743 creatus
793 2718 842 2743 est
858 2713 953 2752 longe
967 2718 1044 2743 ante
1086 2714 1174 2743 nobis
1189 2721 1254 2741 non
1270 2712 1421 2751 intelligo
1438 2709 1600 2750 quomodo
1616 2710 1780 2740 cohaereat

352 2764 485 2789 aetatem
501 2757 697 2795 legitimam,
715 2764 802 2784 anno
818 2756 933 2794 quinto
950 2760 983 2785 et
1000 2756 1045 2784 vi-
1087 2755 1220 2793 reliquet-
1233 2754 1385 2784 orationi.
1408 2753 1568 2783 Referunt
1578 2752 1618 2782 ad
1627 2752 1778 2783 fratrem:

353 2800 487 2835 cesimo,
503 2803 541 2828 ut
559 2798 623 2828 Dio
636 2797 749 2826 tradit.
1088 2797 1143 2826 sed
1166 2797 1213 2827 ita
1235 2805 1301 2826 non
1324 2795 1497 2826 addidisset
1521 2795 1627 2825 illud.-
1649 2793 1736 2835 quod
1755 2793 1781 2824 si

399 2845 435 2872 14
459 2841 520 2871 mei
534 2844 618 2870 certe
633 2839 721 2878 libri]
743 2838 792 2868 De
808 2838 983 2878 republica.
1090 2838 1227 2877 abesset,
1244 2838 1354 2869 omnia
1370 2837 1479 2869 facilia
1494 2837 1613 2868 forent.

398 2886 433 2915 15
457 2884 495 2914 (le
508 2883 613 2917 Acad.
632 2881 785 2924 προπύλῳ]
811 2890 856 2912 sc.
880 2881 1044 2912 aedifican-

1899 423 1907 447 6

1900 449 1908 502 3

1902 509 1906 521 ,

1902 535 1908 582 ἐ
