<?xml version="1.0" encoding="UTF-8"?>
<!DOCTYPE html PUBLIC "-//W3C//DTD XHTML 1.0 Transitional//EN"
    "http://www.w3.org/TR/xhtml1/DTD/xhtml1-transitional.dtd">
<html xmlns="http://www.w3.org/1999/xhtml" xml:lang="en" lang="en">
 <head>
  <title>
</title>
<meta http-equiv="Content-Type" content="text/html;charset=utf-8" />
  <meta name='ocr-system' content='tesseract 3.04.00' />
  <meta name='ocr-capabilities' content='ocr_page ocr_carea ocr_par ocr_line ocrx_word'/>
</head>
<body>
  <div class='ocr_page' id='page_1' title='image "./p2operaomnia03ciceuoft_0511.png"; bbox 0 0 1940 3231; ppageno 0'>
   <div class='ocr_carea' id='block_1_1' title="bbox 739 107 1598 158">
    <p class='ocr_par' dir='ltr' id='par_1_1' title="bbox 739 107 1598 158">
     <span class='ocr_line' id='line_1_1' title="bbox 739 107 1598 158; baseline 0.01 -9"><span class='ocrx_word' id='word_1_1' title='bbox 739 110 801 149; x_wconf 55' lang='lat'><strong>121</strong></span> <span class='ocrx_word' id='word_1_2' title='bbox 815 109 944 150; x_wconf 76' lang='lat' dir='ltr'><strong>BER</strong></span> <span class='ocrx_word' id='word_1_3' title='bbox 978 111 1054 151; x_wconf 87' lang='lat'><strong>111.</strong></span> <span class='ocrx_word' id='word_1_4' title='bbox 1521 107 1598 158; x_wconf 65' lang='lat'><em>931⁷&gt;</em></span> 
     </span>
    </p>
   </div>
   <div class='ocr_carea' id='block_1_2' title="bbox 145 212 1598 1073">
    <p class='ocr_par' dir='ltr' id='par_1_2' title="bbox 145 212 1598 1073">
     <span class='ocr_line' id='line_1_2' title="bbox 167 212 1598 268; baseline 0.008 -16"><span class='ocrx_word' id='word_1_5' title='bbox 167 214 402 268; x_wconf 75' lang='lat' dir='ltr'><strong>praeterea?</strong></span> <span class='ocrx_word' id='word_1_6' title='bbox 433 212 582 260; x_wconf 83' lang='lat' dir='ltr'>Quid?</span> <span class='ocrx_word' id='word_1_7' title='bbox 611 214 755 255; x_wconf 88' lang='lat' dir='ltr'><strong>etiam.</strong></span> <span class='ocrx_word' id='word_1_8' title='bbox 817 214 1032 257; x_wconf 84' lang='lat' dir='ltr'>Gabinius</span> <span class='ocrx_word' id='word_1_9' title='bbox 1053 229 1092 257; x_wconf 83' lang='lat' dir='ltr'><strong>a.</strong></span> <span class='ocrx_word' id='word_1_10' title='bbox 1115 214 1158 257; x_wconf 90' lang='lat' dir='ltr'><strong>d.</strong></span> <span class='ocrx_word' id='word_1_11' title='bbox 1182 230 1264 259; x_wconf 89' lang='lat'>1111</span> <span class='ocrx_word' id='word_1_12' title='bbox 1293 216 1390 260; x_wconf 88' lang='lat' dir='ltr'><strong>Kal.</strong></span> <span class='ocrx_word' id='word_1_13' title='bbox 1414 219 1598 264; x_wconf 81' lang='lat' dir='ltr'><strong>Octobr.</strong></span> 
     </span>
     <span class='ocr_line' id='line_1_3' title="bbox 165 271 1596 325; baseline 0.008 -15"><span class='ocrx_word' id='word_1_14' title='bbox 165 280 297 311; x_wconf 89' lang='lat' dir='ltr'><strong>noctu</strong></span> <span class='ocrx_word' id='word_1_15' title='bbox 322 271 364 311; x_wconf 89' lang='lat' dir='ltr'><strong>in</strong></span> <span class='ocrx_word' id='word_1_16' title='bbox 387 271 533 312; x_wconf 86' lang='lat' dir='ltr'><strong>urbem</strong></span> <span class='ocrx_word' id='word_1_17' title='bbox 557 271 776 314; x_wconf 79' lang='lat' dir='ltr'>introivit:</span> <span class='ocrx_word' id='word_1_18' title='bbox 813 281 856 313; x_wconf 88' lang='lat' dir='ltr'><strong>et</strong></span> <span class='ocrx_word' id='word_1_19' title='bbox 877 271 1006 314; x_wconf 89' lang='lat' dir='ltr'><strong>hodie</strong></span> <span class='ocrx_word' id='word_1_20' title='bbox 1030 272 1089 314; x_wconf 88' lang='lat' dir='ltr'><strong>H.</strong></span> <span class='ocrx_word' id='word_1_21' title='bbox 1113 287 1224 325; x_wconf 74' lang='lat' dir='ltr'><strong>VIII,</strong></span> <span class='ocrx_word' id='word_1_22' title='bbox 1247 290 1344 316; x_wconf 88' lang='lat' dir='ltr'><strong>cum</strong></span> <span class='ocrx_word' id='word_1_23' title='bbox 1378 277 1519 320; x_wconf 87' lang='lat' dir='ltr'><strong>edicto</strong></span> <span class='ocrx_word' id='word_1_24' title='bbox 1544 280 1596 322; x_wconf 90' lang='lat' dir='ltr'><strong>C.</strong></span> 
     </span>
     <span class='ocr_line' id='line_1_4' title="bbox 167 326 1596 389; baseline 0.007 -22"><span class='ocrx_word' id='word_1_25' title='bbox 167 326 267 368; x_wconf 84' lang='lat' dir='ltr'><strong>Alfii</strong></span> <span class='ocrx_word' id='word_1_26' title='bbox 291 328 344 369; x_wconf 92' lang='lat' dir='ltr'><strong>de</strong></span> <span class='ocrx_word' id='word_1_27' title='bbox 365 328 591 383; x_wconf 85' lang='lat' dir='ltr'><strong>majestate</strong></span> <span class='ocrx_word' id='word_1_28' title='bbox 618 342 715 369; x_wconf 87' lang='lat' dir='ltr'><strong>eum</strong></span> <span class='ocrx_word' id='word_1_29' title='bbox 738 328 885 371; x_wconf 79' lang='lat' dir='ltr'>adesse</span> <span class='ocrx_word' id='word_1_30' title='bbox 916 339 1149 386; x_wconf 83' lang='lat' dir='ltr'>oporteret,</span> <span class='ocrx_word' id='word_1_31' title='bbox 1178 346 1388 374; x_wconf 80' lang='lat' dir='ltr'>concursu</span> <span class='ocrx_word' id='word_1_32' title='bbox 1422 349 1596 389; x_wconf 74' lang='lat' dir='ltr'><strong>magno,</strong></span> 
     </span>
     <span class='ocr_line' id='line_1_5' title="bbox 162 384 1595 448; baseline 0.007 -24"><span class='ocrx_word' id='word_1_33' title='bbox 162 394 208 425; x_wconf 86' lang='lat' dir='ltr'><strong>et</strong></span> <span class='ocrx_word' id='word_1_34' title='bbox 229 384 331 426; x_wconf 89' lang='lat' dir='ltr'><strong>odio</strong></span> <span class='ocrx_word' id='word_1_35' title='bbox 354 385 540 427; x_wconf 84' lang='lat' dir='ltr'><strong>universi</strong></span> <span class='ocrx_word' id='word_1_36' title='bbox 564 385 709 442; x_wconf 85' lang='lat' dir='ltr'><strong>populi</strong></span> <span class='ocrx_word' id='word_1_37' title='bbox 734 400 858 442; x_wconf 85' lang='lat' dir='ltr'><strong>paene</strong></span> <span class='ocrx_word' id='word_1_38' title='bbox 876 387 1062 429; x_wconf 89' lang='lat' dir='ltr'><strong>afflictus</strong></span> <span class='ocrx_word' id='word_1_39' title='bbox 1083 398 1161 429; x_wconf 83' lang='lat' dir='ltr'><strong>est.</strong></span> <span class='ocrx_word' id='word_1_40' title='bbox 1193 389 1300 430; x_wconf 86' lang='lat' dir='ltr'><strong>nibil</strong></span> <span class='ocrx_word' id='word_1_41' title='bbox 1318 390 1391 432; x_wconf 91' lang='lat' dir='ltr'><strong>illo</strong></span> <span class='ocrx_word' id='word_1_42' title='bbox 1415 388 1595 448; x_wconf 75' lang='lat' dir='ltr'><strong>turpius.</strong></span> 
     </span>
     <span class='ocr_line' id='line_1_6' title="bbox 163 442 1595 505; baseline 0.006 -23"><span class='ocrx_word' id='word_1_43' title='bbox 163 442 390 505; x_wconf 77' lang='lat' dir='ltr'><strong>proximus</strong></span> <span class='ocrx_word' id='word_1_44' title='bbox 420 451 558 483; x_wconf 87' lang='lat' dir='ltr'><strong>tamen</strong></span> <span class='ocrx_word' id='word_1_45' title='bbox 593 453 658 483; x_wconf 89' lang='lat' dir='ltr'><strong>est</strong></span> <span class='ocrx_word' id='word_1_46' title='bbox 694 442 808 485; x_wconf 75' lang='lat' dir='ltr'><strong>Piso.</strong></span> <span class='ocrx_word' id='word_1_47' title='bbox 841 445 985 501; x_wconf 87' lang='lat' dir='ltr'><strong>itaque</strong></span> <span class='ocrx_word' id='word_1_48' title='bbox 1017 445 1244 488; x_wconf 87' lang='lat' dir='ltr'><strong>mirificum</strong></span> <span class='ocrx_word' id='word_1_49' title='bbox 1280 450 1425 500; x_wconf 68' lang='grc' dir='ltr'><strong>ἒμξόλιον</strong></span> <span class='ocrx_word' id='word_1_50' title='bbox 1447 451 1595 505; x_wconf 82' lang='lat' dir='ltr'><strong>cogito</strong></span> 
     </span>
     <span class='ocr_line' id='line_1_7' title="bbox 160 499 1596 562; baseline 0.006 -24"><span class='ocrx_word' id='word_1_51' title='bbox 160 512 207 539; x_wconf 84' lang='lat' dir='ltr'><strong>m</strong></span> <span class='ocrx_word' id='word_1_52' title='bbox 231 499 465 541; x_wconf 79' lang='lat' dir='ltr'><strong>secundum</strong></span> <span class='ocrx_word' id='word_1_53' title='bbox 497 499 701 541; x_wconf 85' lang='lat' dir='ltr'><strong>librorum</strong></span> <span class='ocrx_word' id='word_1_54' title='bbox 737 515 928 543; x_wconf 88' lang='lat' dir='ltr'><strong>meorum</strong></span> <span class='ocrx_word' id='word_1_55' title='bbox 962 503 1191 554; x_wconf 82' lang='lat' dir='ltr'><strong>includere,</strong></span> <span class='ocrx_word' id='word_1_56' title='bbox 1215 504 1429 545; x_wconf 80' lang='lat' dir='ltr'><strong>dicentem</strong></span> <span class='ocrx_word' id='word_1_57' title='bbox 1458 506 1596 562; x_wconf 69' lang='lat' dir='ltr'><strong>Apol-</strong></span> 
     </span>
     <span class='ocr_line' id='line_1_8' title="bbox 159 554 1596 618; baseline 0.006 -23"><span class='ocrx_word' id='word_1_58' title='bbox 159 554 289 597; x_wconf 86' lang='lat' dir='ltr'><strong>linem</strong></span> <span class='ocrx_word' id='word_1_59' title='bbox 315 557 356 597; x_wconf 93' lang='lat' dir='ltr'><strong>in</strong></span> <span class='ocrx_word' id='word_1_60' title='bbox 380 556 566 597; x_wconf 81' lang='lat' dir='ltr'><strong>concilio</strong></span> <span class='ocrx_word' id='word_1_61' title='bbox 599 557 792 610; x_wconf 89' lang='lat' dir='ltr'><strong>deorum,</strong></span> <span class='ocrx_word' id='word_1_62' title='bbox 815 560 951 615; x_wconf 88' lang='lat' dir='ltr'><strong>qualis</strong></span> <span class='ocrx_word' id='word_1_63' title='bbox 974 561 1133 602; x_wconf 88' lang='lat' dir='ltr'><strong>reditus</strong></span> <span class='ocrx_word' id='word_1_64' title='bbox 1156 562 1337 603; x_wconf 90' lang='lat' dir='ltr'><strong>duorum</strong></span> <span class='ocrx_word' id='word_1_65' title='bbox 1360 562 1596 618; x_wconf 83' lang='lat' dir='ltr'><strong>imperato-</strong></span> 
     </span>
     <span class='ocr_line' id='line_1_9' title="bbox 158 614 1592 675; baseline 0.006 -22"><span class='ocrx_word' id='word_1_66' title='bbox 158 627 252 654; x_wconf 82' lang='lat' dir='ltr'><strong>rum</strong></span> <span class='ocrx_word' id='word_1_67' title='bbox 290 614 457 654; x_wconf 80' lang='lat' dir='ltr'><strong>futurus</strong></span> <span class='ocrx_word' id='word_1_68' title='bbox 486 624 620 656; x_wconf 83' lang='lat' dir='ltr'><strong>esset:</strong></span> <span class='ocrx_word' id='word_1_69' title='bbox 654 630 834 670; x_wconf 86' lang='lat' dir='ltr'><strong>quorum</strong></span> <span class='ocrx_word' id='word_1_70' title='bbox 858 619 897 647; x_wconf 81' lang='lat'><strong>33</strong></span> <span class='ocrx_word' id='word_1_71' title='bbox 912 618 1018 658; x_wconf 83' lang='lat' dir='ltr'><strong>alter</strong></span> <span class='ocrx_word' id='word_1_72' title='bbox 1049 618 1288 659; x_wconf 79' lang='lat' dir='ltr'><strong>exercitum</strong></span> <span class='ocrx_word' id='word_1_73' title='bbox 1322 621 1592 675; x_wconf 74' lang='lat' dir='ltr'><strong>perdidisset,</strong></span> 
     </span>
     <span class='ocr_line' id='line_1_10' title="bbox 156 670 1592 734; baseline 0.006 -24"><span class='ocrx_word' id='word_1_74' title='bbox 156 670 264 711; x_wconf 86' lang='lat' dir='ltr'><strong>alter</strong></span> <span class='ocrx_word' id='word_1_75' title='bbox 287 671 562 713; x_wconf 84' lang='lat' dir='ltr'><strong>vendidisset.</strong></span> <span class='ocrx_word' id='word_1_76' title='bbox 625 672 691 714; x_wconf 80' lang='lat' dir='ltr'><strong>Ex</strong></span> <span class='ocrx_word' id='word_1_77' title='bbox 728 673 952 715; x_wconf 79' lang='lat' dir='ltr'><strong>Britannia</strong></span> <span class='ocrx_word' id='word_1_78' title='bbox 977 674 1123 716; x_wconf 83' lang='lat' dir='ltr'><strong>Caesar</strong></span> <span class='ocrx_word' id='word_1_79' title='bbox 1154 676 1205 716; x_wconf 88' lang='lat' dir='ltr'><strong>ad</strong></span> <span class='ocrx_word' id='word_1_80' title='bbox 1238 691 1306 717; x_wconf 81' lang='lat' dir='ltr'><strong>me</strong></span> <span class='ocrx_word' id='word_1_81' title='bbox 1341 676 1435 718; x_wconf 76' lang='lat' dir='ltr'><strong>Kal.</strong></span> <span class='ocrx_word' id='word_1_82' title='bbox 1472 679 1592 734; x_wconf 85' lang='lat' dir='ltr'><strong>Sept.</strong></span> 
     </span>
     <span class='ocr_line' id='line_1_11' title="bbox 154 727 1590 787; baseline 0.007 -20"><span class='ocrx_word' id='word_1_83' title='bbox 154 727 275 768; x_wconf 84' lang='lat' dir='ltr'><strong>dedit</strong></span> <span class='ocrx_word' id='word_1_84' title='bbox 298 727 485 770; x_wconf 80' lang='lat' dir='ltr'><strong>litteras:</strong></span> <span class='ocrx_word' id='word_1_85' title='bbox 516 745 620 785; x_wconf 84' lang='lat' dir='ltr'><strong>quas</strong></span> <span class='ocrx_word' id='word_1_86' title='bbox 649 744 731 786; x_wconf 73' lang='lat' dir='ltr'><strong>ego</strong></span> <span class='ocrx_word' id='word_1_87' title='bbox 755 732 902 787; x_wconf 85' lang='lat' dir='ltr'><strong>accepi</strong></span> <span class='ocrx_word' id='word_1_88' title='bbox 937 748 974 773; x_wconf 86' lang='lat' dir='ltr'><strong>a.</strong></span> <span class='ocrx_word' id='word_1_89' title='bbox 1000 732 1041 772; x_wconf 81' lang='lat' dir='ltr'><strong>cl.</strong></span> <span class='ocrx_word' id='word_1_90' title='bbox 1069 746 1149 774; x_wconf 83' lang='lat'>1111</span> <span class='ocrx_word' id='word_1_91' title='bbox 1186 733 1368 775; x_wconf 82' lang='lat' dir='ltr'><strong>Kalend.</strong></span> <span class='ocrx_word' id='word_1_92' title='bbox 1405 736 1590 777; x_wconf 84' lang='lat' dir='ltr'><strong>Octobr.</strong></span> 
     </span>
     <span class='ocr_line' id='line_1_12' title="bbox 158 785 1590 846; baseline 0.006 -21"><span class='ocrx_word' id='word_1_93' title='bbox 158 785 260 825; x_wconf 85' lang='lat' dir='ltr'><strong>satis</strong></span> <span class='ocrx_word' id='word_1_94' title='bbox 283 786 532 827; x_wconf 77' lang='lat' dir='ltr'><strong>commodas</strong></span> <span class='ocrx_word' id='word_1_95' title='bbox 563 788 615 828; x_wconf 86' lang='lat' dir='ltr'><strong>de</strong></span> <span class='ocrx_word' id='word_1_96' title='bbox 647 787 910 829; x_wconf 82' lang='lat' dir='ltr'><strong>Britannicis</strong></span> <span class='ocrx_word' id='word_1_97' title='bbox 943 790 1091 831; x_wconf 87' lang='lat' dir='ltr'><strong>rebus:</strong></span> <span class='ocrx_word' id='word_1_98' title='bbox 1124 791 1296 845; x_wconf 86' lang='lat' dir='ltr'><strong>quibus,</strong></span> <span class='ocrx_word' id='word_1_99' title='bbox 1319 806 1372 832; x_wconf 89' lang='lat' dir='ltr'><strong>ne</strong></span> <span class='ocrx_word' id='word_1_100' title='bbox 1392 793 1590 846; x_wconf 80' lang='lat' dir='ltr'><strong>admirer,</strong></span> 
     </span>
     <span class='ocr_line' id='line_1_13' title="bbox 151 843 1590 901; baseline 0.006 -19"><span class='ocrx_word' id='word_1_101' title='bbox 151 843 265 896; x_wconf 89' lang='lat' dir='ltr'><strong>quod</strong></span> <span class='ocrx_word' id='word_1_102' title='bbox 291 859 315 883; x_wconf 85' lang='lat' dir='ltr'><strong>a</strong></span> <span class='ocrx_word' id='word_1_103' title='bbox 351 855 392 884; x_wconf 90' lang='lat' dir='ltr'><strong>te</strong></span> <span class='ocrx_word' id='word_1_104' title='bbox 414 844 549 885; x_wconf 80' lang='lat' dir='ltr'><strong>nullas</strong></span> <span class='ocrx_word' id='word_1_105' title='bbox 585 847 840 901; x_wconf 86' lang='lat' dir='ltr'><strong>acceperim,</strong></span> <span class='ocrx_word' id='word_1_106' title='bbox 873 847 1036 897; x_wconf 82' lang='lat' dir='ltr'><strong>scribit,</strong></span> <span class='ocrx_word' id='word_1_107' title='bbox 1060 861 1103 887; x_wconf 86' lang='lat' dir='ltr'><strong>se</strong></span> <span class='ocrx_word' id='word_1_108' title='bbox 1131 848 1222 888; x_wconf 86' lang='lat' dir='ltr'><strong>sine</strong></span> <span class='ocrx_word' id='word_1_109' title='bbox 1257 859 1298 888; x_wconf 88' lang='lat' dir='ltr'><strong>te</strong></span> <span class='ocrx_word' id='word_1_110' title='bbox 1320 848 1465 900; x_wconf 83' lang='lat' dir='ltr'><strong>fuisse,</strong></span> <span class='ocrx_word' id='word_1_111' title='bbox 1490 866 1590 893; x_wconf 88' lang='lat' dir='ltr'><strong>cum</strong></span> 
     </span>
     <span class='ocr_line' id='line_1_14' title="bbox 152 900 1587 964; baseline 0.006 -24"><span class='ocrx_word' id='word_1_112' title='bbox 152 900 206 940; x_wconf 81' lang='lat' dir='ltr'><strong>ad</strong></span> <span class='ocrx_word' id='word_1_113' title='bbox 228 915 352 941; x_wconf 75' lang='lat' dir='ltr'><strong>mare</strong></span> <span class='ocrx_word' id='word_1_114' title='bbox 375 903 615 943; x_wconf 78' lang='lat' dir='ltr'><strong>accesserit.</strong></span> <span class='ocrx_word' id='word_1_115' title='bbox 676 903 742 943; x_wconf 86' lang='lat' dir='ltr'><strong>Ad</strong></span> <span class='ocrx_word' id='word_1_116' title='bbox 777 918 846 944; x_wconf 79' lang='lat' dir='ltr'><strong>eas</strong></span> <span class='ocrx_word' id='word_1_117' title='bbox 869 918 951 957; x_wconf 70' lang='lat' dir='ltr'><strong>ego</strong></span> <span class='ocrx_word' id='word_1_118' title='bbox 985 905 1022 944; x_wconf 87' lang='lat' dir='ltr'><strong>ei</strong></span> <span class='ocrx_word' id='word_1_119' title='bbox 1060 905 1221 946; x_wconf 81' lang='lat' dir='ltr'><strong>litteras</strong></span> <span class='ocrx_word' id='word_1_120' title='bbox 1245 906 1350 947; x_wconf 82' lang='lat' dir='ltr'><strong>nihil</strong></span> <span class='ocrx_word' id='word_1_121' title='bbox 1375 909 1587 964; x_wconf 81' lang='lat' dir='ltr'><strong>rescripsi,</strong></span> 
     </span>
     <span class='ocr_line' id='line_1_15' title="bbox 150 957 1588 1018; baseline 0.007 -21"><span class='ocrx_word' id='word_1_122' title='bbox 150 970 205 997; x_wconf 88' lang='lat' dir='ltr'><strong>ne</strong></span> <span class='ocrx_word' id='word_1_123' title='bbox 241 959 484 1014; x_wconf 80' lang='lat' dir='ltr'><strong>gratulandi</strong></span> <span class='ocrx_word' id='word_1_124' title='bbox 519 960 692 1015; x_wconf 89' lang='lat' dir='ltr'><strong>quidem</strong></span> <span class='ocrx_word' id='word_1_125' title='bbox 725 975 866 1011; x_wconf 80' lang='lat' dir='ltr'><strong>causa,</strong></span> <span class='ocrx_word' id='word_1_126' title='bbox 900 957 940 992; x_wconf 71' lang='lat'><strong>34</strong></span> <span class='ocrx_word' id='word_1_127' title='bbox 955 972 1130 1018; x_wconf 84' lang='lat' dir='ltr'><strong>propter</strong></span> <span class='ocrx_word' id='word_1_128' title='bbox 1163 963 1255 1017; x_wconf 76' lang='lat' dir='ltr'><strong>ejus</strong></span> <span class='ocrx_word' id='word_1_129' title='bbox 1285 963 1465 1005; x_wconf 87' lang='lat' dir='ltr'><strong>luctum.</strong></span> <span class='ocrx_word' id='word_1_130' title='bbox 1526 965 1588 1007; x_wconf 81' lang='lat' dir='ltr'><strong>Te</strong></span> 
     </span>
     <span class='ocr_line' id='line_1_16' title="bbox 145 1016 1202 1073; baseline 0.004 -17"><span class='ocrx_word' id='word_1_131' title='bbox 145 1029 222 1056; x_wconf 92' lang='lat' dir='ltr'><strong>oro</strong></span> <span class='ocrx_word' id='word_1_132' title='bbox 245 1016 376 1058; x_wconf 83' lang='lat' dir='ltr'><strong>etiam</strong></span> <span class='ocrx_word' id='word_1_133' title='bbox 400 1028 529 1073; x_wconf 81' lang='lat' dir='ltr'><strong>atque</strong></span> <span class='ocrx_word' id='word_1_134' title='bbox 552 1017 698 1069; x_wconf 81' lang='lat' dir='ltr'><strong>etiam,</strong></span> <span class='ocrx_word' id='word_1_135' title='bbox 724 1019 782 1058; x_wconf 89' lang='lat' dir='ltr'><strong>mi</strong></span> <span class='ocrx_word' id='word_1_136' title='bbox 808 1018 954 1070; x_wconf 86' lang='lat' dir='ltr'><strong>frater,</strong></span> <span class='ocrx_word' id='word_1_137' title='bbox 980 1029 1024 1060; x_wconf 89' lang='lat' dir='ltr'><strong>ut</strong></span> <span class='ocrx_word' id='word_1_138' title='bbox 1048 1019 1202 1060; x_wconf 80' lang='lat' dir='ltr'><strong>valeas.</strong></span> 
     </span>
    </p>
   </div>
   <div class='ocr_carea' id='block_1_3' title="bbox 147 1108 1623 1379">
    <p class='ocr_par' dir='ltr' id='par_1_3' title="bbox 147 1108 1623 1379">
     <span class='ocr_line' id='line_1_17' title="bbox 663 1108 1623 1148; baseline 0.003 -3"><span class='ocrx_word' id='word_1_139' title='bbox 663 1108 1072 1147; x_wconf 81' lang='lat' dir='ltr'><strong>ARGUMENTUM.</strong></span> <span class='ocrx_word' id='word_1_140' title='bbox 1598 1114 1623 1148; x_wconf 79' lang='lat'>2</span> 
     </span>
     <span class='ocr_line' id='line_1_18' title="bbox 147 1173 1582 1216; baseline 0.001 -6"><span class='ocrx_word' id='word_1_141' title='bbox 147 1173 344 1211; x_wconf 76' lang='lat' dir='ltr'><strong>Gabinium</strong></span> <span class='ocrx_word' id='word_1_142' title='bbox 360 1173 564 1208; x_wconf 77' lang='lat' dir='ltr'><strong>redeuntem</strong></span> <span class='ocrx_word' id='word_1_143' title='bbox 586 1174 622 1208; x_wconf 79' lang='lat' dir='ltr'><strong>in</strong></span> <span class='ocrx_word' id='word_1_144' title='bbox 642 1173 774 1215; x_wconf 72' lang='lat' dir='ltr'><strong>urbem,</strong></span> <span class='ocrx_word' id='word_1_145' title='bbox 797 1175 831 1208; x_wconf 78' lang='lat' dir='ltr'><strong>in</strong></span> <span class='ocrx_word' id='word_1_146' title='bbox 853 1173 990 1209; x_wconf 73' lang='lat' dir='ltr'><strong>Senatu</strong></span> <span class='ocrx_word' id='word_1_147' title='bbox 1009 1174 1104 1209; x_wconf 77' lang='lat' dir='ltr'><strong>male</strong></span> <span class='ocrx_word' id='word_1_148' title='bbox 1116 1180 1295 1216; x_wconf 67' lang='lat' dir='ltr'><strong>vexatum,</strong></span> <span class='ocrx_word' id='word_1_149' title='bbox 1312 1179 1346 1210; x_wconf 78' lang='lat' dir='ltr'><strong>et</strong></span> <span class='ocrx_word' id='word_1_150' title='bbox 1365 1188 1387 1210; x_wconf 87' lang='lat' dir='ltr'><em>a</em></span> <span class='ocrx_word' id='word_1_151' title='bbox 1407 1174 1582 1212; x_wconf 78' lang='lat' dir='ltr'><strong>Memmio</strong></span> 
     </span>
     <span class='ocr_line' id='line_1_19' title="bbox 197 1225 1582 1276; baseline 0.001 -15"><span class='ocrx_word' id='word_1_152' title='bbox 197 1225 340 1262; x_wconf 81' lang='lat' dir='ltr'><strong>tribuno</strong></span> <span class='ocrx_word' id='word_1_153' title='bbox 356 1226 409 1272; x_wconf 82' lang='lat' dir='ltr'><strong>pl.</strong></span> <span class='ocrx_word' id='word_1_154' title='bbox 430 1227 479 1261; x_wconf 73' lang='lat' dir='ltr'><strong>acl</strong></span> <span class='ocrx_word' id='word_1_155' title='bbox 495 1226 666 1272; x_wconf 70' lang='lat' dir='ltr'><strong>populum</strong></span> <span class='ocrx_word' id='word_1_156' title='bbox 685 1226 780 1261; x_wconf 61' lang='grc' dir='ltr'><strong>’ῃςαῖε</strong></span> <span class='ocrx_word' id='word_1_157' title='bbox 808 1230 1007 1262; x_wconf 68' lang='lat' dir='ltr'><strong>tractatum</strong></span> <span class='ocrx_word' id='word_1_158' title='bbox 1026 1238 1109 1270; x_wconf 79' lang='lat' dir='ltr'><strong>esse,</strong></span> <span class='ocrx_word' id='word_1_159' title='bbox 1130 1239 1173 1261; x_wconf 82' lang='lat' dir='ltr'><strong>ac</strong></span> <span class='ocrx_word' id='word_1_160' title='bbox 1191 1225 1388 1272; x_wconf 72' lang='lat' dir='ltr'><strong>clejudtcio</strong></span> <span class='ocrx_word' id='word_1_161' title='bbox 1408 1226 1481 1273; x_wconf 68' lang='lat' dir='ltr'><strong>ejus</strong></span> <span class='ocrx_word' id='word_1_162' title='bbox 1495 1240 1582 1276; x_wconf 73' lang='lat' dir='ltr'><strong>pro-</strong></span> 
     </span>
     <span class='ocr_line' id='line_1_20' title="bbox 191 1277 1583 1329; baseline 0.002 -16"><span class='ocrx_word' id='word_1_163' title='bbox 191 1279 293 1314; x_wconf 77' lang='lat' dir='ltr'><strong>xime</strong></span> <span class='ocrx_word' id='word_1_164' title='bbox 307 1277 458 1327; x_wconf 73' lang='lat' dir='ltr'><strong>futuro,</strong></span> <span class='ocrx_word' id='word_1_165' title='bbox 489 1283 754 1314; x_wconf 70' lang='lat' dir='ltr'><strong>commemomt.</strong></span> <span class='ocrx_word' id='word_1_166' title='bbox 808 1278 956 1315; x_wconf 60' lang='lat' dir='ltr'><strong>Lzemle</strong></span> <span class='ocrx_word' id='word_1_167' title='bbox 983 1280 1045 1327; x_wconf 77' lang='lat' dir='ltr'><strong>qui</strong></span> <span class='ocrx_word' id='word_1_168' title='bbox 1074 1280 1117 1315; x_wconf 82' lang='lat' dir='ltr'><strong>de</strong></span> <span class='ocrx_word' id='word_1_169' title='bbox 1145 1279 1283 1316; x_wconf 77' lang='lat' dir='ltr'><strong>ambitu</strong></span> <span class='ocrx_word' id='word_1_170' title='bbox 1309 1281 1361 1316; x_wconf 82' lang='lat' dir='ltr'><strong>rei</strong></span> <span class='ocrx_word' id='word_1_171' title='bbox 1389 1282 1473 1323; x_wconf 78' lang='lat' dir='ltr'><strong>sint,</strong></span> <span class='ocrx_word' id='word_1_172' title='bbox 1505 1293 1583 1329; x_wconf 57' lang='grc' dir='ltr'><strong>φησι</strong></span> 
     </span>
     <span class='ocr_line' id='line_1_21' title="bbox 195 1332 852 1379; baseline -0.003 -12"><span class='ocrx_word' id='word_1_173' title='bbox 195 1332 422 1367; x_wconf 74' lang='lat' dir='ltr'><strong>comitiorum</strong></span> <span class='ocrx_word' id='word_1_174' title='bbox 439 1342 520 1379; x_wconf 71' lang='lat' dir='ltr'><strong>spes</strong></span> <span class='ocrx_word' id='word_1_175' title='bbox 536 1332 598 1372; x_wconf 75' lang='lat' dir='ltr'><strong>sit,</strong></span> <span class='ocrx_word' id='word_1_176' title='bbox 619 1332 852 1366; x_wconf 65' lang='lat' dir='ltr'><strong>demonstrat.</strong></span> 
     </span>
    </p>
   </div>
   <div class='ocr_carea' id='block_1_4' title="bbox 511 1397 1201 1445">
    <p class='ocr_par' dir='ltr' id='par_1_4' title="bbox 511 1397 1201 1445">
     <span class='ocr_line' id='line_1_22' title="bbox 511 1397 1201 1445; baseline 0.003 -7"><span class='ocrx_word' id='word_1_177' title='bbox 511 1398 770 1440; x_wconf 62' lang='lat' dir='ltr'>MARCUS</span> <span class='ocrx_word' id='word_1_178' title='bbox 804 1399 860 1445; x_wconf 81' lang='lat' dir='ltr'><strong>Q.</strong></span> <span class='ocrx_word' id='word_1_179' title='bbox 894 1397 1123 1440; x_wconf 78' lang='lat' dir='ltr'>FRATRI</span> <span class='ocrx_word' id='word_1_180' title='bbox 1157 1398 1201 1440; x_wconf 92' lang='lat' dir='ltr'><strong>S.</strong></span> 
     </span>
    </p>
   </div>
   <div class='ocr_carea' id='block_1_5' title="bbox 119 1458 1620 2619">
    <p class='ocr_par' dir='ltr' id='par_1_5' title="bbox 119 1458 1620 2619">
     <span class='ocr_line' id='line_1_23' title="bbox 143 1458 1576 1525; baseline 0.001 -14"><span class='ocrx_word' id='word_1_181' title='bbox 143 1458 208 1512; x_wconf 89' lang='lat' dir='ltr'><strong>A.</strong></span> <span class='ocrx_word' id='word_1_182' title='bbox 234 1468 291 1511; x_wconf 88' lang='lat' dir='ltr'><strong>D.</strong></span> <span class='ocrx_word' id='word_1_183' title='bbox 316 1483 364 1510; x_wconf 83' lang='lat' dir='ltr'><strong>VI</strong></span> <span class='ocrx_word' id='word_1_184' title='bbox 390 1467 458 1510; x_wconf 82' lang='lat' dir='ltr'><strong>Id.</strong></span> <span class='ocrx_word' id='word_1_185' title='bbox 482 1468 643 1510; x_wconf 86' lang='lat' dir='ltr'><strong>Octob.</strong></span> <span class='ocrx_word' id='word_1_186' title='bbox 668 1468 835 1509; x_wconf 82' lang='lat' dir='ltr'><strong>Salvius</strong></span> <span class='ocrx_word' id='word_1_187' title='bbox 852 1467 1020 1509; x_wconf 75' lang='lat' dir='ltr'><strong>Ostiam</strong></span> <span class='ocrx_word' id='word_1_188' title='bbox 1046 1470 1208 1525; x_wconf 78' lang='lat' dir='ltr'><strong>vesperi</strong></span> <span class='ocrx_word' id='word_1_189' title='bbox 1234 1469 1331 1510; x_wconf 83' lang='lat' dir='ltr'><strong>navi</strong></span> <span class='ocrx_word' id='word_1_190' title='bbox 1355 1469 1576 1525; x_wconf 83' lang='lat' dir='ltr'><strong>profectus</strong></span> 
     </span>
     <span class='ocr_line' id='line_1_24' title="bbox 137 1525 1575 1582; baseline 0.002 -16"><span class='ocrx_word' id='word_1_191' title='bbox 137 1536 230 1568; x_wconf 80' lang='lat' dir='ltr'><strong>erat.</strong></span> <span class='ocrx_word' id='word_1_192' title='bbox 251 1542 350 1568; x_wconf 85' lang='lat' dir='ltr'><strong>cum</strong></span> <span class='ocrx_word' id='word_1_193' title='bbox 373 1527 424 1567; x_wconf 88' lang='lat' dir='ltr'><strong>iis</strong></span> <span class='ocrx_word' id='word_1_194' title='bbox 446 1525 586 1575; x_wconf 88' lang='lat' dir='ltr'><strong>rebus,</strong></span> <span class='ocrx_word' id='word_1_195' title='bbox 609 1541 714 1582; x_wconf 84' lang='lat' dir='ltr'><strong>quas</strong></span> <span class='ocrx_word' id='word_1_196' title='bbox 746 1526 824 1566; x_wconf 89' lang='lat' dir='ltr'><strong>tibi</strong></span> <span class='ocrx_word' id='word_1_197' title='bbox 848 1527 977 1567; x_wconf 87' lang='lat' dir='ltr'><strong>domo</strong></span> <span class='ocrx_word' id='word_1_198' title='bbox 1000 1526 1115 1567; x_wconf 86' lang='lat' dir='ltr'><strong>mitti</strong></span> <span class='ocrx_word' id='word_1_199' title='bbox 1139 1526 1348 1567; x_wconf 80' lang='lat' dir='ltr'><strong>volueras.</strong></span> <span class='ocrx_word' id='word_1_200' title='bbox 1409 1526 1575 1569; x_wconf 80' lang='lat' dir='ltr'><strong>Eodem</strong></span> 
     </span>
     <span class='ocr_line' id='line_1_25' title="bbox 135 1583 1620 1639; baseline 0.003 -15"><span class='ocrx_word' id='word_1_201' title='bbox 135 1583 208 1624; x_wconf 86' lang='lat' dir='ltr'><strong>die</strong></span> <span class='ocrx_word' id='word_1_202' title='bbox 250 1584 489 1625; x_wconf 84' lang='lat' dir='ltr'><strong>Gabinium</strong></span> <span class='ocrx_word' id='word_1_203' title='bbox 521 1584 572 1624; x_wconf 85' lang='lat' dir='ltr'><strong>ad</strong></span> <span class='ocrx_word' id='word_1_204' title='bbox 608 1583 812 1639; x_wconf 84' lang='lat' dir='ltr'><strong>populum</strong></span> <span class='ocrx_word' id='word_1_205' title='bbox 853 1583 1069 1624; x_wconf 82' lang='lat' dir='ltr'><strong>luculente</strong></span> <span class='ocrx_word' id='word_1_206' title='bbox 1099 1583 1367 1625; x_wconf 82' lang='lat' dir='ltr'><strong>calefecerat.</strong></span> <span class='ocrx_word' id='word_1_207' title='bbox 1431 1583 1574 1626; x_wconf 89' lang='lat' dir='ltr'><strong>Mem·</strong></span> <span class='ocrx_word' id='word_1_208' title='bbox 1586 1596 1620 1629; x_wconf 84' lang='lat' dir='ltr'><strong>b.</strong></span> 
     </span>
     <span class='ocr_line' id='line_1_26' title="bbox 137 1640 1572 1697; baseline 0.001 -16"><span class='ocrx_word' id='word_1_209' title='bbox 137 1641 262 1693; x_wconf 87' lang='lat' dir='ltr'><strong>mius,</strong></span> <span class='ocrx_word' id='word_1_210' title='bbox 284 1642 360 1693; x_wconf 89' lang='lat' dir='ltr'><strong>sic,</strong></span> <span class='ocrx_word' id='word_1_211' title='bbox 397 1650 443 1682; x_wconf 86' lang='lat' dir='ltr'><strong>ut</strong></span> <span class='ocrx_word' id='word_1_212' title='bbox 476 1640 645 1682; x_wconf 77' lang='lat' dir='ltr'><strong>Calidio</strong></span> <span class='ocrx_word' id='word_1_213' title='bbox 679 1642 856 1681; x_wconf 88' lang='lat' dir='ltr'><strong>verbum</strong></span> <span class='ocrx_word' id='word_1_214' title='bbox 900 1640 1040 1682; x_wconf 84' lang='lat' dir='ltr'><strong>facere</strong></span> <span class='ocrx_word' id='word_1_215' title='bbox 1072 1655 1150 1697; x_wconf 90' lang='lat' dir='ltr'><strong>pro</strong></span> <span class='ocrx_word' id='word_1_216' title='bbox 1181 1656 1232 1682; x_wconf 90' lang='lat' dir='ltr'><strong>eo</strong></span> <span class='ocrx_word' id='word_1_217' title='bbox 1272 1656 1357 1682; x_wconf 90' lang='lat' dir='ltr'><strong>non</strong></span> <span class='ocrx_word' id='word_1_218' title='bbox 1389 1641 1572 1683; x_wconf 85' lang='lat' dir='ltr'><strong>licuerit.</strong></span> 
     </span>
     <span class='ocr_line' id='line_1_27' title="bbox 136 1697 1573 1753; baseline 0.001 -14"><span class='ocrx_word' id='word_1_219' title='bbox 136 1697 354 1741; x_wconf 85' lang='lat' dir='ltr'><strong>Postridie</strong></span> <span class='ocrx_word' id='word_1_220' title='bbox 387 1708 527 1740; x_wconf 84' lang='lat' dir='ltr'><strong>autem</strong></span> <span class='ocrx_word' id='word_1_221' title='bbox 554 1699 646 1753; x_wconf 75' lang='lat' dir='ltr'><strong>ejus</strong></span> <span class='ocrx_word' id='word_1_222' title='bbox 680 1698 780 1748; x_wconf 88' lang='lat' dir='ltr'><strong>diei,</strong></span> <span class='ocrx_word' id='word_1_223' title='bbox 803 1698 876 1752; x_wconf 89' lang='lat' dir='ltr'><strong>qui</strong></span> <span class='ocrx_word' id='word_1_224' title='bbox 898 1708 988 1739; x_wconf 86' lang='lat' dir='ltr'><strong>erat</strong></span> <span class='ocrx_word' id='word_1_225' title='bbox 1025 1708 1113 1739; x_wconf 88' lang='lat' dir='ltr'><strong>tum</strong></span> <span class='ocrx_word' id='word_1_226' title='bbox 1137 1698 1321 1749; x_wconf 82' lang='lat' dir='ltr'><strong>futurus,</strong></span> <span class='ocrx_word' id='word_1_227' title='bbox 1354 1713 1452 1739; x_wconf 88' lang='lat' dir='ltr'><strong>cum</strong></span> <span class='ocrx_word' id='word_1_228' title='bbox 1475 1699 1573 1741; x_wconf 87' lang='lat' dir='ltr'><strong>haec</strong></span> 
     </span>
     <span class='ocr_line' id='line_1_28' title="bbox 134 1755 1573 1810; baseline 0.001 -14"><span class='ocrx_word' id='word_1_229' title='bbox 134 1757 375 1798; x_wconf 83' lang='lat' dir='ltr'><strong>scribebam</strong></span> <span class='ocrx_word' id='word_1_230' title='bbox 398 1766 496 1797; x_wconf 85' lang='lat' dir='ltr'><strong>ante</strong></span> <span class='ocrx_word' id='word_1_231' title='bbox 518 1756 674 1805; x_wconf 86' lang='lat' dir='ltr'><strong>lucem,</strong></span> <span class='ocrx_word' id='word_1_232' title='bbox 696 1756 808 1810; x_wconf 86' lang='lat' dir='ltr'><strong>apud</strong></span> <span class='ocrx_word' id='word_1_233' title='bbox 834 1755 1045 1797; x_wconf 87' lang='lat' dir='ltr'><strong>Catonem</strong></span> <span class='ocrx_word' id='word_1_234' title='bbox 1065 1766 1156 1797; x_wconf 83' lang='lat' dir='ltr'><strong>erat</strong></span> <span class='ocrx_word' id='word_1_235' title='bbox 1178 1756 1389 1797; x_wconf 76' lang='lat' dir='ltr'><strong>divinatio</strong></span> <span class='ocrx_word' id='word_1_236' title='bbox 1412 1756 1454 1796; x_wconf 89' lang='lat' dir='ltr'><strong>in</strong></span> <span class='ocrx_word' id='word_1_237' title='bbox 1480 1757 1573 1798; x_wconf 84' lang='lat' dir='ltr'><strong>Ga-</strong></span> 
     </span>
     <span class='ocr_line' id='line_1_29' title="bbox 133 1812 1571 1865; baseline 0.001 -11"><span class='ocrx_word' id='word_1_238' title='bbox 133 1813 299 1855; x_wconf 85' lang='lat' dir='ltr'><strong>binium</strong></span> <span class='ocrx_word' id='word_1_239' title='bbox 336 1813 481 1855; x_wconf 84' lang='lat' dir='ltr'><strong>futura</strong></span> <span class='ocrx_word' id='word_1_240' title='bbox 513 1814 624 1854; x_wconf 88' lang='lat' dir='ltr'><strong>inter</strong></span> <span class='ocrx_word' id='word_1_241' title='bbox 658 1812 935 1865; x_wconf 79' lang='lat' dir='ltr'><strong>Memmium,</strong></span> <span class='ocrx_word' id='word_1_242' title='bbox 958 1823 1001 1854; x_wconf 87' lang='lat' dir='ltr'><strong>et</strong></span> <span class='ocrx_word' id='word_1_243' title='bbox 1033 1813 1100 1855; x_wconf 86' lang='lat' dir='ltr'><strong>Ti.</strong></span> <span class='ocrx_word' id='word_1_244' title='bbox 1126 1814 1360 1863; x_wconf 79' lang='lat' dir='ltr'><strong>Neronem,</strong></span> <span class='ocrx_word' id='word_1_245' title='bbox 1383 1824 1426 1854; x_wconf 82' lang='lat' dir='ltr'><strong>et</strong></span> <span class='ocrx_word' id='word_1_246' title='bbox 1451 1813 1503 1855; x_wconf 91' lang='lat' dir='ltr'><strong>C.</strong></span> <span class='ocrx_word' id='word_1_247' title='bbox 1526 1824 1571 1855; x_wconf 88' lang='lat' dir='ltr'><strong>et</strong></span> 
     </span>
     <span class='ocr_line' id='line_1_30' title="bbox 133 1869 1568 1923; baseline 0 -11"><span class='ocrx_word' id='word_1_248' title='bbox 133 1870 184 1913; x_wconf 85' lang='lat' dir='ltr'><strong>L.</strong></span> <span class='ocrx_word' id='word_1_249' title='bbox 206 1871 437 1922; x_wconf 86' lang='lat' dir='ltr'><strong>Antonios,</strong></span> <span class='ocrx_word' id='word_1_250' title='bbox 464 1870 530 1912; x_wconf 90' lang='lat' dir='ltr'><strong>M.</strong></span> <span class='ocrx_word' id='word_1_251' title='bbox 561 1871 609 1912; x_wconf 87' lang='lat' dir='ltr'><strong>F.</strong></span> <span class='ocrx_word' id='word_1_252' title='bbox 655 1869 922 1911; x_wconf 72' lang='lat' dir='ltr'><strong>putabamus</strong></span> <span class='ocrx_word' id='word_1_253' title='bbox 946 1870 1051 1923; x_wconf 88' lang='lat' dir='ltr'><strong>fore,</strong></span> <span class='ocrx_word' id='word_1_254' title='bbox 1074 1881 1121 1912; x_wconf 91' lang='lat' dir='ltr'><strong>ut</strong></span> <span class='ocrx_word' id='word_1_255' title='bbox 1144 1871 1357 1912; x_wconf 58' lang='lat' dir='ltr'><strong>Mssemmio</strong></span> <span class='ocrx_word' id='word_1_256' title='bbox 1380 1871 1568 1923; x_wconf 83' lang='lat' dir='ltr'><strong>daretur,</strong></span> 
     </span>
     <span class='ocr_line' id='line_1_31' title="bbox 128 1928 1567 1984; baseline -0.001 -13"><span class='ocrx_word' id='word_1_257' title='bbox 128 1930 210 1970; x_wconf 84' lang='lat' dir='ltr'><strong>etsi</strong></span> <span class='ocrx_word' id='word_1_258' title='bbox 248 1940 338 1971; x_wconf 84' lang='lat' dir='ltr'><strong>erat</strong></span> <span class='ocrx_word' id='word_1_259' title='bbox 376 1928 562 1970; x_wconf 74' lang='lat' dir='ltr'><strong>Neronis</strong></span> <span class='ocrx_word' id='word_1_260' title='bbox 601 1928 710 1969; x_wconf 75' lang='lat' dir='ltr'><strong>mira</strong></span> <span class='ocrx_word' id='word_1_261' title='bbox 746 1929 984 1970; x_wconf 86' lang='lat' dir='ltr'><strong>contentio.</strong></span> <span class='ocrx_word' id='word_1_262' title='bbox 1047 1929 1164 1975; x_wconf 82' lang='lat' dir='ltr'><strong>Quid</strong></span> <span class='ocrx_word' id='word_1_263' title='bbox 1199 1929 1384 1984; x_wconf 81' lang='lat' dir='ltr'><strong>quaeris?</strong></span> <span class='ocrx_word' id='word_1_264' title='bbox 1432 1929 1567 1984; x_wconf 87' lang='lat' dir='ltr'><strong>probe</strong></span> 
     </span>
     <span class='ocr_line' id='line_1_32' title="bbox 130 1985 1565 2042; baseline -0.001 -14"><span class='ocrx_word' id='word_1_265' title='bbox 130 1988 354 2042; x_wconf 86' lang='lat' dir='ltr'><strong>premitur,</strong></span> <span class='ocrx_word' id='word_1_266' title='bbox 378 1987 458 2028; x_wconf 91' lang='lat' dir='ltr'><strong>nisi</strong></span> <span class='ocrx_word' id='word_1_267' title='bbox 484 1996 627 2027; x_wconf 86' lang='lat' dir='ltr'><strong>noster</strong></span> <span class='ocrx_word' id='word_1_268' title='bbox 653 1985 900 2042; x_wconf 81' lang='lat' dir='ltr'><strong>Pompeius,</strong></span> <span class='ocrx_word' id='word_1_269' title='bbox 925 1986 1020 2037; x_wconf 80' lang='lat' dir='ltr'><strong>diis,</strong></span> <span class='ocrx_word' id='word_1_270' title='bbox 1045 1987 1379 2041; x_wconf 85' lang='lat' dir='ltr'><strong>hominibusque</strong></span> <span class='ocrx_word' id='word_1_271' title='bbox 1401 1985 1565 2037; x_wconf 84' lang='lat' dir='ltr'><strong>invitis,</strong></span> 
     </span>
     <span class='ocr_line' id='line_1_33' title="bbox 129 2043 1566 2101; baseline 0 -16"><span class='ocrx_word' id='word_1_272' title='bbox 129 2046 354 2101; x_wconf 84' lang='lat' dir='ltr'><strong>negotium</strong></span> <span class='ocrx_word' id='word_1_273' title='bbox 378 2044 593 2085; x_wconf 73' lang='lat' dir='ltr'><strong>everterit.</strong></span> <span class='ocrx_word' id='word_1_274' title='bbox 655 2043 885 2100; x_wconf 80' lang='lat' dir='ltr'><strong>Cognosce</strong></span> <span class='ocrx_word' id='word_1_275' title='bbox 908 2058 1022 2085; x_wconf 85' lang='lat' dir='ltr'><strong>nunc</strong></span> <span class='ocrx_word' id='word_1_276' title='bbox 1044 2044 1232 2085; x_wconf 83' lang='lat' dir='ltr'><strong>hominis</strong></span> <span class='ocrx_word' id='word_1_277' title='bbox 1260 2043 1499 2095; x_wconf 83' lang='lat' dir='ltr'><strong>audaciam,</strong></span> <span class='ocrx_word' id='word_1_278' title='bbox 1522 2055 1566 2085; x_wconf 86' lang='lat' dir='ltr'><strong>et</strong></span> 
     </span>
     <span class='ocr_line' id='line_1_34' title="bbox 128 2101 1564 2158; baseline 0 -16"><span class='ocrx_word' id='word_1_279' title='bbox 128 2103 291 2158; x_wconf 86' lang='lat' dir='ltr'><strong>aliquid</strong></span> <span class='ocrx_word' id='word_1_280' title='bbox 334 2104 377 2143; x_wconf 88' lang='lat' dir='ltr'><strong>in</strong></span> <span class='ocrx_word' id='word_1_281' title='bbox 418 2101 637 2157; x_wconf 83' lang='lat' dir='ltr'><strong>republica</strong></span> <span class='ocrx_word' id='word_1_282' title='bbox 681 2102 849 2157; x_wconf 87' lang='lat' dir='ltr'><strong>perdita</strong></span> <span class='ocrx_word' id='word_1_283' title='bbox 886 2101 1113 2143; x_wconf 88' lang='lat' dir='ltr'><strong>delectare.</strong></span> <span class='ocrx_word' id='word_1_284' title='bbox 1177 2101 1289 2142; x_wconf 87' lang='lat' dir='ltr'><strong>Cum</strong></span> <span class='ocrx_word' id='word_1_285' title='bbox 1333 2101 1564 2152; x_wconf 74' lang='lat' dir='ltr'><strong>Gabinius,</strong></span> 
     </span>
     <span class='ocr_line' id='line_1_35' title="bbox 127 2158 1563 2216; baseline -0.001 -16"><span class='ocrx_word' id='word_1_286' title='bbox 127 2175 400 2216; x_wconf 80' lang='lat' dir='ltr'><strong>quacumque</strong></span> <span class='ocrx_word' id='word_1_287' title='bbox 424 2161 639 2209; x_wconf 78' lang='lat' dir='ltr'><strong>veniebat,</strong></span> <span class='ocrx_word' id='word_1_288' title='bbox 659 2158 926 2214; x_wconf 80' lang='lat' dir='ltr'><strong>triumphurn</strong></span> <span class='ocrx_word' id='word_1_289' title='bbox 951 2174 993 2200; x_wconf 88' lang='lat' dir='ltr'><strong>se</strong></span> <span class='ocrx_word' id='word_1_290' title='bbox 1016 2159 1231 2216; x_wconf 75' lang='lat' dir='ltr'><strong>postulare</strong></span> <span class='ocrx_word' id='word_1_291' title='bbox 1250 2159 1445 2208; x_wconf 79' lang='lat' dir='ltr'><strong>dixisset,</strong></span> <span class='ocrx_word' id='word_1_292' title='bbox 1463 2160 1563 2199; x_wconf 89' lang='lat' dir='ltr'><strong>sub-</strong></span> 
     </span>
     <span class='ocr_line' id='line_1_36' title="bbox 124 2216 1561 2273; baseline -0.001 -15"><span class='ocrx_word' id='word_1_293' title='bbox 124 2217 274 2273; x_wconf 84' lang='lat' dir='ltr'><strong>itoque</strong></span> <span class='ocrx_word' id='word_1_294' title='bbox 297 2219 434 2260; x_wconf 87' lang='lat' dir='ltr'><strong>bonus</strong></span> <span class='ocrx_word' id='word_1_295' title='bbox 468 2218 702 2273; x_wconf 83' lang='lat' dir='ltr'><strong>imperator</strong></span> <span class='ocrx_word' id='word_1_296' title='bbox 730 2227 860 2258; x_wconf 82' lang='lat' dir='ltr'><strong>noctu</strong></span> <span class='ocrx_word' id='word_1_297' title='bbox 885 2217 981 2257; x_wconf 75' lang='lat' dir='ltr'><strong>35in</strong></span> <span class='ocrx_word' id='word_1_298' title='bbox 1019 2218 1181 2267; x_wconf 87' lang='lat' dir='ltr'><strong>urbem,</strong></span> <span class='ocrx_word' id='word_1_299' title='bbox 1205 2217 1392 2257; x_wconf 84' lang='lat' dir='ltr'><strong>hostium</strong></span> <span class='ocrx_word' id='word_1_300' title='bbox 1423 2216 1561 2272; x_wconf 84' lang='lat' dir='ltr'><strong>plane,</strong></span> 
     </span>
     <span class='ocr_line' id='line_1_37' title="bbox 124 2273 1561 2329; baseline -0.001 -14"><span class='ocrx_word' id='word_1_301' title='bbox 124 2275 366 2326; x_wconf 84' lang='lat' dir='ltr'><strong>invasisset,</strong></span> <span class='ocrx_word' id='word_1_302' title='bbox 389 2276 433 2316; x_wconf 91' lang='lat' dir='ltr'><strong>in</strong></span> <span class='ocrx_word' id='word_1_303' title='bbox 465 2284 660 2315; x_wconf 76' lang='lat' dir='ltr'><strong>senatum</strong></span> <span class='ocrx_word' id='word_1_304' title='bbox 698 2288 741 2315; x_wconf 84' lang='lat' dir='ltr'><strong>se</strong></span> <span class='ocrx_word' id='word_1_305' title='bbox 765 2289 849 2314; x_wconf 89' lang='lat' dir='ltr'><strong>non</strong></span> <span class='ocrx_word' id='word_1_306' title='bbox 884 2275 1200 2316; x_wconf 86' lang='lat' dir='ltr'><strong>committebat.</strong></span> <span class='ocrx_word' id='word_1_307' title='bbox 1263 2273 1441 2314; x_wconf 84' lang='lat' dir='ltr'><strong>Interim</strong></span> <span class='ocrx_word' id='word_1_308' title='bbox 1466 2274 1561 2329; x_wconf 82' lang='lat' dir='ltr'><strong>ipso</strong></span> 
     </span>
     <span class='ocr_line' id='line_1_38' title="bbox 122 2331 1560 2388; baseline -0.001 -15"><span class='ocrx_word' id='word_1_309' title='bbox 122 2333 292 2374; x_wconf 81' lang='lat' dir='ltr'><strong>decimo</strong></span> <span class='ocrx_word' id='word_1_310' title='bbox 315 2334 399 2384; x_wconf 90' lang='lat' dir='ltr'><strong>die,</strong></span> <span class='ocrx_word' id='word_1_311' title='bbox 420 2348 505 2388; x_wconf 87' lang='lat' dir='ltr'><strong>quo</strong></span> <span class='ocrx_word' id='word_1_312' title='bbox 529 2333 669 2388; x_wconf 86' lang='lat' dir='ltr'><strong>ipsum</strong></span> <span class='ocrx_word' id='word_1_313' title='bbox 693 2333 921 2388; x_wconf 82' lang='lat' dir='ltr'><strong>oportebat</strong></span> <span class='ocrx_word' id='word_1_314' title='bbox 945 2332 1131 2373; x_wconf 77' lang='lat' dir='ltr'><strong>hostium</strong></span> <span class='ocrx_word' id='word_1_315' title='bbox 1153 2346 1392 2381; x_wconf 83' lang='lat' dir='ltr'><strong>numerum,</strong></span> <span class='ocrx_word' id='word_1_316' title='bbox 1415 2341 1458 2372; x_wconf 89' lang='lat' dir='ltr'><strong>et</strong></span> <span class='ocrx_word' id='word_1_317' title='bbox 1481 2331 1560 2372; x_wconf 80' lang='lat' dir='ltr'><strong>ini-</strong></span> 
     </span>
     <span class='ocr_line' id='line_1_39' title="bbox 120 2389 1559 2444; baseline 0 -13"><span class='ocrx_word' id='word_1_318' title='bbox 120 2390 245 2431; x_wconf 87' lang='lat' dir='ltr'><strong>litum</strong></span> <span class='ocrx_word' id='word_1_319' title='bbox 270 2392 529 2441; x_wconf 85' lang='lat' dir='ltr'><strong>renuntiare,</strong></span> <span class='ocrx_word' id='word_1_320' title='bbox 551 2389 648 2430; x_wconf 74' lang='lat' dir='ltr'><strong>36in</strong></span> <span class='ocrx_word' id='word_1_321' title='bbox 682 2403 725 2430; x_wconf 90' lang='lat' dir='ltr'><strong>re</strong></span> <span class='ocrx_word' id='word_1_322' title='bbox 753 2389 894 2441; x_wconf 87' lang='lat' dir='ltr'><strong>haesit,</strong></span> <span class='ocrx_word' id='word_1_323' title='bbox 925 2404 1091 2430; x_wconf 77' lang='lat' dir='ltr'><strong>summa</strong></span> <span class='ocrx_word' id='word_1_324' title='bbox 1123 2389 1424 2444; x_wconf 75' lang='lat' dir='ltr'><strong>infrequentia.</strong></span> <span class='ocrx_word' id='word_1_325' title='bbox 1458 2403 1559 2431; x_wconf 85' lang='lat' dir='ltr'><strong>cum</strong></span> 
     </span>
     <span class='ocr_line' id='line_1_40' title="bbox 124 2446 1556 2501; baseline 0 -14"><span class='ocrx_word' id='word_1_326' title='bbox 124 2448 250 2489; x_wconf 84' lang='lat' dir='ltr'><strong>vellet</strong></span> <span class='ocrx_word' id='word_1_327' title='bbox 271 2449 404 2499; x_wconf 79' lang='lat' dir='ltr'><strong>exire,</strong></span> <span class='ocrx_word' id='word_1_328' title='bbox 427 2464 453 2489; x_wconf 84' lang='lat' dir='ltr'><strong>a</strong></span> <span class='ocrx_word' id='word_1_329' title='bbox 473 2447 720 2490; x_wconf 86' lang='lat' dir='ltr'><strong>consulibus</strong></span> <span class='ocrx_word' id='word_1_330' title='bbox 743 2457 932 2488; x_wconf 81' lang='lat' dir='ltr'><strong>retentus</strong></span> <span class='ocrx_word' id='word_1_331' title='bbox 950 2458 1037 2488; x_wconf 87' lang='lat' dir='ltr'><strong>est:</strong></span> <span class='ocrx_word' id='word_1_332' title='bbox 1063 2447 1295 2488; x_wconf 85' lang='lat' dir='ltr'><strong>introducti</strong></span> <span class='ocrx_word' id='word_1_333' title='bbox 1322 2446 1556 2501; x_wconf 87' lang='lat' dir='ltr'><strong>publicani.</strong></span> 
     </span>
     <span class='ocr_line' id='line_1_41' title="bbox 122 2503 1556 2561; baseline -0.002 -15"><span class='ocrx_word' id='word_1_334' title='bbox 122 2504 273 2547; x_wconf 89' lang='lat' dir='ltr'><strong>Homo</strong></span> <span class='ocrx_word' id='word_1_335' title='bbox 294 2511 332 2541; x_wconf 79' lang='grc'><strong>37</strong></span> <span class='ocrx_word' id='word_1_336' title='bbox 349 2506 538 2561; x_wconf 83' lang='lat' dir='ltr'><strong>undique</strong></span> <span class='ocrx_word' id='word_1_337' title='bbox 574 2515 709 2556; x_wconf 63' lang='lat' dir='ltr'><strong>actm,</strong></span> <span class='ocrx_word' id='word_1_338' title='bbox 743 2520 841 2546; x_wconf 86' lang='lat' dir='ltr'><strong>cum</strong></span> <span class='ocrx_word' id='word_1_339' title='bbox 872 2521 896 2545; x_wconf 82' lang='lat' dir='ltr'><strong>a</strong></span> <span class='ocrx_word' id='word_1_340' title='bbox 929 2519 994 2545; x_wconf 84' lang='lat' dir='ltr'><strong>me</strong></span> <span class='ocrx_word' id='word_1_341' title='bbox 1028 2505 1216 2545; x_wconf 79' lang='lat' dir='ltr'><strong>maxime</strong></span> <span class='ocrx_word' id='word_1_342' title='bbox 1252 2503 1556 2554; x_wconf 81' lang='lat' dir='ltr'><strong>vulneraretur,</strong></span> 
     </span>
     <span class='ocr_line' id='line_1_42' title="bbox 119 2561 1555 2619; baseline -0.002 -14"><span class='ocrx_word' id='word_1_343' title='bbox 119 2577 208 2605; x_wconf 86' lang='lat' dir='ltr'><strong>non</strong></span> <span class='ocrx_word' id='word_1_344' title='bbox 232 2564 343 2616; x_wconf 86' lang='lat' dir='ltr'><strong>tulit,</strong></span> <span class='ocrx_word' id='word_1_345' title='bbox 365 2575 408 2605; x_wconf 82' lang='lat' dir='ltr'><strong>et</strong></span> <span class='ocrx_word' id='word_1_346' title='bbox 431 2578 498 2604; x_wconf 85' lang='lat' dir='ltr'><strong>me</strong></span> <span class='ocrx_word' id='word_1_347' title='bbox 521 2561 720 2604; x_wconf 85' lang='lat' dir='ltr'><strong>trementi</strong></span> <span class='ocrx_word' id='word_1_348' title='bbox 745 2577 849 2603; x_wconf 84' lang='lat' dir='ltr'><strong>voce</strong></span> <span class='ocrx_word' id='word_1_349' title='bbox 870 2562 1058 2603; x_wconf 76' lang='lat' dir='ltr'><strong>exsulem</strong></span> <span class='ocrx_word' id='word_1_350' title='bbox 1084 2561 1331 2619; x_wconf 79' lang='lat' dir='ltr'><strong>appellavit.</strong></span> <span class='ocrx_word' id='word_1_351' title='bbox 1384 2561 1487 2612; x_wconf 69' lang='lat' dir='ltr'><strong>Hic,</strong></span> <span class='ocrx_word' id='word_1_352' title='bbox 1510 2567 1555 2614; x_wconf 92' lang='lat' dir='ltr'><strong>(o</strong></span> 
     </span>
    </p>
   </div>
   <div class='ocr_carea' id='block_1_6' title="bbox 160 2675 1556 2719">
    <p class='ocr_par' dir='ltr' id='par_1_6' title="bbox 160 2675 1556 2719">
     <span class='ocr_line' id='line_1_43' title="bbox 160 2675 1556 2719; baseline -0.004 -10"><span class='ocrx_word' id='word_1_353' title='bbox 160 2681 201 2710; x_wconf 81' lang='lat'><strong>33</strong></span> <span class='ocrx_word' id='word_1_354' title='bbox 224 2680 311 2710; x_wconf 77' lang='lat' dir='ltr'><strong>alter</strong></span> <span class='ocrx_word' id='word_1_355' title='bbox 320 2689 354 2719; x_wconf 83' lang='lat' dir='ltr'><strong>p.</strong></span> <span class='ocrx_word' id='word_1_356' title='bbox 371 2681 456 2710; x_wconf 76' lang='lat' dir='ltr'><strong>alter</strong></span> <span class='ocrx_word' id='word_1_357' title='bbox 470 2676 672 2716; x_wconf 74' lang='lat' dir='ltr'><strong>vendidisset]</strong></span> <span class='ocrx_word' id='word_1_358' title='bbox 692 2676 752 2706; x_wconf 80' lang='lat' dir='ltr'><strong>Ille</strong></span> <span class='ocrx_word' id='word_1_359' title='bbox 765 2682 814 2706; x_wconf 90' lang='lat' dir='ltr'><strong>est</strong></span> <span class='ocrx_word' id='word_1_360' title='bbox 858 2676 943 2717; x_wconf 79' lang='lat' dir='ltr'><strong>pide.</strong></span> <span class='ocrx_word' id='word_1_361' title='bbox 969 2675 1163 2707; x_wconf 76' lang='lat' dir='ltr'><strong>Tunstallus</strong></span> <span class='ocrx_word' id='word_1_362' title='bbox 1178 2686 1254 2706; x_wconf 78' lang='lat' dir='ltr'><strong>mox</strong></span> <span class='ocrx_word' id='word_1_363' title='bbox 1268 2676 1400 2706; x_wconf 76' lang='lat' dir='ltr'><strong>interim</strong></span> <span class='ocrx_word' id='word_1_364' title='bbox 1417 2676 1556 2715; x_wconf 46' lang='lat' dir='ltr'><strong>conjun‘</strong></span> 
     </span>
    </p>
   </div>
   <div class='ocr_carea' id='block_1_7' title="bbox 117 2718 1557 2932">
    <p class='ocr_par' dir='ltr' id='par_1_7' title="bbox 117 2718 1557 2932">
     <span class='ocr_line' id='line_1_44' title="bbox 118 2718 1240 2758; baseline -0.004 -5"><span class='ocrx_word' id='word_1_365' title='bbox 118 2718 208 2758; x_wconf 75' lang='lat' dir='ltr'><strong>Piso,</strong></span> <span class='ocrx_word' id='word_1_366' title='bbox 222 2721 276 2753; x_wconf 84' lang='lat' dir='ltr'><strong>hic</strong></span> <span class='ocrx_word' id='word_1_367' title='bbox 291 2722 462 2753; x_wconf 82' lang='lat' dir='ltr'><strong>Gabinius.</strong></span> <span class='ocrx_word' id='word_1_368' title='bbox 857 2724 905 2758; x_wconf 79' lang='lat' dir='ltr'><strong>git</strong></span> <span class='ocrx_word' id='word_1_369' title='bbox 921 2729 996 2749; x_wconf 84' lang='lat' dir='ltr'><strong>cum</strong></span> <span class='ocrx_word' id='word_1_370' title='bbox 1012 2720 1240 2749; x_wconf 73' lang='lat' dir='ltr'><strong>committebat.</strong></span> 
     </span>
     <span class='ocr_line' id='line_1_45' title="bbox 162 2759 1557 2804; baseline -0.004 -9"><span class='ocrx_word' id='word_1_371' title='bbox 162 2767 203 2795; x_wconf 83' lang='lat'><strong>34</strong></span> <span class='ocrx_word' id='word_1_372' title='bbox 222 2769 356 2804; x_wconf 80' lang='lat' dir='ltr'><strong>propter</strong></span> <span class='ocrx_word' id='word_1_373' title='bbox 377 2765 444 2804; x_wconf 69' lang='lat' dir='ltr'><strong>ejus</strong></span> <span class='ocrx_word' id='word_1_374' title='bbox 469 2762 609 2801; x_wconf 78' lang='lat' dir='ltr'><strong>luctum]</strong></span> <span class='ocrx_word' id='word_1_375' title='bbox 649 2761 676 2791; x_wconf 84' lang='lat' dir='ltr'>E</span> <span class='ocrx_word' id='word_1_376' title='bbox 706 2765 813 2791; x_wconf 83' lang='lat' dir='ltr'><strong>morte</strong></span> <span class='ocrx_word' id='word_1_377' title='bbox 900 2762 941 2792; x_wconf 80' lang='lat'><strong>36</strong></span> <span class='ocrx_word' id='word_1_378' title='bbox 965 2763 997 2791; x_wconf 74' lang='lat' dir='ltr'><strong>in</strong></span> <span class='ocrx_word' id='word_1_379' title='bbox 1013 2772 1049 2791; x_wconf 77' lang='lat' dir='ltr'><strong>re</strong></span> <span class='ocrx_word' id='word_1_380' title='bbox 1073 2761 1176 2800; x_wconf 73' lang='lat' dir='ltr'><strong>hcesir]</strong></span> <span class='ocrx_word' id='word_1_381' title='bbox 1201 2760 1397 2792; x_wconf 81' lang='lat' dir='ltr'><strong>Tunstallus</strong></span> <span class='ocrx_word' id='word_1_382' title='bbox 1420 2759 1557 2796; x_wconf 62' lang='lat' dir='ltr'><strong>corrigit</strong></span> 
     </span>
     <span class='ocr_line' id='line_1_46' title="bbox 119 2802 1557 2843; baseline -0.003 -7"><span class='ocrx_word' id='word_1_383' title='bbox 119 2805 207 2841; x_wconf 77' lang='lat' dir='ltr'><strong>filiae.</strong></span> <span class='ocrx_word' id='word_1_384' title='bbox 857 2805 1007 2843; x_wconf 65' lang='lat' dir='ltr'><strong>irrepsit:</strong></span> <span class='ocrx_word' id='word_1_385' title='bbox 1037 2804 1164 2843; x_wconf 78' lang='lat' dir='ltr'><strong>Lipsius</strong></span> <span class='ocrx_word' id='word_1_386' title='bbox 1187 2809 1221 2834; x_wconf 80' lang='lat' dir='ltr'><strong>et</strong></span> <span class='ocrx_word' id='word_1_387' title='bbox 1243 2802 1451 2833; x_wconf 82' lang='lat' dir='ltr'><strong>Guilielmius</strong></span> <span class='ocrx_word' id='word_1_388' title='bbox 1474 2803 1557 2832; x_wconf 82' lang='lat' dir='ltr'><strong>mire</strong></span> 
     </span>
     <span class='ocr_line' id='line_1_47' title="bbox 159 2847 962 2887; baseline -0.006 -6"><span class='ocrx_word' id='word_1_389' title='bbox 159 2852 199 2880; x_wconf 84' lang='lat'><strong>35</strong></span> <span class='ocrx_word' id='word_1_390' title='bbox 213 2851 248 2880; x_wconf 79' lang='lat' dir='ltr'><strong>in</strong></span> <span class='ocrx_word' id='word_1_391' title='bbox 258 2851 384 2887; x_wconf 82' lang='lat' dir='ltr'><strong>urbem,</strong></span> <span class='ocrx_word' id='word_1_392' title='bbox 399 2850 534 2880; x_wconf 78' lang='lat' dir='ltr'><strong>hostium</strong></span> <span class='ocrx_word' id='word_1_393' title='bbox 547 2847 660 2886; x_wconf 67' lang='lat' dir='ltr'><strong>plane]</strong></span> <span class='ocrx_word' id='word_1_394' title='bbox 675 2847 814 2886; x_wconf 78' lang='lat' dir='ltr'><strong>Nempe,</strong></span> <span class='ocrx_word' id='word_1_395' title='bbox 858 2848 962 2876; x_wconf 61' lang='lat' dir='ltr'><strong>lame.</strong></span> 
     </span>
     <span class='ocr_line' id='line_1_48' title="bbox 117 2887 1553 2932; baseline -0.004 -8"><span class='ocrx_word' id='word_1_396' title='bbox 117 2892 194 2932; x_wconf 76' lang='lat' dir='ltr'><strong>quia</strong></span> <span class='ocrx_word' id='word_1_397' title='bbox 206 2892 322 2926; x_wconf 82' lang='lat' dir='ltr'><strong>Romae</strong></span> <span class='ocrx_word' id='word_1_398' title='bbox 335 2893 366 2925; x_wconf 82' lang='lat' dir='ltr'><strong>ei</strong></span> <span class='ocrx_word' id='word_1_399' title='bbox 381 2901 494 2927; x_wconf 80' lang='lat' dir='ltr'><strong>omnes</strong></span> <span class='ocrx_word' id='word_1_400' title='bbox 508 2891 632 2921; x_wconf 83' lang='lat' dir='ltr'><strong>inimici</strong></span> <span class='ocrx_word' id='word_1_401' title='bbox 647 2895 752 2920; x_wconf 73' lang='lat' dir='ltr'><strong>erant.</strong></span> <span class='ocrx_word' id='word_1_402' title='bbox 770 2888 815 2918; x_wconf 83' lang='lat' dir='ltr'><strong>le·</strong></span> <span class='ocrx_word' id='word_1_403' title='bbox 902 2891 939 2922; x_wconf 74' lang='grc'><strong>37</strong></span> <span class='ocrx_word' id='word_1_404' title='bbox 964 2889 1105 2929; x_wconf 74' lang='lat' dir='ltr'><strong>undique</strong></span> <span class='ocrx_word' id='word_1_405' title='bbox 1118 2887 1226 2928; x_wconf 75' lang='lat' dir='ltr'><strong>actus]</strong></span> <span class='ocrx_word' id='word_1_406' title='bbox 1246 2887 1390 2926; x_wconf 70' lang='lat' dir='ltr'><strong>Pressas,</strong></span> <span class='ocrx_word' id='word_1_407' title='bbox 1407 2892 1553 2920; x_wconf 74' lang='lat' dir='ltr'><strong>vexatus.</strong></span> 
     </span>
    </p>
   </div>
   <div class='ocr_carea' id='block_1_8' title="bbox 769 2936 898 2972">
    <p class='ocr_par' dir='ltr' id='par_1_8' title="bbox 769 2936 898 2972">
     <span class='ocr_line' id='line_1_49' title="bbox 769 2936 898 2972; baseline 0 0"><span class='ocrx_word' id='word_1_408' title='bbox 769 2936 898 2972; x_wconf 74' lang='lat'><strong>304</strong></span> 
     </span>
    </p>
   </div>
  </div>
 </body>
</html>
