1940 3231
352 163 430 205 758
769 157 954 197 EPIST.
980 159 1060 197 AD
1087 158 1376 205 ATTICUM‚

352 280 452 322 quae
483 278 571 308 non
603 278 777 320 possum
808 274 993 306 tractare
1022 265 1115 306 sine
1144 265 1338 307 maximo
1369 265 1551 322 gemitu.
1572 266 1799 311 moderare

353 324 502 380 igitur,
524 337 688 378 quaeso,
710 332 758 363 ut
781 333 917 377 potes.
943 337 1081 378 neque
1102 324 1218 364 enim
1240 338 1265 364 a
1289 332 1331 364 te
1363 323 1472 379 plus,
1493 339 1622 380 quam
1654 334 1793 382 potes,

352 381 552 438 postulo:
586 388 709 435 potes
751 388 913 431 autem,
941 379 1047 434 quid
1080 381 1167 421 v·e1i
1208 381 1279 431 sit,
1310 381 1551 438 perspiceie
1589 391 1635 424 tu
1670 397 1794 425 unus.

355 437 425 480 De
463 436 643 487 Rutilia,
679 436 885 491 quoniam
920 436 1076 479 videris
1115 437 1328 489 dubitare,
1367 439 1579 480 79seribes
1614 440 1669 481 ad
1705 454 1794 492 me,

353 511 452 538 cum
480 495 613 544 scies-3
645 494 717 534 sed
741 493 1078 549 quamprimum,
1101 508 1203 536 num
1236 494 1405 546 Clodia,
1439 495 1497 537 D.
1521 496 1660 538 Bruto
1689 511 1798 538 con-

353 552 497 602 sulari,
521 550 608 592 filio
631 565 724 600 suo,
748 559 934 614 mortuo,
958 551 1130 593 vixerit.
1162 552 1206 592 id
1236 553 1289 594 de
1321 553 1549 605 Mai-cello,
1571 564 1647 595 aut
1677 562 1796 596 certe

351 611 406 652 de
431 608 657 650 Postumia
679 607 776 648 sciri
801 619 922 664 potes
907 616 969 650 t.
1002 608 1104 649 illud
1128 615 1272 651 autem
1299 610 1352 652 de
1383 611 1451 652 M.
1477 611 1624 663 Cotta,
1645 620 1722 653 aut
1741 611 1798 653 de

354 668 413 722 Sy
419 682 480 717 ro,
502 675 577 706 aut
597 665 650 706 de
674 665 845 721 Satyro.
881 664 950 707 De
971 664 1123 717 hortis,
1145 666 1276 708 etiam
1298 677 1427 723 atque
1447 669 1579 710 etiam
1605 681 1647 710 te
1669 683 1795 725 rogo.

348 724 554 765 omnibus
595 737 715 773 mels,
749 736 999 779 eorumque,
1030 738 1138 779 quos
1177 724 1266 765 scio
1298 725 1404 765 mihi
1436 740 1523 767 non
1553 726 1796 778 defuturos,

351 780 648 831 facultatibus,
672 780 745 821 sed
775 789 924 835 potero
954 781 1077 832 meis,
1099 781 1350 823 enitendum
1372 782 1480 823 mihi
1503 792 1582 825 est.
1605 794 1706 825 suut
1728 792 1795 824 et-

350 839 453 890 iam,
476 853 574 893 quae
606 838 790 879 vendere
820 837 947 879 facile
978 838 1154 893 possim.
1187 839 1275 888 sed,
1310 849 1356 880 ut
1386 854 1473 880 non
1506 841 1703 893 vendam,
1733 840 1797 882 ei-

347 910 435 951 que
466 910 638 937 usuram
671 895 870 951 pendam,
893 911 917 936 ·ι
938 909 1025 960 quo
1051 910 1210 948 emero,
1233 899 1273 927 80
1286 911 1373 938 non
1397 896 1490 953 plus
1511 912 1671 940 armum
1694 913 1796 954 pos-

350 969 479 995 sum
468 953 662 1008 assequi:
695 953 810 1017 quod
837 953 948 1004 volo,
971 953 1005 993 si
1030 961 1074 994 tu
1099 968 1167 995 me
1187 952 1382 1009 adjuvas.
1412 955 1671 1010 paratissimi
1694 964 1797 997 sunt

351 1010 512 1052 Drusi.
550 1011 673 1067 cupit
705 1011 821 1052 enim
855 1010 1052 1052 vendere.
1088 1011 1310 1067 proximos
1345 1021 1452 1068 puto
1495 1012 1681 1055 Lamiae.
1721 1013 1796 1054 sed

347 1069 486 1110 abest.
509 1078 556 1110 tu
581 1079 739 1119 tamen,
763 1068 795 1109 si
819 1068 923 1124 quid
953 1078 1091 1124 potes,
1112 1068 1306 1110 odorare.
1329 1072 1433 1110 81ne
1464 1069 1594 1110 Silius
1617 1070 1793 1125 quidem

348 1127 586 1181 quidquam
610 1127 760 1177 utitur,
782 1135 826 1166 et
848 1126 899 1166 ils
927 1126 1063 1167 usuris
1096 1124 1299 1168 facillime
1329 1126 1656 1168 sustentabitur.
1679 1126 1792 1170 habe

345 1194 472 1226 tuum
514 1184 766 1239 neootium3
798 1197 893 1234 nec,
931 1183 1034 1238 quid
1078 1197 1143 1225 res
1185 1198 1282 1225 mea
1322 1183 1545 1226 familiaris
1586 1185 1812 1249 postulet„

349 1256 480 1298 quam
503 1255 585 1298 ego
608 1256 696 1282 non
718 1216 837 1293 eiii-o,
861 1240 933 1282 sed
955 1240 1060 1297 quid
1084 1240 1228 1293 velim,
1244 1250 1288 1282 et
1310 1255 1387 1283 cur
1409 1241 1552 1295 velim,
1573 1241 1799 1285 existima,

284 1326 339 1364 23
791 1328 1028 1372 CICERO
1059 1328 1289 1372 ATTICO
1321 1330 1367 1372 S.

303 1405 338 1436 b
341 1387 568 1440 QPUTAI
573 1398 669 1440 AM
704 1407 746 1440 te
779 1397 939 1454 aliquid
974 1397 1105 1451 novi;
1137 1399 1254 1454 quod
1285 1397 1498 1454 ejusmodi
1539 1398 1680 1441 fuerat
1711 1399 1796 1441 ini-

351 1456 463 1497 tium
496 1456 759 1509 litterarum3
791 1455 989 1521 quamvis
1020 1470 1107 1497 non
1145 1470 1338 1498 cuiarem
1370 1456 1471 1511 quid
1504 1456 1548 1497 in
1562 1456 1798 1521 ’Hispania

347 1512 485 1565 fieret,
528 1523 673 1555 tamen
716 1524 758 1555 te
801 1513 1088 1569 sorizpturum
1131 1514 1204 1556 sed
1247 1512 1449 1555 videlicet
1491 1513 1596 1555 meis
1635 1513 1791 1556 litteris

346 1571 624 1635 respondisti,
657 1580 704 1613 ut
735 1572 788 1613 de
822 1570 917 1612 foro
950 1580 995 1612 et
1025 1572 1079 1612 de
1112 1573 1246 1613 curia.
1279 1573 1319 1602 32
1333 1571 1405 1612 sed
1442 1570 1597 1612 domus
1629 1581 1710 1622 est,
1743 1580 1794 1613 ut

347 1643 424 1680 alS,
458 1628 614 1670 forum.
637 1629 739 1684 quid
778 1630 872 1685 ipsa
903 1628 1036 1670 domo
1067 1628 1175 1669 mihi
1211 1643 1320 1684 opus
1352 1637 1431 1678 est,
1465 1629 1627 1670 carenti
1661 1628 1791 1672 foro?

345 1686 601 1738 occidimus,
644 1686 898 1736 occidimus,
936 1686 1098 1736 Attice,
1135 1685 1230 1741 jam
1273 1685 1438 1741 pridem
1480 1701 1559 1726 nos
1599 1686 1792 1741 quidem,

347 1743 422 1784 sed
461 1758 575 1785 nunc
611 1744 810 1794 fatemur,
848 1754 1128 1800 posteaquam
1162 1745 1202 1773 83
1218 1757 1365 1794 unum,
1403 1758 1490 1798 quo
1523 1745 1793 1796 tenebamur,

346 1801 584 1842 amisimus.
614 1803 761 1883 itlaque
792 1801 1044 1842 solitudines
1076 1815 1256 1856 sequm:
1289 1810 1332 1841 et
1365 1809 1523 1850 tamen,
1547 1802 1580 1840 si
1607 1815 1692 1856 qua
1723 1815 1792 1842 me

346 1872 413 1899 res
447 1858 530 1898 isto
573 1859 818 1909 adduxerit,
851 1859 1004 1910 enitar,
1041 1858 1073 1899 si
1111 1872 1197 1913 quo
1241 1857 1370 1899 modo
1414 1868 1581 1922 potero,
1617 1865 1791 1921 (potero

347 1924 490 1957 autem
495 1917 526 1967 ‚)
546 1918 644 1956 84ut
667 1928 824 1971 piaeter
845 1924 888 1957 te
911 1931 1037 1957 nemo
1059 1915 1251 1957 doloiem
1275 1929 1419 1956 meum
1442 1915 1624 1957 sentiit:
1646 1929 1682 1955 Sl
1704 1915 1793 1957 ullo

346 1973 478 2014 modo
503 1974 676 2029 poteiit,
700 1988 752 2015 ne
776 1986 822 2015 tu
844 1974 1034 2030 quidem.
1057 1983 1186 2028 atque
1217 1972 1346 2014 etiam
1374 1971 1445 2013 illa
1466 1987 1595 2013 causa
1616 1983 1681 2014 est
1704 1987 1792 2014 non

347 2031 564 2073 veniendi.
593 2031 847 2083 meministi,
869 2031 1022 2087 &Squid
1053 2045 1107 2072 ex
1141 2040 1184 2072 te
1205 2029 1388 2072 Atedius
1411 2030 1657 2086 quaesieiit:
1689 2029 1797 2087 quin

386 2175 428 2206 79
449 2173 684 2203 scribes—cum
698 2173 790 2210 scies,
805 2172 863 2203 sed
875 2172 1045 2212 quampri-

346 2223 451 2252 mum,
467 2225 550 2245 num
567 2214 693 2255 Clodia]
711 2215 847 2254 Vulgati
863 2214 1000 2252 habent,
1016 2217 1047 2244 et

345 2266 427 2287 num
448 2256 558 2287 Clodia
583 2259 641 2288 δερ,
655 2267 725 2288 non
747 2259 840 2288 bene.
856 2257 975 2287 vitium
996 2261 1048 2286 est

345 2299 381 2329 in
393 2299 618 2330 distinctione.
643 2300 704 2330 Sed
717 2301 967 2340 quamprimum
980 2308 1047 2329 non

345 2346 456 2381 potest
483 2342 524 2373 ad
549 2342 779 2374 antecedentia
804 2343 981 2383 pertinere,
1008 2346 1048 2372 ut

347 2392 397 2414 res
415 2384 486 2424 ipsa
509 2384 619 2415 docet.
665 2385 717 2415 De
741 2385 868 2415 Rutilia
887 2383 961 2414 vult
986 2383 1047 2414 sibi

345 2425 456 2464 scribi,
485 2436 560 2456 cum
590 2427 715 2466 poterit
743 2427 889 2464 Atticus,
919 2427 975 2458 sed
1009 2426 1050 2458 de

347 2467 463 2500 Clodia
477 2479 574 2508 quarn
592 2469 747 2509 primum.
763 2474 794 2500 et
810 2474 926 2500 natum
942 2473 993 2500 est
1008 2469 1049 2500 ab

346 2510 464 2542 vitiosa
478 2511 535 2541 ina
550 2512 828 2551 interpunctione.
869 2511 987 2552 Itaque
1001 2513 1047 2542 sie

347 2555 473 2584 correxi
508 2553 631 2592 locum,
662 2559 697 2586 et
727 2555 775 2586 ita
807 2554 932 2585 habent
964 2554 1046 2585 Mss.

347 2593 449 2628 Paris.

389 2639 431 2668 80
453 2646 516 2667 non
524 2639 604 2677 plus
617 2647 743 2669 annum
754 2648 840 2677 poss·
831 2648 887 2669 cm
903 2638 1044 2678 assequi]

346 2678 427 2711 Non
442 2679 532 2710 ultra
549 2681 647 2710 unius
670 2681 749 2710 anni
769 2681 931 2720 spatium:
956 2681 1046 2711 sinii-

347 2721 426 2754 liter
433 2731 539 2771 'supra
551 2721 580 2752 V
585 2722 612 2760 Ι,
627 2723 658 2753 G.
667 2724 746 2762 plus
765 2732 893 2753 annam
908 2723 1050 2754 obtinere

342 2765 549 2806 provinciam
587 2766 645 2795 διο.
675 2765 786 2804 itaque
819 2774 888 2795 nou
919 2773 1050 2796 necesse

349 2817 427 2837 cum
449 2807 578 2838 Graevio
601 2807 764 2846 corrigere
780 2807 859 2846 plus
875 2815 991 2837 annua
1004 2815 1048 2839 se.

347 2849 413 2885 die,
428 2848 514 2889 quod
528 2849 682 2880 usitatius
696 2850 731 2879 in
745 2848 806 2880 hac
823 2859 864 2892 re·
872 2853 932 2880 est.

391 2893 427 2922 81
462 2901 502 2922 ne
532 2890 635 2922 Silius
659 2902 689 2932 q
720 2902 749 2931 q.
720 2883 898 2931 qutitu'r]
934 2890 1047 2921 Hortis

348 2934 426 2974 suis,
450 2933 609 2974 facileque
635 2932 769 2966 vendet.
813 2933 894 2966 Mox
923 2943 982 2975 pro
1005 2934 1047 2964 iis

1089 2172 1200 2202 usuris
1213 2170 1342 2212 Lipsius
1368 2170 1513 2202 malebat
1534 2171 1563 2201 is
1583 2171 1714 2206 usuris.-
1736 2170 1797 2202 be-

1089 2223 1144 2251 ne,
1161 2219 1200 2244 ut
1221 2215 1347 2254 opinor.
1371 2214 1622 2251 sustentabitur,
1645 2214 1791 2244 movebi-

1088 2262 1158 2293 tur,
1182 2262 1219 2287 ut
1241 2255 1440 2288 solutionem
1465 2256 1499 2286 in
1520 2264 1648 2288 annum
1669 2255 1793 2288 differri

1089 2300 1191 2331 sinat.

1133 2342 1173 2372 82
1195 2340 1251 2370 sed
1264 2340 1377 2371 domus
1392 2343 1438 2370 est
1447 2338 1585 2379 sorum]
1609 2339 1697 2370 Satis
1711 2340 1790 2377 erit,

1089 2384 1115 2413 si
1139 2384 1254 2414 Romae
1277 2384 1353 2420 eris,
1374 2383 1468 2423 ‘nam
1491 2382 1555 2412 hoe
1576 2381 1792 2422 postulabant

1090 2425 1240 2456 homines
1245 2425 1269 2463 ,)
1295 2426 1358 2456 etsi
1381 2434 1449 2455 non
1469 2424 1578 2455 venies
1600 2424 1637 2454 in
1656 2423 1790 2455 forum·
1781 2436 1798 2455 a.

1091 2468 1220 2507 eritque
1235 2469 1351 2498 domus
1366 2477 1426 2507 pro
1441 2466 1524 2497 foro.

1132 2513 1172 2542 83
1195 2520 1313 2548 unum,
1335 2519 1397 2550 quo
1421 2506 1627 2548 tenebamur]
1654 2506 1788 2539 Intelli-

1088 2553 1139 2593 git
1153 2552 1312 2584 Tulliam.

1134 2597 1175 2626 84
1199 2599 1248 2633 ut,
1259 2598 1383 2633 praeter
1399 2597 1442 2629 te,
1456 2601 1548 2622 nemo
1564 2591 1640 2631 &e.]
1666 2591 1794 2624 Omnes

1090 2636 1166 2668 libri
1180 2618 1305 2668 hab'ent
1313 2640 1437 2676 proeter
1451 2644 1522 2665 me:
1545 2633 1719 2666 Manutius
1734 2635 1793 2666 Li-

1091 2688 1128 2719 ps
1130 2679 1244 2719 iusque
1265 2677 1474 2718 corrigebant
1489 2681 1614 2716 proeter
1627 2681 1671 2715 te,
1687 2686 1791 2716 quam

1092 2722 1331 2752 correctionem
1360 2723 1495 2761 propter
1516 2718 1716 2751 evidentiam
1739 2728 1790 2751 re-

1091 2774 1161 2794 ‹ze›

1131 2773 1174 2836 ¹85
1196 2804 1276 2844 quid
1286 2814 1326 2835 ex
1341 2808 1373 2836 te
1384 2804 1522 2836 Atedius
1543 2802 1719 2844 quoen'eaeie]
1743 2811 1791 2834 sc.

1090 2847 1130 2877 de
1146 2857 1218 2878 me:
1243 2847 1399 2886 quicquid
1413 2847 1527 2885 fuerit„
1538 2850 1573 2879 et
1594 2846 1641 2878 sie
1662 2844 1790 2879 iutelli-

1090 2889 1198 2931 genda
1212 2890 1392 2930 sequentia.
