1940 3231
754 112 961 151 LIBER
999 113 1050 152 Π,
1536 118 1616 154 909

175 225 247 255 me
277 214 331 256 de
365 215 566 258 omnibus
599 216 725 258 rebus
759 217 936 268 scribas,
958 224 1002 257 et
1034 216 1078 256 in
1111 230 1181 257 me
1202 215 1334 257 animi
1358 217 1515 272 potius,
1537 226 1614 259 aut

172 272 340 335 consilii
366 283 488 339 putes
511 275 650 316 minus
673 288 778 326 esse,
799 289 928 330 quam
955 282 1107 327 antea3
1139 274 1296 315 amoris
1319 288 1420 315 vero
1450 285 1494 316 et
1515 276 1612 317 offi-

175 343 230 369 eu
255 344 341 371 non
364 345 519 373 mlnuS.

447 529 531 583 M.
571 530 855 585 TULLII
897 528 1330 585 CICERONIS

329 649 1446 719 EPrSToLARUM

864 786 918 810 AD

467 867 857 924 QUINTUM
918 869 1311 926 FRATREM,

748 978 937 1020 LIBER
970 977 1033 1019 ΙΙ.

682 1191 1089 1230 ARGUMENTUM.
1628 1200 1647 1234 1

170 1259 434 1295 Commemorat
460 1258 548 1306 quid
574 1259 613 1293 in
641 1257 781 1293 Senatu
797 1258 854 1294 eit
882 1261 1015 1299 actum,
1044 1256 1223 1305 referente
1246 1257 1407 1305 primum
1434 1255 1540 1304 Lupo
1568 1258 1612 1293 de

219 1312 296 1360 lege
317 1313 354 1348 C.
372 1313 536 1352 Caeemis,
549 1323 621 1358 qua
641 1322 770 1357 (cg-rum
787 1310 1012 1358 Campanum
1028 1310 1125 1357 plebi
1139 1309 1312 1346 Romanae
1326 1310 1443 1346 (lividi
1461 1310 1610 1352 tulerat,

220 1366 349 1401 deinde
362 1364 512 1400 'Racilio
532 1362 750 1409 dejudicat,
764 1368 884 1398 utrum
906 1368 1002 1405 ante,
1022 1375 1070 1398 an
1088 1374 1170 1398 vero
1185 1367 1268 1410 post
1289 1363 1443 1399 aedtlitia
1462 1364 1612 1398 comitia

218 1418 384 1469 Ιῑαῦειμία
409 1419 495 1454 sint.
549 1416 699 1465 Scripta
727 1416 884 1452 Lentulo
913 1415 1108 1464 Spinthere
1143 1420 1177 1451 et
1212 1415 1255 1456 Q.
1287 1415 1439 1451 Metello
1470 1415 1614 1464 Nepote

219 1470 315 1507 Coss.

544 1536 804 1579 MARCUS
839 1537 896 1584 Q.
919 1535 1151 1578 FRATRI
1186 1536 1230 1577 S.

166 1596 566 1668 EPISTOLAM,
597 1632 726 1673 quam
769 1617 928 1674 legisti,
967 1631 1092 1657 mane
1129 1616 1345 1657 dederam.
1388 1616 1462 1658 sed
1503 1615 1611 1658 fecit

162 1676 410 1718 humaniter
455 1675 662 1726 Licinius,
702 1675 818 1731 quod
860 1675 913 1716 ad
952 1689 1035 1726 me,
1070 1673 1201 1715 misso
1241 1683 1408 1725 senatu,
1441 1675 1610 1730 vesperi

162 1735 297 1784 venit,
330 1743 391 1785 ut,
419 1734 482 1774 lsi
515 1733 619 1789 quid
652 1743 763 1774 esset
793 1743 955 1784 actum,
987 1733 1039 1773 ad
1075 1743 1117 1773 te
1148 1732 1203 1785 (si
1234 1731 1341 1772 mihi
1375 1731 1611 1783 videretur)

161 1792 488 1850 perscriberem.
550 1791 734 1832 Senatus
766 1790 850 1831 fuit
881 1789 1162 1846 frequentior,
1187 1800 1315 1845 quam
1349 1790 1611 1845 putabamus

157 1864 253 1892 esse
285 1864 409 1906 posse
441 1863 585 1890 mense
618 1848 852 1890 Decembri
877 1850 987 1889 sssub
1018 1849 1109 1889 dies
1141 1847 1289 1889 festos.
1351 1847 1611 1889 Consulares

159 1922 239 1949 nos
274 1907 450 1957 fuimus,
479 1916 522 1947 et
560 1906 646 1947 duo
685 1906 882 1948 consules
917 1906 1149 1962 designati,
1193 1905 1244 1947 P.
1280 1904 1500 1956 Servilius,
1540 1904 1610 1946 M.

163 1965 393 2017 Lucullus;
429 1964 631 2020 LepiduS,
653 1964 893 2015 Volcatius,
926 1963 1107 2006 Glabrio
1140 1972 1362 2020 praetores,
1394 1977 1495 2004 sane
1526 1962 1612 2004 fre-

160 2032 342 2079 quentes
364 2023 552 2064 fuimus:
585 2023 764 2064 omnino
797 2022 850 2063 ad
881 2023 1106 2065 ducentos
1170 2020 1426 2062 Commorat
1455 2035 1612 2078 exspe-

159 2082 397 2123 ctationem
439 2081 602 2136 Lupus,
640 2081 731 2136 egit
766 2095 938 2121 causam
973 2080 1063 2136 agri
1098 2079 1312 2136 Campani
1345 2093 1447 2120 sane
1482 2093 1612 2120 accu-

160 2149 267 2181 rate.
300 2138 471 2180 auditus
494 2147 559 2179 est
581 2152 742 2194 magno
775 2138 962 2180 silentio.
985 2137 1236 2178 3materiam
1271 2137 1331 2179 rei
1364 2151 1451 2177 non
1483 2137 1611 2193 igno·

159 2210 242 2238 ras.
267 2196 374 2237 nihil
395 2210 450 2237 ex
474 2197 629 2237 nostris
653 2197 898 2238 actionibus
923 2196 1214 2252 praetermisit.
1275 2195 1470 2236 Fuerunt
1499 2209 1611 2236 non-

160 2254 265 2295 nulli
290 2253 428 2296 aculei
452 2254 494 2294 in
520 2253 572 2295 C.
597 2253 831 2304 Caesarem,
853 2253 1129 2295 contumeliae
1153 2253 1196 2294 in
1223 2252 1440 2305 Gellium3
1472 2267 1611 2309 expo·

159 2312 414 2353 stulationes
447 2326 546 2353 cum
582 2312 760 2353 absente
801 2312 1028 2369 Pompeio.
1091 2311 1236 2352 Causa
1267 2325 1360 2352 sero
1394 2319 1610 2366 perorata,

160 2370 395 2411 sententias
428 2384 472 2410 se
505 2380 756 2425 rogaturum
787 2372 980 2427 negavit,
1011 2384 1065 2411 ne
1087 2369 1204 2425 quod
1235 2384 1344 2410 onus
1377 2368 1610 2409 simultatis

158 2428 285 2469 nobis
318 2429 574 2484 imponeret.
637 2427 705 2469 Ex
738 2429 1007 2484 superiorum
1039 2437 1285 2483 temporum
1318 2427 1544 2477 conviciis,
1567 2436 1611 2468 et

158 2500 214 2526 ex
253 2485 456 2542 praesenti
493 2485 679 2536 silentio,
713 2487 815 2543 quid
852 2496 1024 2527 senatus
1059 2486 1252 2536 sentiret,
1289 2499 1333 2526 se
1368 2484 1610 2541 intelligere

158 2543 287 2585 dixit.
339 2543 424 2585 41n
460 2543 532 2584 illo
564 2544 704 2600 coepit
734 2544 968 2586 dimittere.
1028 2542 1142 2584 Tum
1174 2541 1472 2595 Marcellinus,
1505 2542 1611 2595 noli,

204 2688 217 2715 1
243 2686 272 2715 si
291 2685 373 2725 quid
392 2689 471 2716 esset
493 2685 621 2726 actum]
649 2686 862 2724 Confectum,
949 2689 970 2717 4
993 2687 1036 2717 In
1049 2686 1106 2716 illo
1120 2696 1148 2716 c.
1163 2685 1210 2725 d.]
1239 2685 1312 2715 Hoc
1327 2684 1417 2715 dicto
1433 2683 1540 2714 voluit
1562 2683 1611 2713 di-

157 2727 329 2759 decretum
345 2727 384 2758 de
401 2729 580 2768 republica.
906 2729 1040 2760 mittere
1069 2734 1232 2759 senatum.
1278 2728 1331 2758 Sic
1361 2727 1480 2766 corrigi
1503 2726 1611 2756 voluit

200 2773 220 2801 2
242 2770 300 2801 sub
315 2769 503 2810 diesfestos]
521 2771 722 2803 Saturnalia.
907 2772 1082 2803 Manutius
1119 2771 1293 2811 vulgatum
1330 2769 1423 2800 Milo.
1453 2769 1529 2808 quia
1565 2769 1611 2798 sie

200 2815 219 2843 3
243 2814 421 2844 maceriam
448 2815 497 2844 rei
519 2824 583 2844 non
605 2814 754 2855 ignoras]
787 2814 808 2845 i.
833 2825 860 2844 e.
906 2815 1112 2846 Alemannus
1134 2815 1169 2845 in
1192 2813 1256 2845 Ms.
1274 2812 1363 2852 regio
1383 2812 1517 2853 reperit,
1533 2821 1610 2843 cun

157 2863 319 2895 quantam
336 2855 461 2886 dicendi
488 2858 662 2889 materiam
689 2858 745 2889 illa
761 2867 809 2888 res
825 2857 865 2888 de
910 2858 979 2898 ipso
996 2857 1116 2898 recepi.

156 2908 236 2938 agro
252 2900 423 2939 Campano
440 2899 568 2931 habeat.
