1940 3231
727 144 941 185 LIBER
980 144 1048 181 Vl.
1545 150 1619 186 535

181 253 325 296 volet:
357 251 510 310 patiar.
543 258 579 294 τὸ
606 256 674 307 γὰρ
701 253 738 292 εὖ
761 254 835 303 μετ’
862 252 954 302 ἐμοῦ,
988 247 1226 304 praesertim
1264 261 1365 288 cum
1406 251 1443 279 1⁴
1457 264 1532 293 sex
1569 253 1621 295 Ii-

178 312 283 363 bris,
325 320 545 365 tamquam
586 307 820 364 praedibus,
858 321 927 347 me
969 306 1110 362 ipsum
1152 305 1477 357 obstrinxerim,
1512 325 1622 365 quos

181 370 262 410 tibi
297 378 384 410 tam
418 367 540 409 valde
571 365 745 421 probari
777 364 973 421 gaudeo3
1004 377 1027 404 e
1063 363 1222 419 quibus
1262 364 1298 393 15
1313 377 1448 404 unum
1485 369 1622 423 ἱςῡξικό,

179 426 361 482 requiris
383 425 437 466 de
455 424 538 465 Cn.
557 422 706 463 Flavio
731 422 814 465 Cn.
836 421 884 463 F.
905 421 976 464 ille
998 435 1098 462 vero
1120 431 1220 462 ante
1243 419 1512 463 decemviros
1533 439 1623 466 non

182 483 293 527 fuit:
316 483 477 538 quippe
497 480 572 535 qui
595 479 732 521 aedilis
754 479 913 522 curulis
935 479 1091 521 fuerit:
1114 479 1189 535 qui
1211 478 1490 534 magistratus
1512 481 1624 522 mul-

183 542 239 582 tis
272 540 393 582 annis
425 548 525 594 post
556 537 824 579 decemviros
856 538 1080 578 institutus
1114 545 1192 578 est.
1215 536 1320 592 quid
1352 550 1457 592 ergo
1479 538 1626 594 profe-

181 599 259 650 cit,
281 596 394 652 quod
430 595 612 651 protulit
644 595 806 637 fastos?
838 595 1097 637 occultatam
1128 603 1284 651 putant
1304 598 1493 650 quodam
1514 605 1625 638 tem-

181 670 286 712 pore
320 654 496 693 mistam
529 652 736 705 tabulam,
759 663 807 694 ut
837 653 926 694 dies
957 651 1114 708 agendi
1142 660 1391 708 peterentur
1412 668 1436 693 a
1460 654 1625 709 paucis.

183 727 263 754 nec
286 724 385 752 vero
417 711 545 766 pauci
578 720 679 752 sunt
708 721 920 763 auctoreS,
944 710 1027 751 Cn.
1051 708 1248 750 Flavium
1281 710 1467 751 scribam
1489 710 1626 753 fastos

184 767 427 826 protulisse,
472 770 507 802 17
522 768 802 825 actionesque
842 767 1166 824 composuisse:
1212 781 1267 808 ne
1307 782 1377 808 me
1417 767 1517 821 hoc,
1557 769 1627 811 vel

182 827 327 891 Qus
359 824 632 878 Africanum,
659 826 714 881 (is
751 826 864 868 enim
899 825 1124 881 loquium)
1156 833 1452 866 commentus-2.
1484 835 1625 883 putes.

183 890 257 926 Οὐκ
281 888 384 926 ἔλαθε
413 889 448 926 σὲ
479 883 584 926 illud
617 885 670 926 de
705 895 830 941 gestu
865 883 1112 935 histrionis3
1143 892 1190 924 tu
1224 882 1402 923 sceleste
1434 885 1627 941 suspica-

185 943 258 994 ris,
290 957 374 999 ego
404 947 535 992 ἀφελῶς
571 943 740 999 scripsi.
802 941 870 983 De
902 955 970 982 me
1009 941 1268 996 imperatore
1304 940 1455 981 scribis
1493 952 1535 983 te
1569 953 1672 986 exb.

186 999 414 1042 Philotimi
436 999 590 1041 litteris
610 1013 836 1056 cognosse.
859 999 932 1039 sed
959 998 1087 1040 credo
1112 1007 1168 1050 te,
1184 998 1279 1053 jam
1301 998 1345 1038 in
1370 997 1502 1054 Epiro
1525 1015 1628 1042 cum

183 1072 310 1110 esses,
334 1058 456 1099 binas
488 1072 604 1099 meas
625 1057 678 1099 de
702 1057 904 1099 omnibus
935 1057 1060 1097 rebus
1092 1056 1324 1111 accepisse,
1347 1070 1450 1096 unas
1474 1072 1499 1098 a
1522 1057 1628 1099 Pin-

184 1116 356 1157 denisso
388 1124 532 1172 capto,
556 1115 708 1157 alteras
738 1130 762 1155 a
794 1113 1023 1164 Laodicea,
1046 1124 1249 1168 utrasque
1281 1112 1363 1153 tuis
1386 1115 1529 1169 pueris
1552 1115 1629 1156 da-

187 1182 266 1214 tas.
290 1174 446 1229 quibus
479 1173 532 1214 (le
568 1174 709 1224 rebus,
732 1182 909 1228 propter
937 1185 1084 1213 casum
1118 1170 1366 1227 navigandi,
1397 1185 1471 1226 per
1502 1173 1628 1214 binos

187 1231 431 1272 tabellarios
460 1231 558 1271 misi
594 1230 781 1271 Romam
814 1230 978 1271 litteras
1012 1228 1200 1286 publice.
1263 1227 1330 1268 De
1360 1227 1500 1270 Tullia
1532 1244 1630 1272 mea

186 1289 266 1330 tibi
301 1288 535 1340 assentior;
567 1288 804 1344 scripsique
838 1287 888 1328 ad
927 1301 1037 1338 eam,
1068 1296 1111 1327 et
1144 1285 1197 1327 ad
1229 1283 1492 1338 Terentiam,
1520 1288 1630 1329 mihi

187 1346 369 1402 placere.
411 1355 457 1387 tu
490 1346 606 1386 enim
644 1347 697 1387 ad
739 1359 808 1386 me
841 1345 936 1400 jam
979 1354 1079 1385 ante
1117 1343 1362 1399 scripseras,
1400 1359 1448 1385 ac
1488 1344 1631 1387 vellem

186 1410 225 1444 te
249 1404 343 1445 182‘11.
373 1411 487 1445 tuum
517 1410 687 1445 veterem
715 1417 878 1459 gregem
901 1401 1114 1443 retulisses.
1144 1403 1385 1442 19correcta
1409 1416 1508 1443 vero
1539 1404 1631 1459 epi-

187 1461 298 1502 stola
321 1461 605 1512 Memmiana,
629 1461 735 1502 nihil
766 1461 932 1517 negotii
961 1460 1058 1501 fuit.
1080 1459 1218 1500 multo
1240 1459 1357 1500 enim
1380 1459 1493 1501 malo
1515 1460 1632 1503 hunc

189 1534 214 1560 a
243 1519 462 1570 Pontidia,
493 1534 620 1574 quam
653 1519 771 1560 illum
803 1534 829 1559 a
860 1518 1054 1559 Servilia.
1086 1530 1217 1572 quare
1248 1516 1459 1573 adjunges
1491 1518 1632 1560 QoAu-

188 1577 293 1617 fium
315 1587 527 1628 nostrum,
549 1577 769 1618 hominem
801 1590 969 1632 semper
1000 1585 1217 1616 amantem
1248 1575 1359 1627 mei3
1391 1590 1521 1628 nunc,
1544 1591 1636 1618 cre-

186 1634 257 1685 do,
300 1648 352 1675 eo
394 1635 547 1691 magis,
581 1634 698 1690 quod
740 1634 870 1675 (lebet
909 1634 1040 1674 etiam
1083 1632 1225 1674 fratris
1266 1632 1401 1689 Appii
1443 1648 1635 1675 amorem

186 1706 288 1749 erga
328 1706 397 1733 me
438 1707 537 1733 cum
586 1692 750 1748 reliqua
796 1692 1034 1733 hereditate
1075 1691 1285 1742 crevisse3
1328 1690 1401 1746 qui
1445 1691 1636 1733 declara-

185 1750 263 1801 vit,
286 1750 436 1805 quanti
468 1764 537 1791 me
568 1749 742 1800 faceret,
764 1764 863 1792 cum
896 1764 1025 1806 saepe,
1049 1758 1139 1789 tum
1163 1748 1207 1789 in
1231 1748 1383 1789 Bursa.
1405 1762 1473 1790 1]ae
1496 1759 1543 1790 tu
1566 1764 1636 1791 me

186 1807 476 1850 sollicitudine
510 1822 668 1864 magna
697 1807 904 1849 liberaris.
964 1810 999 1839 21
1021 1806 1166 1848 Furnii
1190 1808 1394 1861 exceptio
1415 1806 1523 1848 mihi
1546 1822 1636 1850 non

189 1865 345 1921 placet.
367 1880 448 1907 nec
478 1866 594 1906 enim
624 1879 707 1922 ego
738 1866 871 1907 ullum
902 1865 1018 1906 aliud
1051 1873 1220 1920 tempus
1245 1864 1391 1915 timeo,
1413 1865 1494 1905 nisi
1517 1866 1635 1921 quod

190 1923 259 1964 ille
277 1923 414 1965 solum
432 1923 612 1980 excipit.
628 1923 701 1965 sed
721 1924 952 1965 scriberem
969 1923 1021 1964 acl
1040 1932 1082 1963 te
1094 1922 1147 1962 de
1169 1921 1251 1962 hoc
1270 1920 1404 1978 plura,
1425 1922 1456 1962 si
1477 1921 1634 1966 Romae

188 1995 314 2023 esses.
364 1983 406 2014 22
422 1980 474 2022 In
499 1980 711 2038 Pompeio
734 1990 776 2022 te
808 1995 927 2038 spem
951 1994 1122 2022 omnem
1154 1979 1233 2020 otii
1262 1993 1421 2034 ponere
1444 1993 1530 2020 non
1552 1981 1634 2021 mi-

236 2114 272 2142 14
293 2121 350 2142 sex
364 2111 468 2151 libris]
492 2111 544 2142 De
558 2113 736 2153 republica.
781 2112 887 2143 Erant
930 2111 1060 2151 quidem
1080 2111 1236 2141 vitiosum
1258 2115 1319 2142 est.
1366 2109 1530 2141 Corradus
1553 2120 1632 2141 con-

189 2158 263 2184 tum
278 2159 409 2185 tantum
426 2164 481 2185 sex
494 2155 620 2195 scripti.
637 2161 711 2196 post
726 2154 782 2186 alii
799 2155 888 2186 addi-
929 2155 1004 2194 jicit
1036 2154 1070 2185 C.
1090 2154 1231 2194 Alfium,
1257 2154 1312 2192 qui
1338 2152 1403 2182 illis
1429 2153 1634 2193 temporibus

187 2198 214 2227 ti
231 2208 239 2226 :
266 2207 342 2227 nam
365 2196 406 2227 ad
428 2196 468 2238 Ω.
487 2197 540 2228 Fr.
557 2198 621 2235 111,
637 2201 667 2229 ὁ.
686 2208 803 2229 novem
820 2209 886 2229 me-

190 2244 376 2270 morantur.

235 2284 272 2313 15
288 2292 391 2313 unum
408 2282 430 2314 ἱ.
443 2282 597 2323 requiris]
616 2282 637 2314 i.
652 2283 806 2313 vitiosum
822 2292 890 2313 esse

189 2329 297 2365 putas.

235 2368 273 2398 16
294 2369 392 2398 istam
417 2367 581 2406 tabulam]
609 2368 795 2405 Fastorum,
817 2377 890 2406 quae

191 2418 280 2441 nunc
304 2410 432 2450 publice
454 2412 622 2451 proposita
636 2417 698 2448 est,
716 2419 753 2441 ut
776 2419 890 2441 omnes

190 2452 257 2482 dies
272 2453 442 2483 actionum
459 2454 539 2483 seire
556 2454 693 2494 possint.

239 2497 272 2529 17
297 2497 498 2536 actionesque
511 2496 732 2536 composuisse]
751 2506 780 2527 v.
797 2495 890 2526 Clav.

191 2536 226 2568 in
241 2538 335 2568 aetio.

239 2583 274 2611 18
296 2581 331 2611 in
356 2586 452 2611 tuum
480 2585 620 2611 veterem
644 2590 782 2620 gregem
809 2579 887 2619 ret.]

191 2621 349 2653 Ordinem
376 2624 574 2663 equestrem,
600 2629 634 2655 et
659 2624 761 2654 filiam
785 2623 889 2663 equiti

191 2663 290 2696 Rom.
305 2665 454 2696 locasset.

238 2711 274 2742 19
296 2713 440 2739 correcta
462 2710 597 2749 epistola
617 2708 841 2747 fllemmz'ana]
867 2708 888 2738 i.

931 2202 1077 2236 quaestor
1091 2197 1166 2226 fuit.
1184 2196 1225 2226 ad
1239 2195 1280 2235 Ω.
1297 2196 1337 2226 fr.
1355 2195 1418 2233 ΙΙΙ,
1434 2198 1464 2225 3.
1489 2196 1569 2227 mihi
1585 2197 1633 2226 vi-

933 2240 1030 2270 detur
1054 2239 1242 2280 Aufidium,
1271 2248 1317 2269 sc.
1346 2238 1546 2275 Lurconem,
1576 2240 1632 2278 qui

935 2283 1052 2313 Pisone
1073 2289 1108 2313 et
1130 2280 1272 2312 Messala
1294 2281 1384 2311 Coss.
1399 2280 1477 2311 trib.
1502 2281 1546 2321 pl.
1560 2282 1631 2312 fue-

935 2330 996 2355 rat.
1012 2335 1089 2355 mox
1105 2334 1164 2365 pro
1179 2327 1346 2354 amantem
1371 2334 1422 2354 me
1443 2323 1632 2364 Malaspina

931 2367 1059 2398 mavult
1085 2378 1118 2398 (ι.
1143 2367 1219 2403 mei,
1242 2376 1259 2396 e
1282 2372 1441 2406 perpetua
1464 2366 1631 2397 Ciceronis

932 2409 1183 2446 consuetudine,
1199 2414 1232 2439 et
1247 2409 1293 2438 sic
1308 2409 1341 2438 in
1358 2409 1439 2439 Mss.
1454 2414 1632 2449 repererat.

933 2453 1051 2493 recepi.
1083 2451 1245 2494 adjunges
1270 2451 1321 2487 iis,
1346 2451 1384 2482 de
1411 2452 1528 2491 quibus
1554 2451 1635 2482 deli-

934 2495 1078 2526 beratur.

977 2541 1013 2567 21
1042 2537 1160 2568 Furnii
1174 2536 1330 2577 exceptio]
1355 2535 1434 2566 trib.
1451 2536 1498 2576 pl.
1515 2537 1570 2576 qui
1585 2546 1632 2572 sc,

935 2578 974 2609 de
1000 2582 1202 2610 successione
1228 2579 1471 2620 provinciarum
1494 2580 1633 2617 tulerat,

932 2623 988 2653 sed
1004 2622 1062 2660 ita,
1077 2624 1102 2653 si
1119 2622 1260 2654 Parthus
1276 2621 1358 2652 nihil
1375 2628 1532 2653 moveret.
1554 2632 1632 2652 nam

933 2665 995 2695 hoc
1024 2675 1065 2696 ne
1099 2665 1231 2701 faceret,
1261 2665 1403 2695 timebat
1433 2664 1561 2702 Cicero,
1593 2669 1633 2693 ut

931 2709 1151 2749 sempiternus
1183 2707 1288 2739 hostis
1322 2708 1561 2742 Romanorum,
1593 2711 1632 2737 ut

191 2760 218 2779 e.
236 2760 306 2788 quae
321 2757 392 2781 erat
405 2750 444 2782 de
460 2752 622 2782 Memmio
638 2761 737 2792 proco
750 2752 886 2787 Tulliae,
928 2760 1028 2791 supra
1040 2751 1134 2781 dixit.

191 2803 231 2822 eo
245 2802 353 2823 errore
368 2795 482 2833 agnito
497 2801 532 2825 et
546 2800 694 2825 correcto
709 2795 783 2834 jam
797 2793 886 2825 malo

190 2835 289 2883 Irunc,
323 2837 481 2875 equitem,
513 2847 613 2877 quam
647 2838 757 2875 illum,
786 2837 889 2878 patri·

188 2887 287 2907 cium.

231 2922 272 2950 '¹20
299 2920 436 2962 Aofium
462 2921 626 2963 nostrum]
662 2921 794 2954 Nomen
822 2920 886 2952 hoc

972 2796 1013 2826 92
1028 2794 1072 2825 In
1087 2793 1258 2834 Pompeio]
1274 2792 1437 2824 Revocavi
1452 2791 1630 2822 lectionem

932 2836 1005 2868 edd.
1022 2847 1070 2877 pr.
1115 2836 1158 2867 In
1175 2836 1371 2876 Pompeium
1393 2845 1411 2864 e
1435 2833 1630 2873 quibusdam

930 2879 1011 2912 Mss.
1029 2879 1202 2912 inductum
1218 2884 1268 2910 est
1284 2886 1395 2910 amore
1410 2876 1607 2909 insolentia».
