1940 3231
706 134 913 175 LIBER
944 135 1015 172 IX.
1492 142 1573 180 679

141 242 241 286 Hoc
266 242 370 286 mihi
394 243 519 300 plane
541 242 691 284 haesit:
724 248 768 280 et
791 254 903 280 nune
926 239 986 279 ita
1012 238 1149 289 video,
1173 238 1389 280 infinitum
1415 240 1571 283 bellum

130 301 336 357 junctum
369 301 604 342 miserrima
634 299 760 352 fuga,
792 311 920 351 quam
953 306 998 336 tu
1032 297 1419 351 peregrinationem
1453 305 1572 338 :am-zo·

136 363 221 413 ςίζη.
282 359 485 413 Sequitur
513 377 540 410 χ
560 361 657 407 ησ-μός
684 367 732 394 vt
768 353 950 395 Kalend.
975 353 1178 394 Februar.
1240 351 1348 408 Ege,
1378 353 1412 393 si
1444 353 1572 394 Pom-

130 407 250 470 peius
279 422 414 457 manet
445 413 489 454 in
553 411 671 462 talia,
705 425 774 451 nec
813 426 872 451 res
900 410 956 451 ad
983 411 1215 466 pactionem
1251 410 1376 459 venit,
1415 409 1573 465 longius

141 471 290 514 bellum
314 478 416 529 puto
431 469 558 525 fore.-
587 469 649 508 sin
682 467 856 508 Italiam
887 467 1095 524 relinquit,
1128 469 1168 498 ⁶4
1181 466 1238 508 ad
1258 474 1462 521 posterum
1491 467 1572 508 bel-

139 528 223 571 lum
253 531 407 571 ἐέσπωδον
435 526 539 567 strui
570 525 765 567 existima
829 524 973 580 Hujus
1014 526 1146 580 igitur
1186 524 1283 566 belli
1320 539 1402 581 ego
1442 528 1572 580 parti-

137 601 239 642 ceps
261 595 304 626 et
325 584 465 625 socius
491 592 533 624 et
556 582 727 637 adjutor
748 597 838 623 esse
860 597 1019 638 cogor3
1052 583 1091 613 65
1105 583 1220 637 quod
1251 591 1294 622 et
1315 584 1472 622 ἄσπονδον
1494 595 1573 635 est,

138 652 182 684 et
202 656 301 684 cum
320 641 503 683 civibus.
566 639 737 681 Deinde
762 653 833 681 vn
860 639 962 681 Idus
987 639 1189 680 Februar.
1212 654 1309 680 curn
1337 638 1429 693 jam
1453 639 1574 695 plura

136 700 305 740 audires
343 698 396 739 de
435 697 634 753 Pompeii
679 697 875 748 consilio,
913 696 1135 737 concludis
1174 696 1399 752 epistolam
1438 712 1573 751 quan-

135 756 233 797 dam
265 756 349 796 hoc
381 755 541 796 modo:
575 754 668 810 Ego
691 753 851 810 quidem
883 754 961 794 tibi
990 768 1071 794 uon
1099 754 1173 794 sim
1203 761 1359 804 auctor,
1379 754 1414 793 si
1446 753 1574 795 Pom-

127 813 247 868 peius
283 810 458 854 Italiam
494 811 704 867 relinquit,
744 818 782 852 te
819 826 975 867 quoque
1005 810 1241 868 profugere.
1280 826 1431 852 summo
1469 814 1575 854 enim

126 869 313 924 periculo
328 868 483 926 facies,
504 884 574 911 uec
602 868 834 924 reipublicae
860 868 1067 923 procleri85
1099 869 1164 909 cui
1193 868 1351 924 quidem
1375 870 1576 922 posterius

125 927 281 982 poteris
313 926 513 982 prodesse,
549 927 584 968 si
621 926 826 967 manseris.
889 926 1031 972 Quem
1070 930 1269 981 φιλόπατςιν
1305 941 1354 966 ac
1391 933 1573 972 πολιτικὸν,

132 984 323 1026 hominis
356 984 577 1040 prudentis
608 994 652 1025 et
680 983 824 1034 amici,
867 983 940 1023 tali
980 982 1219 1033 admonitu,
1258 997 1343 1023 non
1383 993 1576 1024 moveret

134 1043 397 1083 auctoritas?
423 1041 640 1097 Deinceps
662 1055 722 1082 111
743 1040 845 1081 Idus
869 1040 1072 1081 Februar.
1092 1040 1245 1080 iterum
1270 1039 1375 1080 mihi
1399 1054 1575 1095 respon..

131 1099 207 1140 des
229 1098 469 1142 consulenti
494 1099 578 1140 sie:
616 1097 740 1143 Quod
758 1097 901 1153 quaeris
922 1113 947 1138 a
977 1112 1052 1147 me,
1066 1094 1276 1153 fugamne
1291 1096 1444 1151 fidam,
1466 1098 1506 1128 66
1520 1113 1573 1138 an

130 1171 286 1198 moram
315 1155 569 1197 deserendam
600 1154 806 1196 utiliorem
836 1161 1004 1208 putem:
1041 1168 1112 1209 ego
1148 1168 1241 1195 vero
1279 1154 1323 1194 iu
1354 1155 1574 1209 prcesentia

129 1214 308 1255 subitum
336 1212 556 1263 discessum,
579 1220 616 1253 et
640 1211 893 1267 prcecz'pitem
916 1209 1226 1267 profectionem,
1254 1226 1344 1252 cum
1374 1211 1466 1261 tibi,
1489 1218 1574 1252 tum

130 1271 209 1325 ipsi
234 1270 355 1312 Cnceo
376 1269 562 1311 inutilem
592 1276 630 1311 et
653 1268 924 1324 periculosum
950 1276 1078 1324 puto:
1110 1275 1147 1309 et
1176 1268 1302 1310 satius
1333 1283 1408 1309 esse
1438 1268 1574 1309 existi-

129 1342 209 1379 mo,
231 1343 298 1370 vos
327 1327 570 1382 dispertitos,
592 1334 630 1368 et
660 1327 704 1367 in
734 1325 902 1381 speculis
924 1341 1012 1367 esse.
1036 1325 1102 1367 sed
1125 1325 1278 1366 medius
1292 1325 1426 1380 fidius
1458 1332 1575 1380 turpe

130 1385 246 1427 uobis
268 1392 372 1441 puto
405 1399 493 1436 esse,
515 1383 694 1440 defuga
717 1384 910 1440 cogitare.
973 1383 1074 1425 Hoc
1097 1392 1222 1439 turpe
1246 1383 1405 1424 Cnaeus
1429 1393 1573 1424 noster

131 1443 308 1484 biennio
339 1451 438 1483 ante
470 1442 707 1497 cogitavit:
741 1442 802 1482 ita
833 1440 1046 1482 sullaturit
1077 1441 1245 1481 animus
1277 1441 1384 1496 ejus,
1407 1450 1450 1480 et
1474 1455 1572 1496 pro-

130 1500 353 1556 scripturit
390 1499 479 1540 diu.
542 1498 662 1548 Inde,
693 1508 742 1539 ut
774 1499 942 1554 opinor,
975 1513 1073 1539 cum
1106 1508 1150 1538 tu
1184 1497 1235 1538 ad
1269 1513 1337 1539 me
1370 1498 1566 1554 quaedam
1584 1508 1613 1537 Ρ·
1635 1497 1701 1528 ¹46-

127 1558 325 1609 ·μνικώτεςον
357 1557 611 1612 scripsisses,
642 1566 686 1596 et
715 1570 799 1611 ego
832 1555 938 1595 mihi
969 1571 994 1596 a
1026 1565 1066 1595 te
1097 1555 1297 1610 quaedam
1332 1551 1610 1611 significari²¹'

126 1619 360 1666 putassem,
393 1623 439 1654 ut
470 1613 598 1654 Italia
627 1613 847 1654 cederem:
881 1612 1105 1653 detestaris
1138 1612 1220 1653 hoc
1251 1613 1480 1668 diligenter
1513 1627 1565 1654 Χῖ

131 1666 315 1712 Kalend.
339 1670 474 1712 Mart.
537 1670 630 1727 Ego
660 1685 753 1712 vero
782 1668 896 1711 nulla
918 1669 1087 1724 epistola
1107 1669 1352 1725 signg‘ficavi,
1373 1670 1407 1710 si
1428 1668 1573 1711 Cnoeus

132 1723 264 1766 Italia
287 1727 453 1779 cederet,
477 1735 521 1769 ut
545 1735 589 1769 tu
624 1743 706 1769 uua
740 1728 915 1768 cederes:
947 1734 1035 1778 aut,
1056 1727 1091 1767 si
1111 1726 1355 1783 significavi,
1379 1742 1458 1768 uon
1480 1727 1571 1768 dico

113 1780 195 1837 sici
215 1782 457 1836 inconstans,
479 1785 547 1825 sed
565 1785 735 1826 demens.
798 1784 848 1825 ln
872 1785 1021 1826 eadem
1044 1784 1228 1840 epistola
1250 1785 1332 1825 alio
1356 1784 1466 1835 loco,
1493 1784 1574 1825 Ni-

130 1838 194 1879 ln'l
212 1840 473 1899 relinquitur,
498 1842 732 1898 nisifuga:
765 1842 830 1883 cui
864 1849 901 1883 te
926 1842 1076 1883 socium
1104 1842 1340 1897 neutiquam
1363 1849 1467 1896 puto
1499 1857 1574 1883 esse

128 1904 322 1951 oportere,
354 1915 424 1941 nec
454 1915 646 1956 umquam
678 1899 844 1954 putavi.
906 1898 1062 1940 Totam
1094 1908 1237 1939 autem
1270 1898 1381 1939 hanc
1411 1898 1572 1940 delibe-

129 1954 339 1997 rationem
371 1957 533 1998 evolvis
566 1958 809 1998 accuratius
842 1956 885 1996 in
918 1956 1070 1997 litteris
1106 1970 1181 1996 nx
1219 1955 1402 1996 Kalend.
1437 1956 1572 1997 Mart.

129 2010 256 2054 datis.
319 2013 368 2054 Si
402 2013 468 2055 M.
494 2013 674 2069 Lepidus
698 2022 735 2055 et
760 2013 815 2055 L.
845 2012 1053 2054 Volcatius
1082 2020 1304 2063 remanent,
1328 2012 1570 2054 manendum

123 2075 242 2122 putO,
273 2071 333 2112 ita
365 2078 424 2122 ut,
455 2071 537 2112 6732·
563 2071 696 2113 salvus
727 2072 779 2112 sit
812 2071 1046 2126 Pompeius,
1078 2077 1115 2111 et
1146 2070 1371 2111 constiterit
1400 2070 1570 2121 alicubi,

127 2124 232 2166 hanc.
263 2132 383 2169 uenvloe»
413 2127 632 2184 relinquaS,
656 2135 692 2169 et
725 2136 763 2170 te
792 2129 836 2169 in
867 2128 1086 2169 certamine
1115 2127 1225 2169 vinci
1261 2143 1350 2168 cum
1387 2126 1459 2167 illo
1491 2125 1572 2183 fa-

126 2182 244 2224 cilius
271 2185 463 2239 patiariS,
495 2201 617 2241 quam.
648 2201 736 2227 cum
767 2186 840 2227 lcoc
870 2186 915 2226 in
934 2201 993 2236 ea,
1022 2199 1108 2240 quae
1135 2184 1380 2239 perspicitur
1395 2184 1571 2240 fitturu,

128 2239 300 2283 colluvie
322 2257 506 2299 regnare.
556 2243 701 2284 Multa
722 2243 915 2299 disputas
940 2243 1040 2283 huic
1064 2243 1288 2283 sententiae
1312 2243 1573 2283 convenien-

127 2298 200 2339 tia.
223 2299 322 2340 inde
344 2301 396 2341 ad
429 2311 687 2341 extremum.
752 2299 865 2355 Quid
891 2300 940 2352 si,
965 2299 1121 2355 inquiS,
1150 2298 1330 2354 Lepidus
1361 2306 1399 2340 et
1426 2298 1574 2340 Volca-

165 2428 208 2459 64
230 2429 276 2459 ad
296 2434 466 2469 posterum
492 2429 756 2469 bellum—strui]
787 2431 833 2461 ad
874 2431 970 2460 xisse.
986 2428 1120 2459 dixisset
1136 2429 1286 2470 infidam.
1304 2428 1382 2468 quid
1397 2429 1574 2469 scripserit,

123 2480 158 2511 p.
173 2480 233 2511 pro
252 2473 285 2501 in
296 2482 335 2511 p.
381 2473 444 2502 Sed
458 2482 613 2511 quorsum
631 2473 662 2502 id
686 2472 831 2510 additur,
876 2472 1023 2503 nondum
1040 2472 1160 2511 reperi.
1184 2472 1246 2501 Sed
1261 2476 1295 2501 et
1310 2471 1483 2511 epitheton
1494 2471 1575 2511 fida

129 2513 215 2552 quod
233 2519 284 2544 est
299 2514 385 2545 clare
408 2516 487 2544 satis
511 2515 545 2544 in
568 2515 681 2544 strui?
705 2519 739 2545 et
754 2525 833 2554 quo·
877 2515 958 2545 mihi
975 2523 1041 2544 non
1057 2514 1135 2543 satis
1151 2520 1279 2544 certum
1298 2514 1437 2544 videtur.
1451 2523 1510 2543 nec
1524 2518 1577 2544 ta-

128 2555 225 2585 modo
249 2557 318 2587 haec
333 2562 406 2587 tota
421 2557 588 2587 sententia
605 2557 714 2587 differt
727 2567 747 2588 a
761 2559 826 2597 pri-
869 2567 944 2587 men
958 2556 990 2586 id
1007 2555 1235 2595 corrigendum
1248 2555 1445 2595 estsoedam,
1458 2555 1507 2585 vel
1521 2557 1574 2586 de-

130 2598 190 2633 ori,
206 2598 261 2627 ubi
278 2599 414 2638 longum
432 2599 555 2629 bellum
573 2604 670 2639 putat
686 2599 777 2629 fore?
856 2598 1002 2638 fiedam,
1027 2603 1064 2628 ut
1086 2608 1162 2628 cum
1181 2599 1278 2629 Bosio
1294 2599 1455 2628 Gruterus
1473 2598 1572 2628 dedit.

171 2641 211 2669 65
234 2642 319 2679 quod
338 2646 368 2671 et
383 2642 457 2671 ἔστ.
473 2646 531 2677 est,
547 2646 577 2671 et
594 2651 620 2671 e.
637 2642 683 2680 c.]
709 2640 828 2671 Addidi
873 2651 949 2671 narn
975 2641 1023 2670 ita
1050 2650 1116 2670 non
1141 2641 1270 2671 Atticus
1294 2640 1477 2671 foeditatem
1504 2641 1573 2678 ejtls

131 2686 188 2717 est,
205 2682 290 2720 quod
313 2683 384 2713 cdd.
401 2694 451 2724 pr.
470 2684 605 2720 habent,
623 2684 678 2714 sed
699 2684 770 2714 sine
785 2687 828 2720 et,
872 2683 1006 2713 demum
1022 2682 1231 2713 ostendisset.

132 2724 218 2763 quod
233 2725 410 2756 exciderat.
914 2725 953 2758 67
976 2725 1004 2754 si
1018 2726 1128 2755 salvus
1143 2724 1199 2764 sie]
1226 2726 1246 2755 i.
1262 2735 1292 2754 e.
1307 2724 1445 2754 evaserit
1465 2722 1574 2753 Caesa·

171 2767 212 2796 ‹56
235 2776 280 2796 an
294 2776 422 2798 moram
436 2768 661 2807 deserendam]
689 2769 742 2798 Sic
756 2766 829 2798 edd.
874 2777 940 2796 rem
981 2767 1102 2801 salvus,
1141 2767 1190 2797 vel
1234 2770 1482 2807 persequentem
1523 2766 1571 2794 vel

131 2814 210 2839 vett.
228 2813 263 2838 et
285 2809 393 2849 plnres
417 2819 479 2840 scr.
500 2811 586 2849 quod
609 2811 696 2841 varie
721 2815 830 2840 muta·
872 2808 1038 2839 Brundisii
1073 2809 1299 2839 obsidentem:
1335 2813 1365 2836 et
1397 2807 1572 2838 constiterit

130 2856 203 2881 tum
221 2855 281 2881 est.
304 2861 395 2882 mora
418 2853 593 2882 deserenda
615 2858 700 2882 esset
722 2853 828 2882 incer·
872 2852 1007 2887 alicubi,
1023 2854 1061 2880 ut
1085 2856 1159 2891 post
1183 2851 1310 2881 factum
1332 2849 1373 2881 ad
1396 2850 1567 2891 Dyrrachi

126 2895 163 2924 ta
179 2905 186 2922 -:
210 2894 266 2925 sed
290 2902 356 2924 non
380 2894 475 2924 credo
492 2894 523 2924 id
537 2894 691 2924 Atticum
713 2894 759 2924 sic
779 2893 828 2924 di·
872 2903 928 2922 um
945 2894 979 2923 in
995 2893 1107 2932 Epiro.

798 2941 930 2976 xx4
