1940 3231
262 260 310 295 15

322 147 402 183 960
566 203 570 206 ἱ
765 145 948 185 EPIST.
975 146 1055 184 AD
1081 144 1356 186 BRUTUM.

841 251 1249 290 ARGUMENTUM.

325 310 522 347 Messalam
552 313 702 362 mirifice
733 313 875 357 laudat,
894 320 928 351 et
954 315 1262 363 reprehensionem
1287 315 1409 351 nimioe
1425 315 1462 350 in
1481 314 1677 351 tribuendis
1695 313 1758 351 ho-

373 364 521 400 noribus
543 363 760 415 facilitatis,
781 367 819 402 in
845 368 957 415 poenis
984 372 1107 403 autem
1124 369 1353 404 decernendis
1370 368 1574 403 severitatis
1592 371 1760 403 accurate

375 416 498 452 diluit.
552 418 665 464 Urget
681 422 858 464 praeterea
875 420 1032 454 reditum
1049 420 1088 455 in
1107 417 1270 463 Italiam,
1290 420 1382 456 etde
1396 419 1528 467 Lepidi
1547 419 1667 456 liberis
1682 423 1760 456 stu·

375 469 476 504 dium
493 481 597 505 suum
611 470 819 517 pollicetur.

765 535 1001 578 CICERO
1033 536 1243 579 BRUTO
1276 538 1322 579 S.

326 589 683 644 MESSALAM
705 602 853 644 habes.
915 604 1087 650 Quibus
1120 604 1253 660 igitur
1274 604 1426 646 litteris
1452 613 1537 645 tam
1561 610 1766 645 accurate.

325 659 497 716 scriptis
519 660 686 714 assequi
713 675 900 715 possum,
923 661 1122 702 subtilius
1153 671 1202 702 ut
1236 662 1464 717 explicem,
1487 677 1584 717 quae
1607 674 1760 717 geran-

325 727 408 768 tur,
430 730 614 772 quaeque
636 717 722 758 sint
753 717 797 758 in
828 718 1061 773 republica,
1084 733 1212 773 quarn
1238 719 1315 760 tibi
1340 719 1374 759 is
1397 729 1601 774 exponet,
1623 717 1695 773 qui
1718 726 1763 757 et

325 775 490 831 optime
511 773 658 814 omnia
679 773 817 825 novit,
830 785 875 815 et
895 775 1212 831 elegantissime
1234 775 1438 832 expedire
1459 785 1502 816 et
1522 776 1686 816 deferre
1708 775 1760 815 ad

306 841 370 885 ‚te
392 833 567 888 potest?
619 830 737 872 Cave
767 832 882 872 enim
923 833 1160 883 existimes,
1187 832 1334 884 Brute,
1365 838 1642 887 (quamquam
1676 846 1760 872 nou

305 899 392 931 ,est
415 902 601 936 necesse,
624 902 675 929 ea
699 903 764 929 mc
792 889 844 930 ad
871 898 925 940 te,
948 905 1044 945 quae
1071 890 1147 931 tibi
1175 900 1278 930 nota
1311 900 1425 940 sunt,
1448 890 1655 931 scribere:
1690 889 1761 930 scd

327 956 472 988 tamen
496 954 659 986 tantam
692 947 886 987 onmium
920 947 1091 988 laudum
1124 946 1422 988 excellentiam
1456 961 1540 987 non
1573 960 1683 1001 queo
1708 946 1764 986 si-

325 1004 460 1046 lentio
496 1003 753 1059 praeterire,)
786 1018 890 1046 cave
929 1014 1065 1060 putes,
1101 1004 1332 1060 probitate,
1364 1003 1622 1054 constantia,
1647 1017 1762 1054 cura,

325 1061 470 1104 studio
494 1059 744 1116 reipublicae
767 1061 1003 1117 quidquam
1031 1061 1090 1102 illi
1124 1076 1215 1102 esse
1241 1061 1402 1103 simile:
1436 1071 1484 1102 ut
1504 1060 1763 1116 eloquentia,

324 1133 411 1176 qua
431 1117 686 1159 mirabiliter
707 1118 896 1170 excellit,
920 1119 993 1160 vix
1017 1118 1058 1160 in
1083 1133 1134 1159 eo
1167 1118 1307 1160 locum
1332 1119 1384 1159 ad
1408 1118 1665 1159 laudandum
1692 1117 1766 1158 ha-

322 1177 426 1218 bere
448 1175 658 1217 videatur.
690 1190 952 1232 quamquam
977 1177 1020 1217 in
1053 1176 1133 1217 bae
1158 1175 1264 1232 ipsa,
1287 1179 1329 1207 44
1344 1175 1554 1231 sapientia
1577 1174 1669 1230 plus
1690 1190 1765 1230 ap-

325 1242 461 1291 paret.
494 1233 554 1273 ita
575 1235 695 1288 gravi
711 1233 899 1289 judicio,
922 1234 1142 1289 multaque
1164 1244 1255 1275 arte
1278 1248 1322 1274 se
1352 1232 1546 1274 exercuit
1569 1233 1613 1273 in
1636 1236 1765 1272 veris-

327 1292 436 1333 simo
459 1304 616 1346 genere
647 1290 834 1332 dicendi.
886 1290 1026 1332 Tanta
1056 1300 1201 1332 autem
1234 1291 1443 1332 industria
1473 1300 1552 1341 est,
1577 1298 1766 1330 tantum-

324 1362 410 1405 que
431 1347 610 1403 evigilat
631 1349 675 1388 in
708 1348 867 1399 studio,
890 1357 937 1388 ut
967 1363 1054 1389 non
1077 1348 1270 1389 maxima
1293 1348 1467 1404 ingenio
1491 1347 1626 1402 (quod
1646 1346 1690 1388 in
1713 1360 1765 1390 eo,

327 1419 542 1447 summum
585 1407 669 1455 est)
717 1407 858 1462 gratia
900 1405 1097 1447 habenda
1137 1405 1347 1447 videatur.
1427 1405 1510 1446 Sed
1554 1403 1767 1460 provehor

326 1477 486 1504 amore.
521 1476 606 1502 non
629 1462 743 1504 enim
777 1463 818 1504 id
844 1463 1114 1519 propositum
1137 1473 1202 1503 est
1234 1462 1334 1504 huic
1365 1462 1576 1519 epistolae,
1599 1460 1768 1502 Messa-

326 1520 410 1562 lam
445 1530 492 1561 ut
531 1519 715 1571 laudem,
750 1522 987 1577 p1·aesertim
1017 1519 1071 1562 ad
1103 1519 1306 1572 Brutum,
1332 1522 1400 1562 cui
1436 1529 1479 1561 et
1499 1519 1633 1560 virtus
1655 1518 1768 1560 illius

319 1592 415 1621 non
439 1577 594 1628 minim,
618 1592 747 1633 quam
785 1578 906 1628 mihi,
930 1588 1035 1620 nota
1065 1587 1148 1628 est,
1170 1589 1213 1619 et
1248 1578 1342 1619 liaec
1376 1579 1470 1634 ipsa
1492 1576 1648 1627 studia,
1669 1590 1769 1632 quae‘

319 1635 469 1687 laudo,
508 1634 708 1677 notiora:
740 1650 868 1691 quem
897 1650 996 1677 cum
1037 1651 1062 1676 a
1099 1649 1166 1676 me
1196 1635 1437 1687 dimittens,
1460 1635 1649 1690 graviter
1685 1632 1768 1674 fer-

326 1707 445 1745 rem3
478 1692 561 1733 hoc
596 1691 768 1734 levabar
797 1707 897 1743 uno,
924 1693 1039 1748 quod
1073 1692 1124 1732 ad
1164 1703 1219 1744 te,
1253 1702 1472 1747 tamquam
1501 1691 1552 1732 ad
1586 1690 1769 1732 alterum

329 1765 411 1800 me,
434 1749 727 1806 proficiscens,
749 1759 793 1791 et
811 1750 957 1792 officio
977 1749 1257 1805 fungebatur,
1280 1759 1324 1790 et
1343 1749 1512 1790 laudem
1532 1748 1768 1789 maximam

327 1808 602 1863 sequebatur.
664 1807 747 1848 Sed
788 1807 882 1849 haec
917 1807 1139 1849 hactenus.
1195 1806 1333 1847 Venio
1368 1821 1485 1848 nunc
1512 1805 1645 1861 longo
1668 1819 1769 1846 saue

328 1863 551 1906 intervallo
584 1864 637 1906 ad
663 1865 878 1919 quandam
902 1865 1145 1921 epistolam,
1168 1879 1252 1919 qua
1276 1864 1380 1905 mihi
1404 1863 1540 1905 multa
1562 1863 1768 1912 tribuens,

329 1937 459 1964 unum
485 1921 840 1978 reprehendebas,
863 1922 979 1978 quod
1004 1925 1046 1964 in
1071 1922 1308 1962 honoribus
1330 1920 1611 1963 decernendis
1633 1934 1769 1961 essem

329 1980 503 2030 nimius,
535 1987 580 2020 et
619 1989 838 2035 tamquam
878 1979 1098 2036 prodigus.
1171 1977 1238 2020 Tu
1279 1979 1384 2022 hoc:
1435 1978 1544 2019 alius
1573 1977 1769 2028 fortasse,

326 2037 443 2093 quod
476 2036 518 2077 in
551 2037 921 2078 animadversione
959 2050 1179 2093 poenaque
1210 2037 1386 2089 durior3
1416 2038 1457 2067 45
1477 2034 1557 2076 nisi
1589 2034 1771 2076 fortasse

329 2104 559 2149 utrumque
583 2104 644 2135 tu.
705 2094 836 2142 Quod
860 2095 891 2135 si
930 2095 990 2136 ita
1022 2106 1102 2143 est,
1134 2094 1356 2149 utriusque
1395 2094 1452 2135 rei
1482 2107 1624 2134 meum
1651 2091 1770 2147 judi-

329 2153 446 2194 cium
469 2152 549 2194 tibi
582 2152 712 2207 cupio
743 2166 834 2193 esse
857 2153 1158 2193 notissimum:
1193 2165 1330 2206 neque
1350 2151 1506 2202 solum,
1527 2160 1575 2191 ut
1599 2149 1769 2203 Solonis
1814 2183 1817 2189 .

330 2210 498 2251 dictum
532 2223 748 2266 usurpem,
767 2209 844 2266 qui
875 2218 919 2250 et
949 2208 1295 2266 sapientissimus
1327 2208 1410 2250 fuit
1440 2222 1498 2250 ex
1523 2217 1704 2264 septem,
1726 2216 1773 2247 et

330 2267 476 2324 legum
498 2267 682 2322 scriptor
718 2267 832 2308 solus
864 2281 919 2308 ex
955 2276 1137 2322 septem.
1191 2265 1233 2307 Is
1258 2267 1566 2321 rempublicam
1605 2264 1771 2306 duabus

332 2327 457 2366 rebus
480 2325 692 2366 contineri
712 2324 841 2375 dixit,
865 2326 1046 2381 praemio
1085 2334 1129 2365 et
1158 2338 1303 2379 poena.
1341 2334 1405 2364 est
1428 2323 1594 2365 scilicet
1617 2322 1774 2363 utrius-

332 2397 416 2438 que
439 2383 498 2424 rei
521 2382 689 2433 modus,
709 2383 821 2423 sicut
843 2381 1120 2437 reliquarum,
1138 2392 1182 2422 et
1203 2382 1406 2437 quaedam
1428 2382 1476 2421 in
1498 2391 1680 2434 utroque
1700 2393 1774 2434 ge-

334 2454 433 2481 nere
455 2439 728 2480 rnediocritas
748 2457 757 2481 :
791 2440 863 2480 sed
894 2453 982 2479 non
1008 2449 1129 2479 tanta.
1158 2438 1211 2479 de
1243 2453 1286 2479 re
1310 2438 1581 2494 propositum
1603 2446 1668 2478 est
1691 2436 1773 2476 hoc

325 2497 428 2538 loco
459 2497 694 2552 disputare.
757 2496 877 2543 Quid
906 2510 990 2553 ego
1013 2504 1159 2537 autem
1191 2506 1364 2536 secutus
1386 2495 1469 2536 hoc
1493 2494 1604 2535 bello
1627 2493 1704 2533 sim
1729 2493 1773 2534 in

332 2553 556 2596 sententiis
578 2553 770 2596 dicendis
793 2554 958 2609 aperire
989 2567 1075 2595 non
1099 2553 1287 2594 alienum
1312 2563 1433 2608 puto.
1498 2551 1604 2593 Post
1626 2551 1773 2591 interi-

332 2622 424 2652 tum
449 2611 648 2662 Caesaris,
677 2620 720 2651 et
745 2620 908 2652 vestras
940 2610 1240 2652 memorabiles
1264 2609 1368 2652 Idus
1402 2609 1599 2659 Martias,
1623 2607 1773 2658 Brute,

330 2669 436 2725 quid
466 2683 548 2725 ego
569 2668 611 2698 45
623 2668 961 2725 praetermissum
991 2683 1017 2709 a
1038 2667 1177 2718 vobis,
1200 2677 1494 2722 quantamque
1526 2664 1774 2722 impendere

371 2785 414 2814 44
435 2782 596 2822 sapientia
611 2783 690 2821 plus
710 2781 866 2824 apparet]
883 2782 1030 2813 Faernus
1075 2781 1109 2811 in
1135 2781 1254 2811 liberos
1277 2779 1392 2822 Lepidi
1418 2781 1641 2817 severitatem,
1656 2779 1696 2810 de
1712 2788 1778 2819 qua,

329 2825 475 2855 malebat
488 2826 665 2863 sapientiai.
690 2825 781 2855 bene.
1074 2834 1126 2865 ep.
1149 2825 1197 2855 13.

370 2870 411 2898 45
433 2865 653 2905 nisifortasse
674 2872 852 2907 utrumque
873 2865 925 2906 tu]
952 2867 1030 2898 Pro.
1115 2866 1157 2896 46
1175 2866 1434 2906 praetermissum
1453 2874 1476 2894 a
1497 2864 1598 2907 vobis]
1626 2864 1705 2896 Non
1727 2862 1776 2894 in·

329 2914 404 2950 pter
414 2909 700 2942 tumores-Causast
717 2909 864 2943 decretos
879 2920 898 2944 a
913 2919 980 2949 me,
995 2914 1031 2942 et
1073 2909 1213 2942 terfecto
1226 2917 1272 2941 se.
1289 2917 1356 2942 uua
1369 2906 1529 2939 Antonio.
