1940 3231
159 1344 188 1375 p.
212 1334 280 1363 154.

272 127 349 164 692
689 117 871 160 EPIST.
897 118 978 159 AD
1003 117 1292 163 ATTICUM,

275 228 473 271 modeste
493 226 618 279 fiunt,
640 232 786 269 tamen
815 225 910 283 ipsa
933 239 1009 283 per
1039 239 1084 266 se
1110 224 1294 266 molesta
1315 231 1440 277 sunt;
1470 238 1604 280 quam
1623 237 1724 267 cen-

277 301 342 329 ses
365 285 522 328 acerba
541 299 657 327 nunc
679 298 785 336 esse,
807 297 908 326 cum
937 299 962 324 a
984 282 1178 339 perditis,
1200 283 1244 324 in
1267 281 1386 324 civili
1409 281 1574 323 nefario
1598 281 1726 334 bello,

275 343 624 402 petulantissime
658 342 793 383 fiant?
823 355 929 383 cave
957 350 1100 381 autem
1133 351 1274 397 putes,
1297 354 1558 397 quemquam
1582 338 1727 380 homi·

280 417 378 444 nem
402 402 448 443 in
471 400 599 442 Italia
621 409 793 455 turpem
814 412 922 450 esse5
944 399 1019 453 qui
1041 398 1143 440 hinc
1165 399 1294 440 absit.
1318 398 1404 439 vidi
1430 398 1523 454 ipse
1543 396 1730 438 Formiis

280 461 529 502 universos:
563 471 702 513 neque
724 454 968 498 mehercule
1002 467 1207 511 umquam
1242 457 1442 498 homines
1478 455 1653 512 putavi3
1685 462 1732 495 et

281 532 432 560 noram
455 530 628 565 omnes;
659 514 733 556 sed
756 527 992 569 numquam
1014 528 1101 554 uno
1119 513 1216 555 loco
1238 514 1440 556 videram.
1492 513 1732 569 Pergamus

282 575 431 633 igitur,
454 589 540 629 quo
573 572 728 629 placet,
749 580 794 612 et
814 579 962 612 nostra
983 571 1131 612 omnia
1153 571 1458 627 relinquamus.
1482 570 1733 628 proficisca-

283 647 380 675 mur
401 632 454 673 ad
475 645 590 682 eum,
614 630 684 672 cui
708 629 873 686 gratior
896 637 1040 670 noster
1070 629 1279 670 adventus
1301 630 1397 681 erit,
1419 644 1549 685 quam
1578 628 1613 669 si
1647 641 1735 669 una

283 691 528 732 fuissemus.
565 699 658 729 tum
696 688 813 729 enim
845 701 1014 728 eramus
1055 686 1098 727 in
1138 687 1330 728 maxima
1353 702 1452 743 spe3
1483 700 1614 737 nunc,
1649 699 1734 741 ego

284 748 474 804 quidem,
497 747 540 787 in
571 745 712 788 nulla:
746 760 841 796 nec,
876 754 1033 801 praeter
1068 759 1152 796 me,
1173 745 1402 800 quisquam
1435 744 1562 786 Italia
1588 744 1735 794 cessit,

284 806 365 847 nisi
389 806 463 861 qui
486 804 603 845 hunc
625 803 849 844 inimicum
875 802 957 843 sibi
983 811 1167 858 putaret.
1192 816 1272 843 nec
1289 801 1537 850 mehercule
1562 801 1648 843 hoc
1671 799 1736 842 fa-

286 864 354 904 cio
391 862 642 918 reipublicae
665 876 810 912 causa,
840 875 970 916 quam
995 859 1191 901 funditus
1213 859 1395 901 deletam
1421 868 1552 915 puto:
1585 858 1657 901 sed
1681 872 1736 900 ne

286 922 382 978 quis
417 935 484 961 mc
516 929 638 975 putet
668 919 889 975 ingratum
922 918 966 958 in
989 932 1103 969 eum,
1126 917 1198 972 qui
1224 932 1291 958 me
1313 917 1473 958 levavit
1495 917 1546 958 iis
1569 917 1738 958 incom-

286 979 442 1030 modis,
464 978 622 1034 quibus
645 977 758 1018 idem
783 976 1011 1018 affecerat:
1043 985 1087 1016 et
1110 974 1252 1027 simul,
1273 974 1390 1030 quod
1411 988 1475 1026 ea,
1497 989 1595 1030 quae
1610 974 1738 1024 fiunt,

287 1047 361 1078 aut
383 1051 480 1092 quae
512 1044 628 1077 certc
656 1034 803 1076 futura
832 1044 948 1083 sunt,
971 1033 1116 1074 videre
1139 1048 1226 1075 non
1249 1046 1441 1089 possum.
1462 1033 1592 1073 etiam
1616 1031 1739 1087 equi-

285 1096 384 1136 dem
408 1103 581 1136 senatus
602 1092 801 1134 consulta
823 1091 940 1133 facta
956 1091 1156 1146 quaedam
1174 1090 1269 1145 jam
1293 1099 1427 1147 putO;
1449 1090 1618 1131 utinam
1638 1092 1678 1124 27
1694 1089 1739 1130 in

287 1152 475 1194 Vulcatii
499 1151 781 1192 seutentiam!
815 1149 887 1190 sed
911 1149 1015 1205 quid
1039 1148 1197 1190 refert?
1227 1158 1292 1190 est
1313 1148 1427 1189 enim
1459 1162 1547 1189 una
1568 1155 1742 1188 senten-

290 1211 350 1251 tia
371 1210 582 1251 omnium.
613 1209 687 1250 sed
711 1208 793 1249 erit
814 1207 1125 1263 injustissimus
1149 1206 1339 1258 Servius,
1361 1206 1434 1262 qui
1461 1204 1599 1246 filium
1620 1202 1744 1245 misit

290 1271 329 1299 28
344 1268 397 1309 ad
420 1267 701 1323 effligcndum
721 1265 804 1307 Cn.
830 1265 1105 1321 Pompeium,
1121 1273 1197 1306 aut
1213 1274 1331 1306 certe
1352 1263 1628 1320 capiendum,
1641 1275 1744 1304 cum

294 1326 456 1368 Pontio
482 1324 722 1366 Titiniano.
750 1323 830 1365 etsi
854 1323 926 1364 hic
949 1323 1124 1378 quidem
1148 1321 1317 1364 timoris
1339 1336 1494 1373 causa;
1525 1319 1651 1361 29ille
1672 1333 1746 1361 ve-

272 1387 368 1426 ·ro?
400 1384 474 1425 sed
504 1381 766 1424 stomachari
794 1381 1056 1432 desinamus,
1090 1383 1131 1411 3⁰
1144 1390 1188 1422 et
1209 1379 1443 1435 aliquando
1469 1376 1748 1429 sententiam,

291 1444 327 1473 3¹
351 1452 396 1483 ut
419 1440 527 1482 nihil
560 1441 678 1490 novi,
700 1439 782 1480 nisi
807 1439 864 1490 id,
887 1438 1004 1495 quod
1026 1438 1257 1480 minimum
1281 1437 1433 1479 vellem
1455 1436 1658 1494 spiritum
1680 1449 1747 1477 re-

292 1500 456 1555 liquum
492 1513 599 1540 esse.
653 1497 762 1549 Nos,
783 1499 989 1553 quoniam
1025 1511 1228 1552 superum
1266 1509 1383 1537 mare
1415 1494 1655 1546 obsidetur,
1677 1493 1746 1535 in·

293 1558 385 1600 fero
418 1555 749 1613 navigabimus3
780 1564 839 1607 et,
871 1555 904 1596 si
947 1554 1141 1596 Puteolis
1171 1554 1254 1595 erit
1288 1552 1481 1604 difficile,
1504 1551 1746 1594 Crotonem

292 1625 505 1672 petemuS,
522 1623 597 1656 aut
614 1613 802 1655 Thurios
817 1630 828 1665 ;
851 1621 895 1654 et
911 1613 1015 1654 boni
1033 1612 1164 1664 cives,
1179 1619 1372 1652 amantes
1389 1609 1556 1667 patriae,
1573 1611 1614 1641 32
1628 1622 1747 1650 mare

292 1674 501 1715 infestum
532 1671 806 1713 habebimus.
843 1670 970 1712 aliam
1002 1670 1213 1712 rationem
1253 1668 1383 1723 hujus
1427 1667 1528 1710 belli
1568 1665 1746 1723 gerendi

291 1731 454 1773 nullam
491 1731 631 1772 video.
651 1732 691 1760 33
707 1729 751 1770 in
774 1728 1021 1785 AEgyptum
1055 1742 1132 1769 nos
1155 1726 1379 1769 abdemus.
1401 1724 1597 1767 exercitu
1622 1738 1747 1781 pares

293 1803 385 1831 esse
409 1803 493 1830 uon
530 1801 773 1845 possumus.
808 1801 926 1842 pacis
957 1787 1063 1827 fides
1095 1785 1212 1826 nulla
1231 1795 1312 1826 est.
1335 1783 1407 1825 sed
1432 1783 1526 1825 haec
1549 1782 1653 1824 satis
1673 1781 1749 1823 de-

293 1848 463 1904 plorata
491 1855 604 1887 sunt.
656 1843 722 1886 Tu
747 1846 873 1885 velim
904 1844 1066 1886 litteras
1091 1842 1351 1899 Cephalioni
1375 1841 1448 1883 des
1471 1841 1525 1883 de
1543 1840 1748 1883 omnibus

294 1907 421 1947 rebus
453 1905 578 1955 actis,
608 1903 795 1958 denique
828 1902 960 1943 etiam
992 1902 1045 1942 de
1076 1900 1347 1942 sermonibus
1379 1899 1634 1950 hominum3
1666 1896 1749 1938 nisi

294 1963 421 2019 plane
443 1963 772 2004 obmutuerunt.
835 1958 930 2016 Ego
957 1959 1039 2000 tuis
1068 1959 1259 2000 consiliis
1283 1972 1382 1999 usus
1403 1971 1514 2008 sum,
1538 1954 1751 1997 maxime-

292 2034 392 2075 que,
415 2020 531 2076 quod
555 2019 815 2075 gravitatem
840 2019 881 2059 in
905 2031 1138 2073 congressu
1174 2027 1322 2057 nostro
1353 2014 1488 2066 tenui,
1522 2028 1651 2070 quam
1674 2013 1750 2054 de-

296 2078 398 2132 bui3
429 2087 486 2130 et,
520 2076 576 2119 ad·
606 2076 754 2118 urbem
790 2085 838 2116 ut
869 2089 956 2116 non
989 2075 1254 2126 accederem,
1278 2073 1565 2131 perseveravi.
1617 2069 1750 2118 Quod

338 2222 377 2254 ⁶27
403 2221 438 2250 in
462 2217 604 2250 Vulcatii
631 2215 843 2257 senten-tiam]
886 2217 932 2248 ‘Ut
963 2217 1004 2248 de
1045 2216 1132 2255 qumi
1148 2216 1241 2247 abest
1262 2216 1303 2247 ab
1318 2216 1367 2247 ed.
1381 2216 1480 2247 Rom.
1502 2214 1623 2246 delevit
1637 2212 1751 2244 Victo-

296 2272 374 2303 pane
389 2262 490 2302 legati
506 2262 732 2292 mitterentur.
1046 2260 1124 2290 riu-z.
1143 2261 1235 2289 bene.

338 2308 378 2337 ΩΒ
402 2304 454 2336 ad
473 2303 688 2346 effligendnm
723 2303 780 2334 Cn.
808 2302 867 2343 P.]
893 2302 946 2333 Sic
970 2303 1003 2333 in
1091 2305 1126 2333 31
1156 2306 1191 2332 ut
1216 2302 1301 2332 nihil
1318 2302 1405 2342 nnvi]
1432 2300 1750 2340 sc.velimue.,opte-

295 2348 379 2380 Mss.
409 2348 476 2378 suis
506 2347 656 2388 reperere
685 2345 776 2377 vict.
805 2345 1004 2386 Malaspina.
1051 2354 1137 2382 mus,
1167 2345 1230 2375 uisi
1258 2346 1315 2375 διο.
1342 2351 1451 2375 cetera
1474 2347 1553 2374 sunt
1574 2341 1682 2373 adhuc
1705 2341 1753 2371 vi-

296 2400 416 2432 nempe
431 2396 504 2421 tum
519 2389 694 2430 vulgatum
704 2393 774 2419 erat
787 2387 1008 2429 affligendum
1049 2387 1148 2424 tiosa,
1173 2393 1210 2418 ut
1235 2386 1332 2419 hodie
1349 2386 1508 2425 eduntur,
1523 2390 1562 2415 ut
1576 2392 1610 2416 et
1624 2391 1703 2416 sunt
1719 2383 1754 2413 in

297 2444 335 2463 ex
348 2436 399 2464 ed.
416 2433 553 2464 sensum
567 2438 693 2462 ortum.
716 2432 779 2462 Sed
791 2430 1007 2472 efflige‘ndum
1051 2429 1101 2460 ed.
1130 2430 1229 2462 Rom.
1270 2430 1329 2461 Ed.
1351 2429 1489 2461 sensoui
1512 2428 1612 2459 habet
1635 2427 1699 2458 nisi
1720 2425 1759 2456 id

290 2477 362 2514 jam
377 2480 449 2506 erat
462 2477 497 2506 in
511 2475 561 2506 ed.
571 2475 668 2506 Rom.
684 2474 782 2513 idque
795 2474 876 2505 adeo
888 2481 924 2504 et
939 2474 1005 2514 ipse
1047 2473 1133 2512 quod
1154 2475 1284 2511 vellem,
1308 2473 1483 2503 minimum
1499 2471 1654 2511 spiritum
1677 2469 1756 2500 reli-

295 2519 435 2550 nervavi.
451 2525 502 2548 est
519 2523 632 2548 autem
651 2515 723 2557 plus
738 2527 838 2556 quam
852 2514 1007 2557 affligen·
1048 2525 1151 2555 quum
1175 2525 1250 2547 esse.
1295 2515 1358 2546 Sed
1384 2514 1555 2555 vulgatum
1578 2511 1675 2544 hodie
1699 2521 1755 2543 co-

298 2560 379 2592 dam
391 2573 400 2591 .-
424 2570 544 2601 uempe
567 2559 784 2600 perdendum,
805 2559 1007 2590 interficien-
1050 2557 1123 2588 dem
1140 2559 1236 2589 modo
1251 2557 1395 2597 intelligi
1414 2562 1536 2597 potest.

299 2604 390 2634 dum.
429 2603 481 2633 Sic
495 2601 644 2644 ffictim
659 2612 788 2641 amare,
807 2612 866 2642 pro
881 2602 1008 2642 perdite
1093 2603 1134 2632 32
1158 2611 1251 2631 mare
1264 2599 1422 2640 iusi-’sium
1442 2598 1643 2638 habebimus]
1663 2598 1756 2636 Non,

298 2646 440 2678 dicitur:
464 2654 606 2684 eumque
633 2653 765 2675 sensum
793 2644 933 2684 requirit
957 2654 1008 2676 se·
1051 2643 1209 2674 infestum
1234 2643 1328 2673 nobis
1347 2643 1423 2679 erit,
1437 2642 1492 2673 sed
1508 2641 1665 2672 infestum
1682 2640 1756 2672 red-

299 2699 417 2728 quens,
433 2692 493 2719 aut
507 2691 593 2718 certe
607 2688 816 2727 capiendum.
1051 2685 1178 2721 demus,
1199 2686 1259 2722 (sic
1282 2690 1316 2715 et
1342 2686 1427 2715 infra
1449 2684 1572 2715 dieitur
1594 2684 1688 2720 XVI,
1708 2683 1752 2722 1.)

341 2736 382 2767 ¹29
415 2732 472 2762 ille
497 2740 572 2761 vero
583 2730 614 2770 ἶ]
654 2729 764 2770 Quam
790 2729 942 2770 improba
967 2733 1004 2760 et
1046 2732 1084 2759 ut
1112 2733 1317 2759 commeatus
1344 2738 1385 2758 ex
1416 2727 1514 2758 lulla
1551 2725 1754 2758 intercluda-

298 2774 385 2805 foeda
397 2773 437 2806 de
451 2782 561 2805 causa.
1046 2776 1114 2802 tur.

340 2820 381 2848 30
404 2821 433 2848 et
448 2815 627 2856 aliquando
639 2813 851 2853 sententiam]
869 2813 891 2844 i.
908 2823 937 2844 e.
953 2813 1003 2844 di-
1089 2816 1129 2845 33
1153 2814 1188 2844 in
1200 2813 1395 2855 AEgyptum
1407 2824 1464 2845 nos
1476 2812 1640 2854 abditum]
1657 2811 1757 2844 Faer-

298 2868 421 2894 camus‚
436 2870 508 2899 quae
524 2867 593 2889 rem
608 2857 775 2888 decernat.
815 2856 897 2887 Edd.
914 2864 1002 2887 vete·
1047 2865 1109 2887 nus
1124 2857 1309 2896 corrigebat
1326 2858 1494 2894 abdenms,
1511 2862 1609 2887 recte.
1649 2855 1760 2892 ltu-²2

299 2910 347 2932 res
360 2902 618 2934 indeadensono
633 2899 758 2932 addunt
771 2905 1001 2932 tervannam.-
1047 2901 1091 2931 sic
1108 2900 1159 2932 eni.
1177 2900 1273 2931 Rom.
1290 2900 1376 2933 uude
1394 2900 1610 2932 rffitituimus.
