1940 3231
326 1906 350 1948 7

232 2315 266 2345 p.
282 2306 354 2336 322.

364 144 441 181 934
733 140 914 178 EPIST.
943 141 1020 178 AD
1047 141 1094 183 Q.
1113 141 1416 187 FRATREM,

363 244 460 286 haec
497 244 659 296 infima,
695 258 790 300 quae
830 253 931 285 sunt
967 259 1062 287 mea
1101 261 1245 298 manu,
1279 248 1395 287 venit
1427 245 1480 287 ad
1518 260 1595 288 nos
1632 246 1789 290 Cicero

364 309 462 343 tuus
490 302 543 343 ad
575 316 738 352 cenam,
761 316 859 343 cum
894 301 1137 358 Pomponia
1170 303 1282 344 foras
1315 313 1499 344 cenaret.
1533 304 1653 345 dedit
1681 304 1788 347 mihi

364 359 588 414 epistolam
627 358 849 414 legendam
895 368 1026 409 tuam,
1063 374 1190 414 quam
1234 361 1373 416 paullo
1412 371 1510 401 ante
1550 371 1789 417 acceperat,

363 414 731 471 29Aristophanco
763 415 906 465 modo,
929 415 1050 458 valde
1081 416 1321 475 mehercule
1351 427 1393 458 et
1420 432 1608 469 suavem,
1629 428 1672 459 et
1693 433 1790 474 gra-

364 487 485 515 vem:
518 488 600 528 qua
638 487 729 512 sum
767 472 997 513 admodum
1036 473 1284 515 delectatus,
1347 475 1480 516 Dedit
1518 476 1646 516 ctiam
1685 475 1791 516 alte-

364 544 453 570 ram
486 530 599 570 illam
636 529 757 580 mihi,
786 544 870 583 qna
895 529 1038 583 jubes,
1062 544 1158 571 eum
1193 531 1298 572 mihi
1330 546 1420 573 esse
1453 533 1646 583 affixum,
1680 542 1790 574 tam-

344 602 492 639 .quam
529 587 748 640 magistro.
810 586 951 632 Quam
990 586 1107 627 illum
1146 588 1338 642 epistolae
1376 589 1456 630 illae
1488 589 1789 643 delectarunt?

362 658 490 697 quam
521 645 616 684 me?
655 641 777 683 Nihil
809 657 939 697 puero
971 643 1042 684 illo
1066 645 1251 695 suavius,
1276 645 1381 687 nihil
1403 648 1535 688 nostri
1559 646 1789 688 amantius.

362 699 475 741 Haec
497 699 607 740 inter
628 714 776 741 cenam
799 699 947 741 Tironi
971 700 1144 751 (lictavi,
1168 716 1220 742 ne
1245 703 1394 743 mirere
1417 704 1498 744 alia
1527 719 1655 745 manu
1681 718 1788 745 esse.

358 756 517 798 Annali
539 756 693 798 litterae
716 767 802 798 tuae
830 766 1039 812 pergrata:
1073 758 1258 810 fuerunt,
1282 759 1394 814 quoti
1417 769 1460 801 et
1481 775 1647 802 curares
1669 761 1722 802 de
1743 775 1788 803 se

358 812 601 869 diligenter,
624 823 666 855 et
692 823 834 855 tamen
864 814 1044 856 consilio
1076 816 1344 857 severissimo
1368 816 1557 871 juvares.
1618 818 1667 859 P.
1692 818 1789 859 Ser-

361 871 484 911 vilius
516 881 649 927 pater,
672 886 725 912 ex
756 871 923 922 litteris,
945 887 1049 927 quas
1072 873 1152 913 sibi
1175 888 1200 913 a
1222 872 1393 914 Caesare
1423 874 1572 915 missas
1602 889 1692 916 esse
1722 875 1789 916 di-

360 929 501 980 cebat,
524 928 741 984 significat
765 929 884 969 valde
913 938 955 969 te
986 928 1066 970 sibi
1099 940 1266 985 gratum
1301 930 1466 981 fecisse,
1489 931 1603 986 quod
1634 932 1686 973 de
1717 947 1794 974 sua

361 985 580 1026 voluntate
600 1000 701 1042 erga
721 985 938 1028 Caesarem
959 986 1280 1038 humanissime,
1299 988 1709 1044 diligentissimeque
1728 988 1791 1030 lo-

359 1053 484 1083 cutus
505 1057 630 1084 esses.
678 1042 790 1084 Cum
817 1043 999 1084 Romam
1022 1058 1076 1084 ex
1100 1043 1298 1100 Arpinati
1323 1047 1603 1096 revertissem,
1624 1046 1791 1088 dietum

359 1099 467 1140 mihi
491 1110 568 1151 est,
592 1101 899 1157 hippodamum
925 1101 976 1142 ad
999 1110 1041 1141 te
1061 1100 1300 1156 profectum
1326 1117 1430 1143 esse.
1492 1102 1593 1143 Non
1617 1117 1792 1159 possum

361 1157 561 1208 scribere,
584 1172 651 1198 me
687 1158 888 1198 miratum
922 1172 1026 1209 esse,
1049 1158 1167 1199 illum
1191 1167 1276 1199 tam
1311 1159 1600 1200 inhumaniter
1623 1159 1791 1211 fecisse,

362 1222 410 1254 ut
433 1214 522 1254 sine
546 1215 650 1255 meis
672 1215 823 1255 litteris
846 1215 897 1256 ad
922 1226 962 1256 te
984 1216 1349 1271 proficisceretur:
1382 1217 1485 1258 illud
1505 1217 1663 1268 scribo,
1683 1217 1790 1266 mihi

359 1271 589 1312 molestum
614 1272 758 1313 fuisse.
783 1272 876 1327 jam
909 1272 1022 1312 enim
1057 1273 1126 1314 diu
1163 1274 1470 1328 cogitaveram,
1496 1290 1551 1316 ex
1583 1288 1650 1326 eo,
1673 1274 1790 1330 quod

362 1337 410 1368 tu
441 1329 493 1369 ad
525 1343 594 1369 me
634 1329 876 1385 scripseras,
908 1338 968 1380 ut,
1001 1330 1034 1370 si
1076 1330 1179 1385 quid
1210 1341 1334 1382 esset,
1367 1331 1481 1387 quod
1513 1331 1567 1372 ad
1609 1342 1654 1372 te
1695 1332 1792 1373 dili-

360 1385 532 1439 gentius
586 1386 761 1440 perferri
819 1386 984 1437 vellem,
1039 1387 1098 1428 illi
1148 1387 1318 1430 darem:
1376 1389 1491 1443 quod
1546 1388 1791 1431 mehercule

360 1441 480 1483 hisce
512 1442 679 1493 litteris,
712 1458 816 1498 quas
852 1444 979 1499 vulgo
1018 1444 1071 1485 ad
1105 1454 1146 1484 te
1182 1445 1325 1496 mitto,
1356 1445 1465 1486 nihil
1499 1445 1588 1487 fere
1633 1447 1791 1498 scribo,

361 1500 477 1553 quod
501 1499 534 1540 si
558 1499 601 1540 in
634 1501 814 1556 alicujus
839 1515 988 1542 manus
1026 1501 1238 1554 inciderit,
1261 1501 1439 1544 moleste
1473 1502 1698 1545 ferendum
1720 1503 1791 1546 sit.

362 1555 566 1598 Nlinucio
590 1571 672 1608 me,
694 1568 738 1599 ct
760 1557 919 1610 Salvio,
942 1568 984 1599 et
1005 1558 1193 1600 Labeoni
1215 1561 1499 1601 reservabam.
1553 1561 1699 1602 Labeo
1717 1570 1793 1603 aut

360 1613 481 1654 tarde
505 1614 815 1669 proficiscetur,
837 1625 910 1656 aut
930 1616 1002 1656 liic
1024 1617 1229 1657 manebit.
1274 1616 1579 1672 Hippodamus
1601 1633 1655 1658 ne
1676 1632 1792 1660 nunc

360 1671 550 1725 quidem,
595 1674 635 1701 30
651 1672 753 1726 quid
796 1671 936 1723 velim,
968 1673 1150 1727 rogavit.
1192 1672 1243 1714 T.
1276 1673 1473 1715 Pinarius
1504 1674 1708 1715 amabiles
1738 1675 1794 1717 ad

362 1741 430 1767 me
451 1728 504 1768 de
527 1737 567 1768 te
589 1728 750 1769 litteras
775 1729 932 1771 mittit:
957 1744 1000 1770 se
1023 1731 1210 1770 maxime
1233 1730 1399 1782 litteris,
1422 1732 1703 1782 sermonibus,
1722 1747 1793 1773 ce-

362 1784 428 1824 nis
457 1785 640 1840 denique
671 1786 754 1827 tuis
789 1786 1005 1827 delectari.
1066 1786 1108 1827 Is
1143 1787 1273 1828 homo
1309 1802 1474 1843 semper
1505 1803 1574 1829 me
1608 1789 1793 1830 delecta-

363 1841 447 1882 vit:
473 1841 686 1897 fraterque
707 1843 798 1896 ejus
822 1858 988 1884 mecum
1011 1853 1074 1885 est
1097 1844 1293 1885 multum.
1321 1860 1465 1900 quare,
1483 1854 1531 1885 ut
1552 1846 1792 1899 instituisti,

366 1898 650 1954 complectere
671 1900 999 1941 adolescentem.
1052 1901 1182 1948 Quod
1206 1902 1361 1943 multos
1385 1901 1473 1943 dies
1495 1903 1722 1958 epistolam
1744 1904 1791 1946 in

364 1957 563 1997 manibus
587 1956 732 2007 habui,
751 1967 926 2014 propter
955 1959 1337 2000 commorationem
1361 1959 1692 2012 tabellariorum,
1726 1961 1791 2002 id-

363 2026 415 2053 eo
438 2013 572 2054 multa
594 2014 794 2069 conjecta
822 2025 934 2067 sunt,
957 2015 1069 2056 aliud
1094 2015 1176 2056 alio
1209 2025 1414 2072 tempore,
1438 2017 1553 2057 velut
1582 2018 1678 2059 hoc.
1738 2017 1790 2060 T.

362 2068 545 2111 Anicius
583 2071 687 2113 mihi
724 2087 838 2128 saepe
873 2073 966 2128 jam
1003 2072 1129 2124 dixit,
1166 2088 1254 2114 sese
1296 2074 1389 2123 tibi,
1424 2075 1716 2116 suburbanum
1755 2076 1791 2117 si

365 2127 480 2181 quod
504 2128 749 2180 invenisset,
773 2144 857 2170 non
879 2130 1174 2171 dubitaturum
1197 2145 1287 2171 esse
1308 2145 1462 2172 emere.
1521 2131 1574 2172 In
1596 2132 1688 2188 ejus
1707 2146 1793 2174 ser-

365 2198 493 2225 mone
532 2199 614 2242 ego
653 2197 880 2241 utrumque
902 2187 1017 2228 soleo
1039 2187 1267 2239 admirari3
1314 2198 1357 2228 et
1380 2197 1420 2228 te
1459 2189 1511 2229 de
1546 2190 1792 2231 suburbano

367 2241 563 2292 emendo,
585 2257 683 2283 cum
706 2244 759 2284 ad
789 2243 906 2285 illum
939 2244 1114 2295 scribas,
1137 2259 1222 2285 non
1259 2245 1387 2286 modo
1410 2246 1461 2286 ad
1492 2260 1560 2287 me
1581 2261 1667 2287 non
1691 2247 1793 2288 scri-

371 2299 481 2350 bere,
505 2299 578 2340 sed
609 2300 737 2342 etiam
761 2300 885 2341 aliam
918 2301 962 2343 in
994 2302 1247 2342 sententiam
1282 2303 1490 2355 scribere3
1521 2313 1578 2353 et,
1609 2319 1704 2344 cum
1738 2304 1792 2345 ad

346 2355 485 2397 ·illum
520 2356 694 2407 scribas,
716 2357 877 2399 31nihil
909 2368 951 2399 te
987 2359 1197 2400 recordari
1221 2359 1273 2400 (le
1307 2374 1364 2409 se,
1387 2359 1439 2400 de
1475 2361 1665 2416 epistolis
1695 2359 1792 2412 illis,

366 2428 470 2468 quas
493 2413 535 2454 in
567 2413 809 2456 Tusculano
832 2415 924 2470 ejus
949 2427 992 2456 tu
1017 2416 1122 2456 mihi
1154 2417 1393 2467 ostendisti,
1417 2417 1523 2457 nihil
1553 2414 1605 2458 de
1628 2431 1790 2473 praeee-

365 2470 450 2525 ptis
483 2469 748 2526 Epicharmi,
774 2476 891 2521 γνῶθι,
910 2480 979 2518 πῶς
998 2476 1092 2526 ἄλλῳ
1110 2477 1288 2528 nimrim&
1322 2483 1462 2514 totum
1492 2475 1674 2529 denique
1701 2474 1793 2516 vul-

364 2536 470 2576 tum,
513 2529 718 2579 animum,
755 2542 993 2570 sermonem
1025 2529 1142 2583 ejus:
1186 2531 1545 2583 quemadmodum
1585 2531 1789 2586 conjicio,

363 2584 552 2638 32quasi.
614 2585 697 2626 Sed
733 2585 828 2626 haec
868 2595 911 2626 tu
955 2586 1125 2627 videris.
1189 2587 1254 2627 De
1297 2589 1556 2639 suburbano,
1592 2602 1706 2639 cura,
1739 2598 1790 2629 ut

365 2640 511 2692 sciam,
534 2641 637 2697 quid
661 2642 784 2684 velis:
817 2652 860 2683 et
881 2643 1006 2684 simul
1027 2658 1080 2684 ne
1101 2643 1202 2698 quid
1227 2643 1295 2684 iile
1315 2646 1472 2695 turbet,
1497 2645 1606 2686 vide.
1669 2645 1788 2694 Quid

405 2756 444 2787 95³
472 2755 701 2794 Aristophaneo
730 2755 834 2795 modo]
868 2755 1057 2786 Festivitate
1100 2756 1237 2787 dicitur:
1261 2763 1295 2787 ct
1311 2759 1354 2788 sio
1371 2758 1541 2788 Manutius
1558 2757 1657 2788 dedit.

361 2799 393 2824 et
410 2797 598 2827 urbanitate
621 2799 758 2835 comica,
775 2797 1003 2838 Aristophanis
1018 2798 1057 2828 ad
1142 2802 1179 2829 31
1198 2801 1280 2829 nihil
1294 2805 1324 2830 te
1338 2801 1503 2830 recordari
1518 2802 1556 2830 dc
1568 2800 1614 2840 se]
1633 2802 1671 2832 de
1685 2809 1717 2832 se
1731 2801 1792 2842 pro

361 2838 623 2870 similitudinem.
1101 2842 1139 2870 tle
1153 2852 1198 2871 eo.

403 2884 443 2909 :²10
466 2882 546 2920 quid
572 2882 681 2917 velim,
705 2881 849 2921 rog-aide]
877 2882 928 2912 An
954 2883 981 2911 si
1007 2881 1056 2912 vel
1143 2886 1183 2914 3⁶2
1206 2884 1311 2923 quasi]
1329 2884 1478 2915 oblitum
1494 2884 1604 2915 videri.

360 2930 440 2953 num
457 2923 536 2962 quid
556 2925 664 2954 velim.
681 2933 756 2956 nam
781 2924 826 2954 sic
848 2934 975 2965 semper
997 2923 1057 2955 hoc
