1940 3231
329 155 406 190 6²23
749 152 932 192 EPIST.
959 154 1037 192 AD
1064 152 1351 198 ATTICUM,

329 270 444 313 pere,
465 257 580 312 quod
601 257 861 310 scriberem3
893 258 966 300 sed
997 266 1045 299 ut
1066 257 1262 314 loquerer
1293 268 1437 300 tecum
1467 252 1643 302 absens:
1677 274 1763 316 quo

328 314 452 365 mihi,
473 316 626 356 360um
658 330 802 356 coram
830 315 872 356 id
897 330 980 356 non
1013 315 1128 365 licet,
1152 316 1258 356 nihil
1278 325 1343 356 est
1366 315 1618 371 jucundius.
1679 317 1766 359 Ca-

328 385 459 427 puam
481 387 580 413 cum
605 373 813 413 venissem
836 372 1012 413 a.d.V1
1044 371 1140 413 Kal.
1170 373 1319 437 pridie,
1342 387 1470 428 quam
1492 372 1569 413 has
1603 372 1765 416 litteras

327 428 441 480 dedi,
460 428 655 470 consules
677 429 876 478 conveni,
901 429 1142 484 multosque
1165 431 1298 471 nostri
1324 430 1500 471 ordinis.
1523 443 1671 470 omnes
1693 431 1767 471 c'u-

327 486 508 550 piebant
543 486 775 535 Caesarem,
809 485 1007 526 abductis
1044 486 1266 541 piaesidiis,
1300 496 1411 528 stare
1443 487 1768 528 conditionibus

328 558 395 593 ns,
418 557 522 598 quas
552 542 732 583 tulisset.
764 542 837 582 uni
874 542 1083 592 Favonio,
1110 542 1225 598 leges
1258 545 1312 585 ab
1334 544 1408 585 illo
1444 544 1569 585 nobis
1602 544 1769 599 imponi

328 614 414 640 non
438 599 661 662 placebat:
695 598 799 640 sed
791 613 825 639 is
848 598 963 640 haud
995 599 1198 640 auditus
1189 615 1234 640 m
1255 601 1450 642 consilio.
1513 600 1625 642 Cato
1652 601 1769 642 enim

328 658 421 712 ipse
436 670 531 710 jam
557 656 729 706 servire,
752 670 880 711 quam
910 670 1118 712 pugnate,
1148 658 1325 698 mavult.
1357 659 1430 699 sed
1460 667 1604 699 tamen
1626 658 1702 723 ait,
1724 659 1769 699 in

329 723 479 754 senatu
503 727 546 754 se
569 714 715 754 adesse
739 713 858 764 velle,
877 728 975 754 cum
999 714 1052 754 de
1075 714 1398 756 conditionibus
1420 724 1588 771 agatur,
1613 715 1646 756 si
1672 715 1770 757 Cae-

329 784 396 811 sar
423 770 634 812 adductus
672 771 742 820 sit,
778 781 826 811 ut
861 771 1060 834 praesidia
1092 771 1294 812 deducat.
1323 772 1398 824 ita,
1431 773 1545 828 quod
1580 772 1771 814 maxime

327 842 435 892 opus
468 837 546 879 est,
571 827 613 868 in
637 802 826 868 Siciliam
860 829 921 868 ire
954 842 1039 868 non
1063 837 1211 869 curat:
1245 829 1360 883 quod
1390 840 1535 870 metuo
1558 844 1611 870 ne
1639 829 1770 881 obsit,

328 884 372 925 in
396 894 543 925 senatu
567 899 658 925 esse
688 884 793 925 v.ult
858 883 1088 926 Postumus
1124 894 1283 935 autern,
1305 886 1358 926 de
1391 901 1476 942 quo
1509 887 1769 928 nominatim

329 953 500 982 senatus
530 942 735 993 decrevit,
759 951 807 983 ut
837 942 979 982 statim
1017 942 1060 982 in
1095 941 1287 982 Siciliam
1321 943 1414 993 i1·,et
1436 946 1475 977 37
1491 943 1766 999 Furfanoque

328 999 590 1050 succederet,
614 1009 744 1055 negat
765 1013 809 1039 se
837 999 927 1040 sine
959 998 1128 1040 Catone
1158 999 1341 1041 iturum:
1374 1010 1418 1040 et
1439 1014 1557 1042 suam
1582 1001 1625 1042 in
1648 1015 1769 1042 seua-

327 1067 374 1097 tu
397 1070 586 1111 operam,
611 1057 1000 1120 auctoritatemque
1021 1059 1062 1088 38
1079 1071 1209 1111 quam
1231 1057 1376 1112 magni
1402 1058 1602 1099 aestimat.
1623 1057 1686 1099 ita
1703 1072 1771 1099 res

328 1114 382 1154 ad
406 1113 616 1155 Fannium
642 1122 917 1169 pervenitis
940 1128 1038 1154 cum
1062 1113 1244 1177 imperio
1267 1090 1523 1155 i11⁰Siciliam
1543 1115 1770 1171 praemitti·

329 1181 411 1212 tur.
473 1170 525 1211 In
548 1171 915 1227 disputationibus
949 1170 1107 1212 nostris
1141 1185 1308 1212 summa
1341 1172 1521 1212 varietas
1543 1180 1621 1213 est.
1643 1172 1772 1228 pleri-

327 1243 411 1283 que
429 1238 604 1284 negant,
620 1228 864 1269 Caesarem
856 1244 899 1269 in
918 1228 1169 1270 conditione
1181 1243 1453 1280 mansurum3
1473 1228 1773 1285 postulataque

328 1287 422 1327 liaec
446 1286 500 1326 ab
522 1300 573 1326 eo
604 1286 860 1341 interposita
880 1300 985 1337 esse,
1007 1300 1093 1341 quo
1130 1285 1286 1337 minus,
1309 1286 1422 1341 quod
1455 1300 1563 1341 opus
1584 1296 1696 1328 esset
1715 1286 1770 1328 ad

327 1343 501 1393 bellum,
524 1358 548 1383 a
569 1343 694 1384 nobis
717 1352 951 1407 pararetur.
983 1357 1065 1398 ego
1097 1352 1242 1384 autem
1273 1357 1371 1384 euin
1409 1352 1515 1399 puto
1538 1343 1770 1395 facturum,

326 1410 375 1441 ut
408 1400 606 1456 praesidia
628 1400 708 1441 ded
717 1409 828 1442 ucat.
867 1400 1017 1442 vicerit
1046 1400 1178 1451 enim,
1199 1399 1233 1440 si
1257 1399 1406 1442 consul
1437 1400 1577 1442 factus
1607 1401 1704 1452 erit,
1724 1411 1769 1442 et

326 1458 494 1498 minore
527 1458 683 1498 sceleoe
719 1457 883 1508 vicerit,
905 1460 946 1492 39
963 1471 1090 1513 quam
1114 1472 1200 1512 quo
1226 1458 1441 1514 ingressus
1471 1467 1550 1499 est.
1592 1458 1665 1499 sed
1698 1473 1772 1500 ac·-

328 1515 530 1571 cupienda
548 1515 676 1571 ΡΙίτἽ
696 1525 775 1555 est.
807 1529 952 1556 sumus
983 1529 1099 1555 enim
1131 1515 1348 1571 flagitiose
1379 1514 1580 1572 imparati
1613 1529 1713 1557 cum
1745 1530 1771 1556 a

330 1572 555 1623 militibus,
579 1582 670 1613 turn
691 1588 715 1612 a
738 1573 946 1628 pecunia3
978 1586 1106 1626 quam
1129 1572 1304 1627 quidem
1324 1581 1512 1623 omnem,
1531 1587 1618 1613 non
1639 1572 1771 1613 modo

284 1637 315 1668 b.
331 1630 557 1685 privatam,
578 1633 619 1660 40
636 1644 732 1684 quae
758 1630 800 1670 iu
835 1630 939 1670 urbe
972 1639 1052 1678 est,
1075 1629 1147 1670 sed
1180 1629 1312 1670 etiam
1343 1628 1577 1685 publicam,
1599 1643 1696 1684 quae
1722 1629 1766 1670 in

331 1687 480 1727 aerario
503 1697 581 1737 est,
603 1686 663 1727 illi
687 1686 950 1742 reliquimus.
1014 1685 1248 1742 Pompeius
1271 1686 1324 1727 ad
1346 1688 1383 1717 41
1403 1686 1594 1743 legiones
1623 1686 1767 1728 Attia-

332 1759 404 1784 nas
427 1754 492 1784 est
524 1744 670 1799 piol‘cc
679 1753 768 1785 tus:
811 1743 1050 1785 Labienum
1086 1758 1231 1784 secum
1254 1742 1399 1786 habet.
1429 1758 1513 1799 ego
1547 1753 1640 1784 tuas
1673 1744 1769 1800 opi-

330 1802 479 1842 niones
502 1800 555 1841 de
588 1800 652 1840 his
676 1802 801 1842 1ebus
830 1810 1053 1857 exspecto.
1115 1800 1307 1841 Formias
1329 1815 1398 1842 me
1430 1800 1639 1855 continuo
1661 1801 1769 1842 reci-

330 1872 431 1914 peie
452 1857 715 1913 cogitabam.

269 1920 318 1961 16
762 1914 998 1957 CICERO
1028 1913 1258 1956 ATTICO
1290 1914 1336 1956 S.

332 1971 560 2025 OMNES
582 1983 768 2024 arbitror
799 1982 904 2024 mihi
928 1991 1022 2024 tuas
1052 1983 1217 2024 litteras
1239 1982 1428 2024 redditas
1455 1995 1563 2033 esse,
1583 1981 1656 2024 sed
1684 1982 1772 2039 pri-

331 2055 421 2081 mas
445 2050 720 2096 praepostere,
749 2040 931 2096 reliquas
963 2039 1127 2092 ordine,
1163 2055 1249 2095 quo
1272 2049 1372 2081 sunt
1402 2039 1561 2091 missae,
1583 2054 1659 2095 per
1687 2039 1772 2081 Te·

329 2099 528 2138 rentiam.
591 2095 659 2138 De
680 2097 893 2138 mandatis
917 2097 1116 2149 Caesaris,
1135 2097 1409 2162 adventuque
1433 2096 1628 2147 Labieni,
1644 2106 1688 2138 et
1705 2111 1770 2138 re-

330 2155 498 2212 sponsis
520 2155 743 2196 consulum
767 2169 817 2197 ac
842 2154 1056 2211 Pompeii,
1087 2155 1239 2212 scripsi
1261 2154 1314 2197 ad
1337 2165 1378 2195 te
1399 2153 1585 2195 litteris
1576 2154 1644 2206 lis,
1665 2168 1771 2210 quas

371 2269 414 2300 36
435 2279 510 2300 cum
523 2278 633 2298 coram
645 2268 755 2299 iclnon
770 2267 858 2308 licet]
883 2267 965 2299 Edd.
979 2278 1028 2308 pr.

331 2313 451 2343 bic-erec.
484 2312 548 2342 Ms.
566 2311 710 2342 Helmst.
724 2321 799 2342 cum
814 2321 926 2342 eorum
942 2312 1028 2348 licet,

331 2354 419 2394 qnod
432 2354 539 2394 placet
553 2353 693 2384 Graevio.

374 2399 413 2430 37
437 2396 588 2436 lef'fflw
609 2396 662 2435 τέ]
695 2395 768 2426 Hoc
798 2399 929 2426 secutus
951 2404 1027 2425 cum

331 2437 403 2470 aliis
431 2448 491 2478 pro
517 2407 663 2479 FuJ'ano
693 2438 744 2468 iel
771 2436 914 2477 Pusam),
941 2437 1029 2476 quod

330 2480 404 2512 edd.
427 2491 475 2519 p.r
498 2481 634 2517 habent,
651 2479 878 2520 revocavitque
900 2480 1028 2511 Bosius.

333 2491 473 2563 Fuffapni
487 2523 570 2553 nulli
592 2523 696 2559 fuere,
716 2526 804 2553 certe
818 2522 909 2558 clari,
926 2521 1031 2561 qualis

332 2563 386 2594 hic
402 2564 634 2603 intelligendus
649 2569 771 2604 praetor·
786 2565 917 2595 Siciliae.
942 2563 1029 2595 Fur-

324 2605 414 2646 fano
428 2607 552 2647 primus
569 2607 658 2637 dedit
675 2607 709 2637 Ρ.
726 2607 817 2637 Man.

375 2652 416 2680 38
438 2658 539 2688 quam
563 2650 679 2687 magni
693 2648 845 2687 oerct‘mat]
878 2658 976 2688 quam
993 2648 1028 2678 in

335 2691 476 2731 vulgatis
493 2692 654 2721 recentius
670 2691 773 2721 abest.
807 2692 954 2721 Graevius
969 2700 1030 2721 au-

333 2734 478 2766 ctoribus
502 2733 567 2763 suis
591 2733 672 2764 Mss.
700 2737 734 2763 et
749 2733 799 2764 ed.
821 2733 909 2764 Vict.
934 2742 1027 2772 repo-

332 2776 410 2808 suit.
435 2780 470 2806 at
485 2775 517 2806 id
532 2780 603 2806 erat
611 2777 682 2815 jtun
705 2776 740 2805 in
753 2775 822 2806 edd.
839 2783 888 2815 pr.
906 2775 1029 2814 primus

333 2819 443 2849 omisit
461 2818 494 2848 P.
512 2818 696 2848 Manutius.

376 2863 417 2896 39
439 2870 538 2900 quam
560 2870 621 2900 quo
648 2861 813 2898 ingressus
835 2857 895 2897 est]
921 2858 1029 2897 Quam

334 2911 397 2941 quo
414 2903 511 2943 coepit
534 2912 632 2942 agere
652 2907 770 2933 contra
791 2900 1029 2942 rempublicam

1070 2278 1129 2309 per
1140 2269 1220 2305 vim,
1235 2278 1311 2299 cum
1327 2277 1394 2299 non
1414 2272 1500 2298 esset
1513 2267 1640 2299 consul.
1655 2267 1689 2298 in
1703 2277 1768 2308 quo

1071 2312 1141 2351 ipso
1156 2320 1315 2350 magnum
1328 2310 1434 2341 scetus
1448 2310 1525 2341 fuit.

1112 2355 1154 2383 40
1176 2362 1246 2392 quoe
1266 2354 1301 2382 in
1316 2353 1396 2383 urbe
1417 2352 1478 2391 est]
1504 2353 1566 2382 int.
1589 2351 1623 2381 in
1643 2351 1717 2383 foro
1735 2357 1772 2383 et

1071 2395 1158 2435 apud
1173 2395 1405 2426 foeneratores:
1430 2404 1506 2425 nam
1529 2398 1565 2424 et
1580 2393 1711 2434 publica
1732 2395 1769 2425 in

1072 2438 1152 2467 urbe
1167 2443 1229 2468 est.
1258 2437 1397 2468 Videtur
1410 2435 1568 2468 addidisse
1582 2435 1624 2466 ad
1636 2445 1769 2476 aequan-

1071 2478 1113 2509 da
1125 2479 1284 2517 membra,
1299 2480 1374 2519 quia
1389 2480 1423 2510 in
1437 2479 1542 2510 altero
1554 2483 1624 2509 est:
1643 2488 1717 2518 quae
1733 2480 1769 2510 in

1073 2522 1188 2552 aerario
1202 2527 1264 2552 est.

1114 2566 1151 2594 41
1178 2565 1318 2603 legiones
1337 2561 1507 2602 Attianus]
1537 2562 1627 2602 Quas
1650 2561 1686 2594 P.
1708 2562 1770 2593 At-

1070 2606 1137 2636 tius
1161 2607 1266 2637 Varus
1292 2605 1445 2636 habebat.
1479 2607 1518 2634 de
1553 2604 1649 2635 Attio
1669 2614 1768 2645 supra

1071 2654 1122 2678 est
1135 2658 1188 2688 ep.
1207 2650 1256 2679 13.
1300 2647 1460 2686 Legiones
1479 2646 1530 2676 hae
1544 2647 1665 2677 iterum
1689 2653 1770 2678 sunt

1072 2690 1158 2720 infra
1171 2701 1222 2729 ep.
1236 2692 1288 2720 20.
1312 2689 1442 2729 Lip=ius
1455 2699 1528 2729 epp.
1553 2689 1593 2720 ad
1609 2688 1701 2729 Beig.
1719 2689 1767 2727 11,

1076 2732 1123 2762 16.
1148 2732 1284 2771 putabat
1301 2731 1476 2771 legendum
1491 2731 1673 2771 Appianas,
1689 2740 1768 2771 quas

1072 2774 1196 2813 Appius
1212 2774 1340 2813 legatus
1362 2772 1515 2810 habebat,
1531 2774 1612 2804 duas
1634 2782 1678 2804 sc.
1693 2773 1767 2804 inas

1073 2816 1228 2846 abductas
1255 2826 1275 2846 a
1302 2817 1431 2847 Caesare
1462 2826 1519 2856 per
1539 2816 1648 2856 ipsum
1669 2812 1764 2845 fflum

1071 2858 1217 2894 Attium,
1233 2857 1272 2887 de
1285 2858 1401 2897 quibus
1414 2868 1524 2899 supra.
1542 2857 1660 2900 probat
1673 2856 1765 2889 Grae-

1073 2900 1160 2937 vius,
1173 2904 1211 2931 ut
1226 2900 1365 2931 videtur.
