1940 3231
196 530 230 562 p.
245 522 319 553 243.

327 171 402 209 844
745 165 926 205 EPIST.
955 163 1033 203 AD
1059 163 1344 208 ATTICUM,

328 284 414 326 tur,
435 281 564 330 atque
598 271 640 313 id
672 271 846 327 quidem
871 270 1045 312 Cassius
1080 269 1286 319 maxime,
1318 267 1549 310 ffiamissas
1571 268 1774 311 occasioae

328 348 419 384 nes,
445 331 762 385 Decimumque
795 330 983 384 graviter
1016 328 1259 368 accusabat.
1293 340 1376 382 ego
1399 328 1611 383 negabam
1638 342 1768 383 opor-

330 401 421 432 tere
442 390 685 446 praeterita:
719 386 982 426 assentiebar
1005 392 1163 425 tamen.
1185 397 1370 439 cumque
1392 383 1608 439 ingressus
1629 399 1766 425 essem

330 449 488 498 dicere,
521 445 625 501 quid
658 443 935 498 oportuisset,
969 444 1008 475 77
1023 446 1122 493 (nec
1145 456 1243 483 vero
1275 441 1511 497 quidquam
1548 442 1664 493 novi,
1693 441 1768 483 sed

331 521 395 557 ea,
417 519 514 561 quae
546 501 739 558 quotidie
761 501 946 549 omnes)
971 513 1049 540 nec
1084 509 1227 539 tamen
1264 499 1383 540 illum
1417 499 1558 540 locum
1583 500 1770 555 attinge-

309 593 317 601 .
333 578 437 614 rem,
459 573 717 616 quemquam
744 566 950 613 praeterea
962 556 1204 611 oportuisse
1226 557 1362 612 tangi,
1382 557 1454 598 sed
1477 566 1670 597 senatum
1695 571 1772 597 vo-

329 620 434 670 cari,
459 617 666 675 populum
689 615 909 655 ardentem
939 613 1082 654 studio
1105 613 1400 654 vehementius
1423 614 1608 663 incitari,
1631 622 1770 655 totam

331 678 592 732 susciperem
617 671 952 728 rempublicam:
980 670 1196 711 exclamat
1218 680 1292 711 tua
1314 667 1559 712 familiaris:
1583 671 1655 712 hoc
1676 684 1770 712 vero

331 739 372 770 78
386 733 582 775 neminem
603 744 795 786 umquam
814 728 969 770 audivi.
989 742 1072 783 ego
1092 727 1287 783 repressi.
1310 728 1381 768 sed
1404 737 1449 769 et
1468 728 1642 770 Cassius
1663 728 1770 770 mihi

335 790 562 835 videbatur
587 789 748 829 iturus:
780 786 959 840 (etenim
994 784 1176 826 Servilia
1208 784 1491 841 pollicebatur
1523 801 1567 826 se
1599 795 1774 827 curatu-

337 863 444 901 ram,
468 857 514 888 ut
532 845 604 887 illa
622 844 825 887 frumenti
846 843 1013 885 curatio
1031 842 1084 883 de
1106 851 1277 884 senatus
1294 841 1491 884 consulto
1508 843 1726 885 tolleretur
1742 845 1774 894 z)

336 911 436 948 79et
469 913 613 947 noster
645 903 735 943 cito
768 901 962 957 dejectus
991 909 1056 941 est
1087 899 1140 940 de
1173 899 1245 941 illo
1279 899 1396 941 inani
1430 913 1639 941 sermone.
1668 900 1776 942 velle

335 964 451 1006 enim
475 976 519 1003 se
542 961 726 1002 dixerat.
776 958 1019 1000 Constituit
1050 957 1200 1013 igitur,
1222 966 1272 999 ut
1293 957 1398 1006 ludi,
1421 958 1597 998 absente
1619 971 1677 1009 se,
1699 958 1776 999 fie-

334 1031 432 1065 rent
454 1035 530 1062 suo
552 1017 743 1060 nomine.
767 1016 981 1073 proficisci
1005 1025 1149 1056 autem
1172 1015 1279 1056 mihi
1310 1017 1354 1056 in
1377 1013 1528 1055 Asiam
1550 1015 1777 1057 videbatur

339 1081 394 1122 ab
418 1078 555 1120 Antio
583 1075 702 1117 velle.
731 1088 786 1115 ne
819 1073 979 1125 multa3
1011 1072 1119 1114 nihil
1150 1087 1221 1113 me
1253 1073 1297 1113 in
1328 1072 1400 1114 illo
1423 1072 1590 1124 itinere,
1623 1082 1778 1128 praeter

336 1134 664 1185 conscientiam,
686 1131 932 1173 delectavit.
964 1145 1052 1172 non
1084 1130 1200 1171 enim
1223 1129 1307 1171 fuit
1327 1130 1703 1182 committendum,
1725 1140 1775 1171 ut

335 1195 406 1236 ille
425 1209 481 1236 ex
506 1191 649 1234 Italia'
665 1191 798 1247 prius,
819 1203 949 1245 quam
978 1204 1003 1229 a
1025 1202 1102 1229 me·
1115 1197 1354 1230 conventus
1376 1197 1502 1238 esset,
1523 1187 1777 1228 discederet.

333 1253 420 1294 hoc
451 1251 598 1293 demto
621 1261 797 1290 munere
819 1246 976 1288 amoris
998 1255 1128 1302 atque
1148 1245 1298 1298 officii,
1322 1245 1595 1301 sequebatur,
1619 1255 1666 1286 ut
1686 1259 1778 1286 me·

334 1325 436 1353 cum
459 1309 575 1365 ipse:

437 1393 481 1430 'H
501 1390 581 1443 δεῖξ’
599 1388 667 1431 ὁδός
686 1405 734 1425 σοι
753 1388 791 1426 τί
803 1386 940 1426 >samm
960 1390 1021 1432 νῦν,
1040 1387 1223 1440 θεοπςόπε5

336 1476 509 1520 prorsus
543 1463 583 1491 8⁰
595 1457 852 1501 dissolutum
874 1455 1036 1498 offendi
1070 1455 1310 1512 navigium,
1334 1454 1400 1496 vel
1430 1454 1573 1511 potius
1595 1454 1779 1512 dissipa-

335 1533 444 1563 tum.
479 1518 588 1560 nihil
619 1515 817 1566 consilio,
849 1514 957 1555 nihil
992 1513 1173 1565 ratione,
1207 1512 1316 1554 nihil
1345 1512 1510 1554 ordine.
1533 1513 1677 1568 itaque
1698 1514 1815 1554 ets?-

334 1594 391 1620 ne
423 1588 551 1619 antea
580 1574 756 1631 quidem
785 1571 998 1623 dubitavi,
1031 1581 1176 1612 tamen
1211 1585 1328 1612 nunc
1355 1584 1407 1612 eo
1431 1570 1587 1622 minus,
1609 1569 1780 1612 evolare

336 1637 467 1687 hinc;
500 1634 629 1689 idque
652 1630 989 1688 quamprimum,
1014 1629 1088 1670 ubi

442 1719 548 1755 “Nec
568 1717 830 1765 Pelopidarum
839 1714 966 1764 facta,
986 1713 1257 1764 nequefamam
1275 1713 1458 1750 audiam.‘’

339 1788 424 1832 Sed
448 1787 554 1829 heus
577 1795 639 1836 tu,
662 1799 715 1825 ne
737 1783 849 1824 forte
871 1783 927 1823 sis
951 1782 1135 1832 nescius,
1168 1781 1396 1823 Dolabella
1416 1782 1454 1811 8¹
1470 1794 1538 1821 me
1561 1781 1643 1822 sibi
1664 1779 1784 1837 lega-

339 1848 404 1889 vit
425 1849 516 1886 8251.
540 1843 582 1884 d.
618 1857 667 1884 ιν
693 1841 858 1883 Nonas.
890 1839 932 1880 id
967 1839 1073 1880 mihi
1109 1839 1198 1880 heri
1224 1839 1389 1895 vesperi
1423 1839 1668 1880 nuntiatum
1703 1849 1784 1880 est.

341 1904 490 1947 votiva
510 1916 562 1942 ne
582 1900 663 1942 tibi
680 1899 856 1954 quidem
878 1897 1089 1953 placebat.
1111 1897 1271 1937 etenim
1290 1906 1381 1937 erat
1398 1896 1647 1947 absurdum,
1669 1911 1783 1951 quae,

341 1963 375 2003 si
408 1961 598 2002 stetisset
633 1955 891 2013 respublica,
922 1954 1151 2006 vovissem,
1184 1968 1234 1995 ea
1266 1968 1350 2005 me,
1379 1968 1526 1996 eversa
1558 1953 1645 2003 ilia,
1683 1962 1787 1994 vota

336 2019 594 2061 dissolvere:
626 2025 671 2056 et
702 2014 879 2063 habent,
904 2012 1073 2067 opinor,
1108 2011 1255 2052 liberae
1289 2011 1528 2068 legationes
1556 2011 1785 2052 definitum

336 2087 506 2133 tempus
530 2074 626 2130 lege
646 2071 790 2125 Julia3
822 2084 901 2112 nec
923 2069 1050 2111 facile
1072 2069 1171 2110 addi
1205 2077 1364 2126 potest.
1415 2069 1539 2112 Aveo
1568 2083 1704 2126 genus
1725 2067 1786 2110 le-

353 2254 356 2257 ”
377 2255 420 2290 76
442 2254 581 2285 amissas
609 2261 710 2283 occas.
740 2249 813 2290 δια]
844 2249 1040 2280 Occasiones
1083 2247 1238 2278 suadere:
1263 2246 1456 2287 familiaris
1484 2246 1701 2287 intelligenda
1735 2250 1789 2278 est

336 2297 514 2330 liberandae
536 2294 725 2336 reipublicae
738 2298 772 2323 et
788 2293 975 2324 securitatis
990 2301 1040 2322 re·
1083 2299 1135 2326 ea,
1150 2299 1224 2329 quae
1238 2297 1313 2331 post
1327 2291 1449 2321 dicitur
1479 2290 1635 2321 Servilia.

335 2339 536 2377 stitueudae3
559 2338 735 2369 Decimum
750 2335 937 2372 accusabat,
954 2332 1042 2373 quod
1127 2335 1167 2366 79
1190 2337 1221 2363 et
1242 2338 1349 2363 noster
1365 2335 1423 2364 διο.
1467 2333 1515 2364 M.
1534 2333 1657 2364 Brutus
1673 2331 1786 2362 omisit

336 2382 393 2414 ille
415 2386 531 2413 auctor
552 2381 661 2411 fuerat
677 2379 815 2409 Antonii
829 2387 897 2408 non
912 2376 1039 2407 intcrfl-
1082 2373 1246 2411 celeriter,
1262 2376 1348 2414 quod
1362 2381 1440 2406 ante
1455 2382 1581 2408 temere
1596 2373 1734 2412 dixerat,
1750 2383 1785 2404 se

336 2425 443 2456 ciendi
456 2434 530 2455 cum
547 2423 690 2459 Caesare,
702 2421 789 2461 quod
801 2425 948 2451 suaserat
961 2420 1040 2450 Cas·
1082 2417 1208 2447 iturum
1226 2419 1260 2448 in
1275 2418 1403 2448 urbem.

335 2468 415 2498 sius.
1128 2461 1168 2490 80
1190 2460 1267 2492 diss.
1296 2459 1354 2501 off.
1380 2458 1568 2500 navigium]
1604 2458 1627 2491 i.
1656 2468 1790 2500 rempu-

379 2512 420 2544 77
443 2506 666 2547 nec—omnes]
694 2505 767 2536 Hoc
793 2506 827 2536 in
853 2504 1041 2546 parenthesi
1085 2501 1222 2533 blicam:
1250 2503 1396 2543 pertinet
1420 2503 1461 2534 ad
1489 2503 1725 2533 dissensionem
1753 2505 1790 2531 et

337 2551 482 2583 dictum:
507 2551 594 2590 quod
612 2559 680 2580 non
701 2548 978 2585 animadversum,
992 2547 1040 2577 fe·
1083 2545 1344 2576 inconstantiam
1366 2545 1564 2586 principum.
1591 2544 1680 2585 apud
1705 2553 1789 2584 quos

337 2596 385 2625 eit
400 2595 511 2624 locum
527 2591 734 2633 corruptelis.
749 2591 812 2622 hoc
828 2591 946 2630 posito,
969 2599 1042 2620 cor·
1086 2586 1169 2618 nihil
1185 2588 1267 2618 certi
1281 2595 1363 2623 erat,
1377 2594 1417 2618 ut
1432 2598 1519 2627 seqq.
1536 2586 1668 2618 docent.

336 2637 405 2667 rexi
421 2637 632 2674 attingerem,
645 2639 684 2664 ut
698 2632 802 2663 voluit
813 2633 846 2664 δ.
868 2633 901 2664 F.
915 2634 1045 2663 Grono-
1129 2631 1167 2660 81
1192 2639 1243 2660 me
1256 2631 1317 2660 sibi
1331 2629 1468 2670 legavit]
1494 2629 1560 2660 Sibi
1578 2629 1726 2669 legatum
1742 2627 1790 2658 fe-

335 2679 419 2715 vius,
430 2683 470 2708 ut
481 2677 591 2718 paullo
602 2681 677 2717 post
691 2685 750 2716 pro
762 2675 933 2715 suscipere,
944 2676 1029 2706 susci
1087 2672 1134 2703 cit
1154 2673 1188 2702 in
1203 2673 1329 2712 Syriam
1345 2673 1439 2703 eunti
1451 2685 1458 2702 ι
1482 2672 1612 2712 quando
1627 2672 1730 2703 libera
1743 2670 1790 2702 le·

328 2731 456 2761 perem:
465 2719 550 2760 quod
560 2724 594 2750 et
605 2718 676 2749 edd.
686 2728 735 2758 pr.
746 2717 888 2748 hahent:
903 2717 1042 2756 denique
1085 2716 1176 2755 gatio
1192 2724 1258 2745 non
1271 2715 1439 2746 convenit.

333 2764 455 2798 vocari,
467 2762 616 2798 incitari,
633 2770 691 2801 pro
704 2770 830 2796 vocare,
841 2760 991 2796 incitare,
1004 2763 1043 2789 ut
1129 2760 1169 2789 82
1191 2767 1224 2787 a.
1247 2757 1279 2787 d.
1302 2765 1348 2788 1v.
1370 2758 1457 2788 Non.
1478 2755 1574 2796 [ἔβη]
1599 2756 1727 2787 Iterum
1742 2754 1791 2786 vi-

325 2807 398 2846 jam
415 2806 495 2837 fecit
515 2814 534 2836 e
557 2804 638 2835 Mss.
661 2803 822 2838 Graevius,
838 2802 932 2832 etsie
947 2802 1034 2843 pari·
1078 2801 1203 2831 tiosum
1230 2806 1281 2830 est
1307 2799 1429 2830 mensis
1452 2809 1587 2837 nomeu,
1610 2804 1708 2838 atque
1730 2796 1787 2829 de'.

333 2853 385 2879 ter
398 2848 525 2879 habeut
545 2845 618 2877 edd.
640 2845 740 2877 Rom.
759 2844 850 2876 JenS.
868 2844 942 2876 Asc.
958 2844 1035 2876 Aid.
1078 2841 1234 2874 lendum:
1252 2851 1328 2873 cum
1342 2841 1414 2872 haec
1426 2841 1565 2884 epistola
1576 2841 1786 2879 scriberetur,

331 2891 473 2929 -tangi
487 2893 537 2921 est
552 2888 707 2920 interfici.
1083 2885 1204 2917 mensis
1218 2884 1329 2917 Julius
1343 2888 1428 2917 erat.

375 2936 393 2966 7
398 2935 415 2964 8
446 2933 609 2964 neminem
637 2938 798 2973 umquam
825 2927 954 2969 audivi]
993 2938 1038 2959 sc.

1924 1273 1936 1351 „ev—1
1924 1254 1926 1261 ⁴
1925 1152 1933 1244 .-„-.⁷-
1925 1116 1928 1133 s<
