1940 3231
717 107 922 145 LIBER
961 105 1027 144 IV.
1514 110 1592 150 547

140 209 317 265 quidem
335 210 470 253 tribus
488 206 623 261 libris,
637 223 743 265 quos
763 219 809 250 tu
828 208 1036 259 dilaudas,
1049 205 1159 249 nihil
1175 207 1355 263 reperio.
1379 211 1418 243 37
1431 208 1619 263 Nunc‚p.
1637 215 1689 247 65.

141 277 191 308 ut
211 268 460 325 opinionem
490 268 645 309 habeas
677 280 833 317 rerum,
856 265 1078 307 ferendum
1101 274 1180 305 est.
1211 266 1382 319 quaeris,
1404 280 1486 321 ego
1508 283 1577 310 me
1589 269 1620 290 ²·

140 334 191 365 ut
219 326 454 380 gesserim?
483 331 730 368 constanter
750 333 794 364 et
823 323 970 364 libere.
992 321 1097 377 quid
1125 321 1209 372 ille,
1241 321 1423 376 inquies,
1449 333 1495 363 ut
1516 324 1578 366 fe-

138 382 290 424 rebat?
326 382 582 431 humaniter,
619 393 817 435 meaeque
853 379 1095 436 dignitatiS,
1128 378 1270 433 quoad
1307 377 1415 419 mihi
1455 382 1577 422 satis-

137 434 302 480 factum
325 447 448 488 esset,
479 436 721 478 habendam
753 437 835 478 sibi
869 437 1080 478 rationem
1114 435 1311 491 putabat.
1338 450 1424 490 quo
1447 438 1576 479 modo

135 509 240 551 ergo
262 495 509 537 absolutus?
541 494 718 535 omnino
739 500 877 549 γοςγεῖοι
895 497 1030 547 γυμνάς
1064 501 1363 534 accusatorum
1392 492 1578 535 incredi-

134 551 234 593 bilis
256 552 450 603 infantia,
473 553 513 581 33
527 551 570 591 id
592 560 671 603 est,
696 551 745 592 L.
771 550 956 600 Lentuli,
981 550 1030 591 L.
1049 549 1097 591 F.
1121 563 1247 604 quem
1271 548 1461 591 fremunt
1482 565 1576 592 om-

132 623 208 650 nes
240 609 595 665 praevaricatum3
627 607 782 649 deinde
815 607 1013 662 Pompeii
1049 607 1156 648 mira
1178 606 1428 659 contenti03
1453 607 1574 662 judi-

132 680 232 707 cum
255 664 414 706 sordes.
445 674 636 706 attamen
661 679 812 707 xxxu
837 664 1194 714 condemnarunt,
1219 678 1408 705 xxxxix
1432 666 1575 706 absol-

110 723 297 763 'verunt.
323 722 495 778 judicia
524 722 686 777 reliqua
717 721 996 777 impendent:
1028 721 1222 761 nondum
1253 730 1317 761 est
1351 721 1474 776 plane
1496 736 1574 764 ex-

127 779 314 835 peditus,
376 778 524 829 Dices,
547 789 591 820 tu
614 793 717 835 ergo
741 779 835 819 haec
857 793 943 833 quo
966 778 1097 819 modo
1120 777 1232 818 fers?
1264 777 1373 818 belle
1404 779 1572 820 melier-

126 835 237 887 cule‚
258 846 302 877 et
332 836 376 878 in
398 851 448 877 eo
472 851 539 877 me
573 836 695 877 valde
727 850 840 876 amo.
863 835 1100 886 amisimus,
1132 835 1190 875 mi
1223 834 1455 890 Pomponi,
1478 851 1571 878 om-

123 906 224 933 nem
257 908 343 935 non
379 894 508 935 modo
532 907 706 934 succum
741 908 790 933 ac
824 894 1095 949 sanguinem,
1119 892 1189 932 sed
1213 892 1342 933 etiam
1365 892 1570 944 colorem,

121 959 166 991 et
199 951 387 1006 speciem
426 951 649 1007 pristinam
683 949 887 991 civitatis.
927 949 1044 990 nulla
1078 959 1144 989 est
1177 949 1434 1005 respublica,
1470 965 1569 1006 quae

123 1006 322 1059 delectet,
344 1009 388 1051 in
412 1023 496 1063 qua
519 1008 804 1062 acquiescam.
825 1005 922 1047 idne
944 1006 1092 1062 igitur,
1110 1006 1293 1060 inquies,
1312 1005 1439 1047 facile
1460 1007 1570 1049 fers?

122 1064 166 1106 id
200 1065 356 1121 ipsum.
391 1065 590 1106 recordor
623 1064 752 1114 enim,
778 1077 908 1118 quam
942 1062 1052 1104 bella
1077 1062 1306 1118 paulisper,
1329 1064 1455 1105 nobis
1489 1079 1569 1121 gu-

123 1122 419 1173 bernantibus,
442 1121 594 1163 civitas
624 1120 768 1171 fuerit,
790 1134 887 1175 quae
920 1120 1026 1161 mihi
1058 1119 1199 1175 gratia
1219 1119 1352 1161 relata
1374 1122 1443 1162 sit.
1475 1123 1571 1163 nul-

120 1179 185 1220 lus
208 1179 332 1220 dolor
351 1194 419 1220 me
443 1180 579 1234 angit,
603 1192 735 1218 unum
759 1177 905 1218 omnia
926 1191 1077 1232 posse:
1101 1176 1405 1232 dirumpuntur
1427 1178 1472 1230 ii,
1494 1180 1568 1234 qui

120 1250 192 1277 me
222 1236 381 1292 aliquid
417 1251 539 1291 posse
560 1235 817 1276 doluerunt:
850 1235 987 1275 multa
1007 1233 1114 1274 mihi
1138 1233 1245 1274 dant
1274 1234 1454 1277 solatia:
1487 1250 1568 1277 nec

122 1303 266 1334 tamen
290 1308 371 1349 ego
394 1293 446 1334 de
466 1307 561 1333 meo
585 1301 700 1332 statu
723 1291 945 1347 demigro:
968 1305 1153 1346 quaeque
1179 1290 1268 1332 vita
1289 1293 1480 1333 maxime
1501 1303 1568 1334 est

120 1351 171 1392 ad
196 1360 407 1400 naturam,
422 1349 472 1390 ad
497 1363 591 1389 eam
610 1363 677 1389 me
695 1347 848 1400 refero,
865 1351 905 1382 39
919 1357 962 1389 et
981 1349 1160 1399 litteras,
1174 1357 1218 1388 et
1237 1349 1380 1390 studia
1397 1359 1563 1392 nostra:

120 1407 291 1448 dicendi
323 1407 511 1447 laborem
537 1405 823 1447 delectatione
853 1405 1042 1446 oratoria
1063 1404 1276 1446 consolor.
1309 1406 1462 1447 domus
1496 1422 1566 1449 me

118 1473 163 1504 et
193 1479 292 1506 rura
321 1474 466 1504 nostra
496 1463 726 1504 delectant.
789 1462 890 1503 Non
924 1463 1139 1513 recordor,
1172 1463 1285 1504 unde
1317 1464 1564 1516 ceciderim,

116 1521 189 1562 sed
213 1521 326 1562 unde
350 1520 621 1561 surrexerim.
638 1519 813 1561 fratrem
835 1534 1006 1561 mecum
1021 1529 1064 1560 et
1087 1528 1128 1561 te
1151 1520 1185 1560 si
1200 1519 1384 1574 habebo,
1405 1535 1563 1577 perme

113 1577 199 1618 ista
221 1577 403 1633 pedibus
428 1577 666 1618 trahantur.
691 1577 814 1617 vobis
836 1579 1099 1629 ἐμφιλοσ-οφῆσ-κι
1124 1591 1312 1632 possum.
1340 1578 1458 1619 locus
1490 1579 1560 1620 ille

111 1635 245 1676 animi
268 1635 418 1685 nostri,
442 1634 690 1675 stomachus
713 1634 787 1674 ubi
809 1633 1038 1674 habitabat
1060 1632 1178 1684 olim,
1200 1634 1447 1676 concalluit.
1472 1637 1559 1691 pri-

109 1700 211 1733 vata
240 1691 370 1733 modo
392 1700 436 1732 et
466 1691 704 1733 domestica
726 1705 803 1731 nos
836 1690 1066 1732 delectant.
1099 1691 1252 1732 miram
1282 1693 1554 1734 securitatem

110 1748 304 1800 videbis;
325 1748 449 1813 cujus
475 1748 668 1804 plurimae
691 1747 935 1789 mehercule
957 1756 1098 1803 partes
1119 1758 1218 1789 sunt
1239 1749 1283 1789 in
1307 1760 1381 1790 tuo
1401 1751 1554 1792 reditu.
1568 1751 1600 1782 b.

110 1820 239 1847 nemo
261 1806 376 1847 enim
401 1820 444 1846 in
468 1806 590 1846 terris
613 1815 678 1846 est
702 1805 807 1846 mihi
831 1814 921 1845 tam
942 1805 1314 1847 consentientibus
1346 1808 1556 1849 sensibus.

91 1862 195 1905 'Sed
216 1863 366 1919 accipe
388 1863 484 1903 alia.
545 1862 633 1903 Res
655 1862 753 1903 fluit
783 1862 836 1903 ad
861 1863 1179 1917 interregnum:
1212 1872 1254 1904 et
1277 1874 1342 1904 est
1371 1866 1556 1906 nonnul-

108 1918 175 1961 lus
205 1920 313 1961 odor
342 1920 595 1961 dictaturae:
629 1934 769 1960 sermo
791 1919 965 1974 quidem
997 1918 1182 1971 multus3
1215 1920 1288 1975 qui
1311 1921 1442 1963 etiam
1466 1923 1556 1964 Ga-

109 1976 278 2018 binium
299 1977 466 2033 40apud
494 1976 670 2017 timidos
696 1976 868 2032 judices
900 1976 1083 2032 adjuvit.
1144 1976 1375 2019 Candidati
1399 1994 1555 2021 consu-

104 2032 213 2074 lares
247 2047 396 2074 omnes
435 2033 493 2074 rei
533 2034 738 2074 ambitus.
777 2034 946 2075 accedit
983 2035 1115 2074 etiam
1151 2034 1391 2077 Gabinius:
1424 2051 1553 2092 quem

105 2089 159 2133 P.
183 2090 316 2143 Sulla,
347 2093 385 2121 41
402 2105 488 2132 non
519 2090 723 2132 dubitans
754 2091 860 2146 quin
890 2090 994 2132 foris
1017 2100 1143 2143 esset,
1175 2092 1426 2147 postularat,
1448 2109 1553 2136 con·

99 2218 249 2252 laudasse
283 2204 434 2252 Atticum
477 2221 684 2251 memoravit.
741 2220 805 2251 Sed
847 2222 882 2252 in
898 2221 948 2252 ed.
971 2221 1069 2252 Rom.
1086 2226 1135 2252 est
1157 2224 1183 2253 1.
1208 2222 1294 2261 quod
1310 2223 1395 2253 forte
1422 2226 1550 2255 numeri

100 2264 205 2293 tribus
227 2262 310 2294 mihi
332 2272 400 2294 esse
420 2273 440 2294 a
461 2263 641 2303 glossatore
665 2262 803 2294 videtur.

97 2305 184 2336 nihil
203 2306 342 2345 reperio,
358 2305 445 2344 quod
466 2315 525 2346 pro
546 2315 585 2335 eo
600 2305 707 2335 dicere
730 2315 803 2345 pos-

99 2347 176 2385 sim,
207 2347 338 2378 nullum
368 2347 548 2378 artificium
573 2347 713 2383 dicendi,
739 2357 803 2384 quo

100 2389 153 2419 uti
169 2390 290 2429 possim
305 2389 346 2421 ad
368 2389 582 2430 probabiliter
594 2398 671 2420 eum
687 2389 799 2420 defen-

99 2429 257 2462 dendum.

139 2475 180 2507 37
197 2474 314 2511 Nunc,
326 2477 364 2504 ut
378 2475 559 2514 opinionem
574 2475 605 2504 Ιι.
622 2473 697 2512 &c.]
719 2473 800 2504 Haee

96 2523 165 2545 esse
179 2515 287 2546 alieno
300 2516 373 2546 loco
389 2522 422 2546 et
445 2527 484 2546 ex
500 2515 566 2546 alia
579 2515 719 2555 epistola
735 2515 799 2546 huc

93 2557 270 2595 translata,
293 2559 434 2598 putabat
456 2557 653 2598 Malaspina,
670 2562 703 2588 et
726 2558 798 2597 qui-

96 2597 171 2629 dem
193 2609 294 2639 usque
317 2601 358 2632 ad
383 2600 481 2630 verba
504 2601 561 2630 sed
584 2601 693 2639 accipe
715 2601 797 2631 alla.

95 2639 290 2672 Tunstallus
313 2653 346 2682 p.
367 2645 434 2673 118.
454 2651 557 2682 usque
581 2642 621 2672 ad
644 2642 741 2672 verba
764 2643 799 2673 in

101 2680 249 2713 Gliciam
271 2686 406 2723 cogitat,
422 2689 456 2715 et
479 2686 513 2714 in
531 2695 582 2724 ep.
605 2693 797 2724 sequentem

846 2265 979 2303 signum
995 2270 1044 2294 est
1067 2264 1268 2304 adscriptum
1292 2265 1332 2295 ab
1347 2266 1471 2305 aliquo,
1488 2269 1549 2297 nisi

847 2306 880 2335 id
908 2306 1162 2345 intelligendum
1188 2308 1224 2336 in
1247 2308 1386 2346 primis:
1418 2318 1495 2339 nam
1524 2311 1549 2343 is

847 2357 932 2378 unus
947 2359 985 2378 ex
1000 2349 1244 2379 accusatoribus
1261 2350 1463 2381 nominatur.

886 2393 927 2424 39
941 2395 972 2420 et
987 2391 1100 2421 literas
1114 2395 1145 2420 et
1158 2395 1199 2422 sc.
1215 2391 1264 2431 n.]
1285 2392 1401 2424 Malim
1417 2394 1463 2423 ad
1478 2395 1549 2423 lite-

842 2442 900 2462 ras
916 2438 946 2462 et
961 2437 1001 2463 st.
1017 2442 1050 2463 n.
1068 2437 1118 2463 est
1133 2433 1221 2463 enim
1245 2434 1477 2475 interpretatio
1493 2446 1547 2466 su-

843 2484 993 2515 penoris.

884 2519 926 2547 40
939 2517 1030 2556 apud
1041 2517 1170 2547 timidos
1175 2516 1319 2557 judices]
1336 2518 1399 2557 Qui
1410 2519 1545 2555 timent,

842 2568 883 2589 ne
898 2559 1067 2589 offendant
1078 2559 1227 2589 futurum
1238 2559 1433 2591 dictatorem
1447 2563 1527 2593 Pom
1535 2582 1545 2587 -

818 2621 825 2623 2
843 2602 965 2640 peiuni‘,
982 2601 1008 2631 si
1023 2602 1093 2640 ejus
1113 2601 1256 2631 amicum
1273 2602 1449 2634 Gabinium
1466 2615 1543 2635 con-

841 2643 1013 2674 demnent.
1029 2653 1060 2674 v.
1078 2642 1119 2673 ad
1134 2643 1175 2683 Ω.
1192 2643 1243 2674 Fr.
1262 2643 1326 2681 111,
1341 2648 1370 2678 7.

883 2687 920 2715 41
953 2695 1017 2715 nnn
1042 2686 1208 2721 dubitans,
1238 2687 1316 2725 quin
1334 2685 1427 2726 foris
1454 2693 1544 2724 essee,

96 2724 266 2762 transfert,
282 2731 357 2766 post
373 2726 470 2757 verba
485 2727 582 2756 detur
599 2736 662 2756 esse
674 2728 798 2756 valieu-
834 2727 1038 2767 postularat]
1078 2728 1156 2759 Non
1190 2727 1342 2767 intelligo
1369 2728 1401 2758 h.
1433 2729 1454 2759 1.
1484 2741 1544 2760 uec

97 2775 187 2796 rum.
230 2767 385 2799 Ceterum
402 2779 460 2809 pro
469 2767 656 2807 ‚lbi-endum
670 2772 716 2798 est
736 2778 797 2808 pu·
840 2769 980 2799 aliorum
1008 2770 1298 2810 interpretationes
1325 2770 1541 2801 satisfaciunt.

96 2812 165 2838 tem
181 2807 352 2846 legendum
356 2809 557 2849 faciendum
569 2815 627 2848 est,
641 2821 686 2842 sc.
704 2810 796 2841 mihi.

139 2851 180 2882 38
202 2850 239 2881 id
260 2851 320 2892 est]
354 2852 426 2884 Hoc
452 2852 628 2885 delendum
655 2853 795 2885 videtur.

840 2811 985 2841 Manutii
1008 2811 1153 2851 quidem,
1177 2821 1273 2850 quem
1297 2812 1443 2841 Grcevius
1464 2813 1544 2844 dicit

840 2853 1053 2892 intellexisse,
1082 2863 1123 2886 nc
1154 2853 1304 2893 intelligo
1332 2853 1472 2892 quidem.
1498 2867 1542 2887 an

757 2901 888 2937 Nn2

1673 1858 1708 1875 ‘N
