<?xml version="1.0" encoding="UTF-8"?>
<!DOCTYPE html PUBLIC "-//W3C//DTD XHTML 1.0 Transitional//EN"
    "http://www.w3.org/TR/xhtml1/DTD/xhtml1-transitional.dtd">
<html xmlns="http://www.w3.org/1999/xhtml" xml:lang="en" lang="en">
 <head>
  <title>
</title>
<meta http-equiv="Content-Type" content="text/html;charset=utf-8" />
  <meta name='ocr-system' content='tesseract 3.04.00' />
  <meta name='ocr-capabilities' content='ocr_page ocr_carea ocr_par ocr_line ocrx_word'/>
</head>
<body>
  <div class='ocr_page' id='page_1' title='image "./p2operaomnia03ciceuoft_0412.png"; bbox 0 0 1940 3231; ppageno 0'>
   <div class='ocr_carea' id='block_1_1' title="bbox 339 141 1353 187">
    <p class='ocr_par' dir='ltr' id='par_1_1' title="bbox 339 141 1353 187">
     <span class='ocr_line' id='line_1_1' title="bbox 339 141 1353 187; baseline -0.004 -3"><span class='ocrx_word' id='word_1_1' title='bbox 339 149 418 184; x_wconf 87' lang='grc'>836</span> <span class='ocrx_word' id='word_1_2' title='bbox 755 143 938 183; x_wconf 88' lang='lat' dir='ltr'>EPIST.</span> <span class='ocrx_word' id='word_1_3' title='bbox 965 143 1043 182; x_wconf 93' lang='lat' dir='ltr'>AD</span> <span class='ocrx_word' id='word_1_4' title='bbox 1069 141 1353 187; x_wconf 90' lang='lat' dir='ltr'>ATTICUM,</span> 
     </span>
    </p>
   </div>
   <div class='ocr_carea' id='block_1_2' title="bbox 205 245 1786 1610">
    <p class='ocr_par' dir='ltr' id='par_1_2' title="bbox 205 245 1786 1610">
     <span class='ocr_line' id='line_1_2' title="bbox 340 245 1776 305; baseline -0.003 -14"><span class='ocrx_word' id='word_1_5' title='bbox 340 251 436 300; x_wconf 77' lang='lat' dir='ltr'>erit,</span> <span class='ocrx_word' id='word_1_6' title='bbox 459 248 620 291; x_wconf 89' lang='lat' dir='ltr'>nescio.</span> <span class='ocrx_word' id='word_1_7' title='bbox 643 248 750 290; x_wconf 90' lang='lat' dir='ltr'>nihil</span> <span class='ocrx_word' id='word_1_8' title='bbox 772 250 886 291; x_wconf 88' lang='lat' dir='ltr'>enim</span> <span class='ocrx_word' id='word_1_9' title='bbox 910 249 1134 305; x_wconf 80' lang='lat' dir='ltr'><strong>scripsisti.</strong></span> <span class='ocrx_word' id='word_1_10' title='bbox 1184 251 1221 278; x_wconf 69' lang='lat'>18</span> <span class='ocrx_word' id='word_1_11' title='bbox 1238 247 1305 288; x_wconf 83' lang='lat' dir='ltr'>De</span> <span class='ocrx_word' id='word_1_12' title='bbox 1324 245 1604 296; x_wconf 80' lang='lat' dir='ltr'>Menedemo,</span> <span class='ocrx_word' id='word_1_13' title='bbox 1625 245 1776 301; x_wconf 86' lang='lat' dir='ltr'><strong>probe.</strong></span> 
     </span>
     <span class='ocr_line' id='line_1_3' title="bbox 342 303 1778 361; baseline -0.003 -14"><span class='ocrx_word' id='word_1_14' title='bbox 342 307 532 353; x_wconf 80' lang='lat' dir='ltr'><strong>Quintus</strong></span> <span class='ocrx_word' id='word_1_15' title='bbox 555 316 669 348; x_wconf 84' lang='lat' dir='ltr'>certe</span> <span class='ocrx_word' id='word_1_16' title='bbox 691 322 742 348; x_wconf 84' lang='lat' dir='ltr'>ea</span> <span class='ocrx_word' id='word_1_17' title='bbox 762 307 949 357; x_wconf 79' lang='lat' dir='ltr'>dictitat,</span> <span class='ocrx_word' id='word_1_18' title='bbox 981 322 1077 361; x_wconf 75' lang='lat' dir='ltr'>quae</span> <span class='ocrx_word' id='word_1_19' title='bbox 1104 305 1270 347; x_wconf 84' lang='lat' dir='ltr'>scribis.</span> <span class='ocrx_word' id='word_1_20' title='bbox 1323 303 1563 344; x_wconf 70' lang='lat' dir='ltr'>Consilium</span> <span class='ocrx_word' id='word_1_21' title='bbox 1589 317 1730 343; x_wconf 88' lang='lat' dir='ltr'>meum</span> <span class='ocrx_word' id='word_1_22' title='bbox 1751 315 1778 342; x_wconf 84' lang='lat' dir='ltr'>a</span> 
     </span>
     <span class='ocr_line' id='line_1_4' title="bbox 340 359 1778 420; baseline -0.004 -15"><span class='ocrx_word' id='word_1_23' title='bbox 340 373 384 405; x_wconf 91' lang='lat' dir='ltr'>te</span> <span class='ocrx_word' id='word_1_24' title='bbox 407 365 594 420; x_wconf 84' lang='lat' dir='ltr'>probari,</span> <span class='ocrx_word' id='word_1_25' title='bbox 615 364 729 419; x_wconf 90' lang='lat' dir='ltr'>quod</span> <span class='ocrx_word' id='word_1_26' title='bbox 752 379 802 404; x_wconf 86' lang='lat' dir='ltr'>ea</span> <span class='ocrx_word' id='word_1_27' title='bbox 825 379 909 404; x_wconf 90' lang='lat' dir='ltr'>non</span> <span class='ocrx_word' id='word_1_28' title='bbox 932 365 1132 413; x_wconf 78' lang='lat' dir='ltr'>scribam,</span> <span class='ocrx_word' id='word_1_29' title='bbox 1159 366 1304 416; x_wconf 72' lang='lat' dir='ltr'>¹9quae</span> <span class='ocrx_word' id='word_1_30' title='bbox 1329 373 1372 402; x_wconf 81' lang='lat' dir='ltr'>tu</span> <span class='ocrx_word' id='word_1_31' title='bbox 1397 376 1422 401; x_wconf 73' lang='lat' dir='ltr'>a</span> <span class='ocrx_word' id='word_1_32' title='bbox 1444 375 1511 400; x_wconf 84' lang='lat' dir='ltr'>ine</span> <span class='ocrx_word' id='word_1_33' title='bbox 1534 359 1778 416; x_wconf 82' lang='lat' dir='ltr'>postulariS,</span> 
     </span>
     <span class='ocr_line' id='line_1_5' title="bbox 341 417 1778 478; baseline -0.005 -15"><span class='ocrx_word' id='word_1_34' title='bbox 341 421 467 463; x_wconf 82' lang='lat' dir='ltr'>facile</span> <span class='ocrx_word' id='word_1_35' title='bbox 491 422 654 478; x_wconf 85' lang='lat' dir='ltr'>patior:</span> <span class='ocrx_word' id='word_1_36' title='bbox 688 420 910 476; x_wconf 87' lang='lat' dir='ltr'>multoque</span> <span class='ocrx_word' id='word_1_37' title='bbox 943 420 1080 476; x_wconf 78' lang='lat' dir='ltr'>magis</span> <span class='ocrx_word' id='word_1_38' title='bbox 1108 420 1148 459; x_wconf 90' lang='lat' dir='ltr'>id</span> <span class='ocrx_word' id='word_1_39' title='bbox 1185 419 1403 474; x_wconf 74' lang='lat' dir='ltr'>probabis,</span> <span class='ocrx_word' id='word_1_40' title='bbox 1426 421 1458 457; x_wconf 76' lang='lat' dir='ltr'>si</span> <span class='ocrx_word' id='word_1_41' title='bbox 1483 420 1523 448; x_wconf 67' lang='lat'>20</span> <span class='ocrx_word' id='word_1_42' title='bbox 1537 417 1778 458; x_wconf 82' lang='lat' dir='ltr'>orationem</span> 
     </span>
     <span class='ocr_line' id='line_1_6' title="bbox 341 472 1781 533; baseline -0.005 -13"><span class='ocrx_word' id='word_1_43' title='bbox 341 494 450 530; x_wconf 86' lang='lat' dir='ltr'>eam,</span> <span class='ocrx_word' id='word_1_44' title='bbox 472 480 525 519; x_wconf 91' lang='lat' dir='ltr'>de</span> <span class='ocrx_word' id='word_1_45' title='bbox 546 493 631 533; x_wconf 85' lang='lat' dir='ltr'>qua</span> <span class='ocrx_word' id='word_1_46' title='bbox 648 477 778 519; x_wconf 88' lang='lat' dir='ltr'>hodie</span> <span class='ocrx_word' id='word_1_47' title='bbox 801 478 850 519; x_wconf 85' lang='lat' dir='ltr'>ad</span> <span class='ocrx_word' id='word_1_48' title='bbox 878 486 919 517; x_wconf 88' lang='lat' dir='ltr'>te</span> <span class='ocrx_word' id='word_1_49' title='bbox 942 477 1108 532; x_wconf 75' lang='lat' dir='ltr'>scripsi,</span> <span class='ocrx_word' id='word_1_50' title='bbox 1127 476 1291 531; x_wconf 74' lang='lat' dir='ltr'>legeris.</span> <span class='ocrx_word' id='word_1_51' title='bbox 1336 478 1372 506; x_wconf 72' lang='lat'>21</span> <span class='ocrx_word' id='word_1_52' title='bbox 1391 476 1502 521; x_wconf 70' lang='lat' dir='ltr'>Quae</span> <span class='ocrx_word' id='word_1_53' title='bbox 1525 475 1578 515; x_wconf 92' lang='lat' dir='ltr'>de</span> <span class='ocrx_word' id='word_1_54' title='bbox 1596 472 1781 530; x_wconf 84' lang='lat' dir='ltr'>legioni-</span> 
     </span>
     <span class='ocr_line' id='line_1_7' title="bbox 341 528 1778 585; baseline -0.005 -8"><span class='ocrx_word' id='word_1_55' title='bbox 341 538 421 578; x_wconf 85' lang='lat' dir='ltr'>bus</span> <span class='ocrx_word' id='word_1_56' title='bbox 441 536 608 585; x_wconf 86' lang='lat' dir='ltr'>scribis,</span> <span class='ocrx_word' id='word_1_57' title='bbox 629 550 679 576; x_wconf 82' lang='lat' dir='ltr'>ea</span> <span class='ocrx_word' id='word_1_58' title='bbox 701 548 801 575; x_wconf 84' lang='lat' dir='ltr'>vera</span> <span class='ocrx_word' id='word_1_59' title='bbox 823 544 935 575; x_wconf 82' lang='lat' dir='ltr'>sunt.</span> <span class='ocrx_word' id='word_1_60' title='bbox 961 536 1033 575; x_wconf 87' lang='lat' dir='ltr'>sed</span> <span class='ocrx_word' id='word_1_61' title='bbox 1056 548 1142 573; x_wconf 84' lang='lat' dir='ltr'>non</span> <span class='ocrx_word' id='word_1_62' title='bbox 1166 533 1267 573; x_wconf 80' lang='lat' dir='ltr'>satis</span> <span class='ocrx_word' id='word_1_63' title='bbox 1291 534 1372 573; x_wconf 78' lang='lat' dir='ltr'>hoc</span> <span class='ocrx_word' id='word_1_64' title='bbox 1394 532 1498 573; x_wconf 68' lang='lat' dir='ltr'>mihi</span> <span class='ocrx_word' id='word_1_65' title='bbox 1522 532 1676 573; x_wconf 84' lang='lat' dir='ltr'>videris</span> <span class='ocrx_word' id='word_1_66' title='bbox 1696 528 1778 571; x_wconf 84' lang='lat' dir='ltr'>tibi</span> 
     </span>
     <span class='ocr_line' id='line_1_8' title="bbox 342 590 1780 651; baseline -0.004 -17"><span class='ocrx_word' id='word_1_67' title='bbox 342 594 616 651; x_wconf 81' lang='lat' dir='ltr'>persuasisse,</span> <span class='ocrx_word' id='word_1_68' title='bbox 639 592 744 646; x_wconf 88' lang='lat' dir='ltr'>quid</span> <span class='ocrx_word' id='word_1_69' title='bbox 776 592 829 632; x_wconf 88' lang='lat' dir='ltr'>de</span> <span class='ocrx_word' id='word_1_70' title='bbox 861 591 1105 633; x_wconf 80' lang='lat' dir='ltr'>Buthrotiis</span> <span class='ocrx_word' id='word_1_71' title='bbox 1135 590 1290 630; x_wconf 81' lang='lat' dir='ltr'>nostris</span> <span class='ocrx_word' id='word_1_72' title='bbox 1319 605 1393 645; x_wconf 78' lang='lat' dir='ltr'>per</span> <span class='ocrx_word' id='word_1_73' title='bbox 1418 599 1614 630; x_wconf 85' lang='lat' dir='ltr'>senatum</span> <span class='ocrx_word' id='word_1_74' title='bbox 1637 601 1780 644; x_wconf 87' lang='lat' dir='ltr'>speres</span> 
     </span>
     <span class='ocr_line' id='line_1_9' title="bbox 343 644 1782 705; baseline -0.003 -15"><span class='ocrx_word' id='word_1_75' title='bbox 343 654 383 681; x_wconf 84' lang='lat'>22</span> <span class='ocrx_word' id='word_1_76' title='bbox 396 650 552 690; x_wconf 82' lang='lat' dir='ltr'>confici</span> <span class='ocrx_word' id='word_1_77' title='bbox 575 663 715 705; x_wconf 86' lang='lat' dir='ltr'>posse,</span> <span class='ocrx_word' id='word_1_78' title='bbox 743 649 858 704; x_wconf 91' lang='lat' dir='ltr'>quod</span> <span class='ocrx_word' id='word_1_79' title='bbox 895 658 1024 704; x_wconf 88' lang='lat' dir='ltr'>puto:</span> <span class='ocrx_word' id='word_1_80' title='bbox 1057 656 1224 688; x_wconf 84' lang='lat' dir='ltr'>tantum</span> <span class='ocrx_word' id='word_1_81' title='bbox 1252 648 1367 687; x_wconf 84' lang='lat' dir='ltr'>enim</span> <span class='ocrx_word' id='word_1_82' title='bbox 1391 648 1531 698; x_wconf 76' lang='lat' dir='ltr'>video,</span> <span class='ocrx_word' id='word_1_83' title='bbox 1553 661 1640 686; x_wconf 83' lang='lat' dir='ltr'>non</span> <span class='ocrx_word' id='word_1_84' title='bbox 1662 644 1782 686; x_wconf 90' lang='lat' dir='ltr'>vide-</span> 
     </span>
     <span class='ocr_line' id='line_1_10' title="bbox 342 703 1780 756; baseline -0.003 -8"><span class='ocrx_word' id='word_1_85' title='bbox 342 722 438 749; x_wconf 87' lang='lat' dir='ltr'>mur</span> <span class='ocrx_word' id='word_1_86' title='bbox 460 721 550 748; x_wconf 90' lang='lat' dir='ltr'>esse</span> <span class='ocrx_word' id='word_1_87' title='bbox 574 706 745 747; x_wconf 80' lang='lat' dir='ltr'>victuri.</span> <span class='ocrx_word' id='word_1_88' title='bbox 769 707 856 756; x_wconf 87' lang='lat' dir='ltr'>sed,</span> <span class='ocrx_word' id='word_1_89' title='bbox 879 707 913 747; x_wconf 89' lang='lat' dir='ltr'>si</span> <span class='ocrx_word' id='word_1_90' title='bbox 944 706 1075 746; x_wconf 83' lang='lat' dir='ltr'>etiarn</span> <span class='ocrx_word' id='word_1_91' title='bbox 1110 719 1186 745; x_wconf 90' lang='lat' dir='ltr'>nos</span> <span class='ocrx_word' id='word_1_92' title='bbox 1217 703 1300 745; x_wconf 89' lang='lat' dir='ltr'>hoc</span> <span class='ocrx_word' id='word_1_93' title='bbox 1329 704 1463 754; x_wconf 80' lang='lat' dir='ltr'>sallat,</span> <span class='ocrx_word' id='word_1_94' title='bbox 1485 704 1536 744; x_wconf 86' lang='lat' dir='ltr'>de</span> <span class='ocrx_word' id='word_1_95' title='bbox 1561 703 1780 744; x_wconf 85' lang='lat' dir='ltr'>Buthroto</span> 
     </span>
     <span class='ocr_line' id='line_1_11' title="bbox 343 760 1778 816; baseline -0.003 -11"><span class='ocrx_word' id='word_1_96' title='bbox 343 774 385 805; x_wconf 89' lang='lat' dir='ltr'>te</span> <span class='ocrx_word' id='word_1_97' title='bbox 411 780 493 805; x_wconf 89' lang='lat' dir='ltr'>non</span> <span class='ocrx_word' id='word_1_98' title='bbox 519 764 650 805; x_wconf 70' lang='lat' dir='ltr'>fallet.</span> <span class='ocrx_word' id='word_1_99' title='bbox 714 763 782 804; x_wconf 91' lang='lat' dir='ltr'>De</span> <span class='ocrx_word' id='word_1_100' title='bbox 810 763 983 805; x_wconf 72' lang='lat' dir='ltr'>Octavii</span> <span class='ocrx_word' id='word_1_101' title='bbox 1013 762 1224 803; x_wconf 84' lang='lat' dir='ltr'>concione</span> <span class='ocrx_word' id='word_1_102' title='bbox 1254 761 1366 801; x_wconf 83' lang='lat' dir='ltr'>idem</span> <span class='ocrx_word' id='word_1_103' title='bbox 1391 761 1544 810; x_wconf 86' lang='lat' dir='ltr'>sentio,</span> <span class='ocrx_word' id='word_1_104' title='bbox 1566 760 1682 816; x_wconf 88' lang='lat' dir='ltr'>quod</span> <span class='ocrx_word' id='word_1_105' title='bbox 1705 770 1778 801; x_wconf 83' lang='lat' dir='ltr'>tu:</span> 
     </span>
     <span class='ocr_line' id='line_1_12' title="bbox 339 815 1779 878; baseline -0.003 -16"><span class='ocrx_word' id='word_1_106' title='bbox 339 817 627 876; x_wconf 81' lang='lat' dir='ltr'>ludorumque</span> <span class='ocrx_word' id='word_1_107' title='bbox 648 821 741 876; x_wconf 87' lang='lat' dir='ltr'>ejus</span> <span class='ocrx_word' id='word_1_108' title='bbox 764 831 1011 878; x_wconf 77' lang='lat' dir='ltr'>apparatus,</span> <span class='ocrx_word' id='word_1_109' title='bbox 1033 828 1077 860; x_wconf 90' lang='lat' dir='ltr'>et</span> <span class='ocrx_word' id='word_1_110' title='bbox 1110 818 1278 859; x_wconf 79' lang='lat' dir='ltr'>Matius</span> <span class='ocrx_word' id='word_1_111' title='bbox 1311 833 1360 859; x_wconf 84' lang='lat' dir='ltr'>ac</span> <span class='ocrx_word' id='word_1_112' title='bbox 1391 817 1640 858; x_wconf 80' lang='lat' dir='ltr'>Postumius</span> <span class='ocrx_word' id='word_1_113' title='bbox 1668 815 1779 858; x_wconf 87' lang='lat' dir='ltr'>mihi</span> 
     </span>
     <span class='ocr_line' id='line_1_13' title="bbox 342 873 1780 935; baseline -0.004 -15"><span class='ocrx_word' id='word_1_114' title='bbox 342 882 382 910; x_wconf 76' lang='lat'>23</span> <span class='ocrx_word' id='word_1_115' title='bbox 400 888 696 935; x_wconf 84' lang='lat' dir='ltr'>procuratores</span> <span class='ocrx_word' id='word_1_116' title='bbox 717 893 803 919; x_wconf 90' lang='lat' dir='ltr'>non</span> <span class='ocrx_word' id='word_1_117' title='bbox 828 878 1012 934; x_wconf 83' lang='lat' dir='ltr'>placent.</span> <span class='ocrx_word' id='word_1_118' title='bbox 1063 878 1104 908; x_wconf 75' lang='lat'>24</span> <span class='ocrx_word' id='word_1_119' title='bbox 1117 877 1299 917; x_wconf 78' lang='lat' dir='ltr'>Saserna</span> <span class='ocrx_word' id='word_1_120' title='bbox 1320 875 1485 931; x_wconf 83' lang='lat' dir='ltr'>collega</span> <span class='ocrx_word' id='word_1_121' title='bbox 1512 875 1683 931; x_wconf 81' lang='lat' dir='ltr'>dignus,</span> <span class='ocrx_word' id='word_1_122' title='bbox 1706 873 1780 915; x_wconf 86' lang='lat' dir='ltr'>sed</span> 
     </span>
     <span class='ocr_line' id='line_1_14' title="bbox 342 932 1783 991; baseline -0.004 -14"><span class='ocrx_word' id='word_1_123' title='bbox 342 936 414 977; x_wconf 84' lang='lat' dir='ltr'>isti</span> <span class='ocrx_word' id='word_1_124' title='bbox 434 951 599 987; x_wconf 79' lang='lat' dir='ltr'>omne5‚</span> <span class='ocrx_word' id='word_1_125' title='bbox 621 936 984 991; x_wconf 75' lang='lat' dir='ltr'>quemadmodum</span> <span class='ocrx_word' id='word_1_126' title='bbox 1008 934 1154 983; x_wconf 88' lang='lat' dir='ltr'>sentis,</span> <span class='ocrx_word' id='word_1_127' title='bbox 1175 948 1261 974; x_wconf 91' lang='lat' dir='ltr'>non</span> <span class='ocrx_word' id='word_1_128' title='bbox 1286 932 1425 973; x_wconf 87' lang='lat' dir='ltr'>minus</span> <span class='ocrx_word' id='word_1_129' title='bbox 1452 934 1590 973; x_wconf 90' lang='lat' dir='ltr'>otium</span> <span class='ocrx_word' id='word_1_130' title='bbox 1612 932 1783 981; x_wconf 88' lang='lat' dir='ltr'>timent,</span> 
     </span>
     <span class='ocr_line' id='line_1_15' title="bbox 341 988 1782 1049; baseline -0.004 -14"><span class='ocrx_word' id='word_1_131' title='bbox 341 1008 472 1049; x_wconf 87' lang='lat' dir='ltr'>quam</span> <span class='ocrx_word' id='word_1_132' title='bbox 494 1009 572 1035; x_wconf 90' lang='lat' dir='ltr'>nos</span> <span class='ocrx_word' id='word_1_133' title='bbox 594 1008 725 1034; x_wconf 80' lang='lat' dir='ltr'>arma.</span> <span class='ocrx_word' id='word_1_134' title='bbox 776 993 961 1034; x_wconf 78' lang='lat' dir='ltr'>Balbum</span> <span class='ocrx_word' id='word_1_135' title='bbox 984 991 1114 1032; x_wconf 84' lang='lat' dir='ltr'>levari</span> <span class='ocrx_word' id='word_1_136' title='bbox 1136 991 1301 1033; x_wconf 82' lang='lat' dir='ltr'>invidia</span> <span class='ocrx_word' id='word_1_137' title='bbox 1328 1004 1403 1046; x_wconf 87' lang='lat' dir='ltr'>per</span> <span class='ocrx_word' id='word_1_138' title='bbox 1424 1004 1503 1030; x_wconf 90' lang='lat' dir='ltr'>nos</span> <span class='ocrx_word' id='word_1_139' title='bbox 1523 989 1675 1031; x_wconf 85' lang='lat' dir='ltr'>velim:</span> <span class='ocrx_word' id='word_1_140' title='bbox 1707 988 1782 1030; x_wconf 82' lang='lat' dir='ltr'>sed</span> 
     </span>
     <span class='ocr_line' id='line_1_16' title="bbox 339 1046 1780 1107; baseline -0.004 -15"><span class='ocrx_word' id='word_1_141' title='bbox 339 1065 396 1092; x_wconf 88' lang='lat' dir='ltr'>ne</span> <span class='ocrx_word' id='word_1_142' title='bbox 429 1052 520 1107; x_wconf 89' lang='lat' dir='ltr'>ipse</span> <span class='ocrx_word' id='word_1_143' title='bbox 542 1051 716 1107; x_wconf 87' lang='lat' dir='ltr'>quidem</span> <span class='ocrx_word' id='word_1_144' title='bbox 745 1051 786 1091; x_wconf 90' lang='lat' dir='ltr'>id</span> <span class='ocrx_word' id='word_1_145' title='bbox 816 1050 907 1091; x_wconf 86' lang='lat' dir='ltr'>fieri</span> <span class='ocrx_word' id='word_1_146' title='bbox 941 1063 1063 1105; x_wconf 90' lang='lat' dir='ltr'>posse</span> <span class='ocrx_word' id='word_1_147' title='bbox 1091 1048 1286 1089; x_wconf 87' lang='lat' dir='ltr'>confidit.</span> <span class='ocrx_word' id='word_1_148' title='bbox 1309 1047 1456 1102; x_wconf 76' lang='lat' dir='ltr'>itaque</span> <span class='ocrx_word' id='word_1_149' title='bbox 1488 1046 1570 1088; x_wconf 78' lang='lat' dir='ltr'>alia</span> <span class='ocrx_word' id='word_1_150' title='bbox 1598 1046 1780 1102; x_wconf 83' lang='lat' dir='ltr'>cogitat.</span> 
     </span>
     <span class='ocr_line' id='line_1_17' title="bbox 343 1106 1782 1165; baseline -0.005 -15"><span class='ocrx_word' id='word_1_151' title='bbox 343 1109 473 1155; x_wconf 78' lang='lat' dir='ltr'>Quod</span> <span class='ocrx_word' id='word_1_152' title='bbox 499 1110 636 1165; x_wconf 85' lang='lat' dir='ltr'>prima</span> <span class='ocrx_word' id='word_1_153' title='bbox 657 1109 895 1164; x_wconf 84' lang='lat' dir='ltr'>disputatio</span> <span class='ocrx_word' id='word_1_154' title='bbox 916 1106 1162 1149; x_wconf 78' lang='lat' dir='ltr'>Tusculana</span> <span class='ocrx_word' id='word_1_155' title='bbox 1178 1109 1218 1137; x_wconf 86' lang='lat'>25</span> <span class='ocrx_word' id='word_1_156' title='bbox 1235 1114 1275 1146; x_wconf 86' lang='lat' dir='ltr'>te</span> <span class='ocrx_word' id='word_1_157' title='bbox 1291 1107 1533 1155; x_wconf 82' lang='lat' dir='ltr'>confirmat,</span> <span class='ocrx_word' id='word_1_158' title='bbox 1553 1118 1654 1144; x_wconf 88' lang='lat' dir='ltr'>sane</span> <span class='ocrx_word' id='word_1_159' title='bbox 1675 1117 1782 1159; x_wconf 83' lang='lat' dir='ltr'>gau-</span> 
     </span>
     <span class='ocr_line' id='line_1_18' title="bbox 341 1162 1781 1221; baseline -0.004 -14"><span class='ocrx_word' id='word_1_160' title='bbox 341 1167 438 1207; x_wconf 86' lang='lat' dir='ltr'>deo.</span> <span class='ocrx_word' id='word_1_161' title='bbox 462 1181 601 1221; x_wconf 88' lang='lat' dir='ltr'>neque</span> <span class='ocrx_word' id='word_1_162' title='bbox 622 1166 736 1206; x_wconf 87' lang='lat' dir='ltr'>enim</span> <span class='ocrx_word' id='word_1_163' title='bbox 763 1166 893 1206; x_wconf 89' lang='lat' dir='ltr'>ullum</span> <span class='ocrx_word' id='word_1_164' title='bbox 917 1174 983 1206; x_wconf 83' lang='lat' dir='ltr'>est</span> <span class='ocrx_word' id='word_1_165' title='bbox 1004 1163 1250 1220; x_wconf 81' lang='lat' dir='ltr'>perfugium</span> <span class='ocrx_word' id='word_1_166' title='bbox 1275 1172 1349 1203; x_wconf 85' lang='lat' dir='ltr'>aut</span> <span class='ocrx_word' id='word_1_167' title='bbox 1371 1162 1537 1214; x_wconf 81' lang='lat' dir='ltr'>melius,</span> <span class='ocrx_word' id='word_1_168' title='bbox 1561 1171 1634 1202; x_wconf 86' lang='lat' dir='ltr'>aut</span> <span class='ocrx_word' id='word_1_169' title='bbox 1658 1173 1781 1216; x_wconf 83' lang='lat' dir='ltr'>para-</span> 
     </span>
     <span class='ocr_line' id='line_1_19' title="bbox 343 1217 1781 1278; baseline -0.006 -13"><span class='ocrx_word' id='word_1_170' title='bbox 343 1224 443 1265; x_wconf 89' lang='lat' dir='ltr'>tius.</span> <span class='ocrx_word' id='word_1_171' title='bbox 506 1224 702 1265; x_wconf 82' lang='lat' dir='ltr'>Flamma</span> <span class='ocrx_word' id='word_1_172' title='bbox 737 1223 902 1278; x_wconf 79' lang='lat' dir='ltr'>26quod</span> <span class='ocrx_word' id='word_1_173' title='bbox 945 1223 1053 1263; x_wconf 90' lang='lat' dir='ltr'>bene</span> <span class='ocrx_word' id='word_1_174' title='bbox 1093 1221 1298 1276; x_wconf 87' lang='lat' dir='ltr'>loquitur,</span> <span class='ocrx_word' id='word_1_175' title='bbox 1337 1235 1424 1261; x_wconf 88' lang='lat' dir='ltr'>non</span> <span class='ocrx_word' id='word_1_176' title='bbox 1466 1218 1644 1260; x_wconf 89' lang='lat' dir='ltr'>moleste</span> <span class='ocrx_word' id='word_1_177' title='bbox 1675 1217 1781 1258; x_wconf 88' lang='lat' dir='ltr'>fero.</span> 
     </span>
     <span class='ocr_line' id='line_1_20' title="bbox 342 1274 1783 1337; baseline -0.004 -16"><span class='ocrx_word' id='word_1_178' title='bbox 342 1280 735 1337; x_wconf 82' lang='lat' dir='ltr'>Tyndaritanorum</span> <span class='ocrx_word' id='word_1_179' title='bbox 778 1295 921 1329; x_wconf 81' lang='lat' dir='ltr'>causa,</span> <span class='ocrx_word' id='word_1_180' title='bbox 959 1283 997 1313; x_wconf 71' lang='grc'>97</span> <span class='ocrx_word' id='word_1_181' title='bbox 1014 1279 1066 1320; x_wconf 91' lang='lat' dir='ltr'>de</span> <span class='ocrx_word' id='word_1_182' title='bbox 1105 1293 1190 1333; x_wconf 87' lang='lat' dir='ltr'>qua</span> <span class='ocrx_word' id='word_1_183' title='bbox 1229 1289 1315 1319; x_wconf 83' lang='lat' dir='ltr'>tam</span> <span class='ocrx_word' id='word_1_184' title='bbox 1354 1277 1537 1328; x_wconf 83' lang='lat' dir='ltr'>laboras,</span> <span class='ocrx_word' id='word_1_185' title='bbox 1577 1290 1676 1331; x_wconf 83' lang='lat' dir='ltr'>quae</span> <span class='ocrx_word' id='word_1_186' title='bbox 1712 1274 1783 1325; x_wconf 86' lang='lat' dir='ltr'>sit,</span> 
     </span>
     <span class='ocr_line' id='line_1_21' title="bbox 343 1331 1784 1394; baseline -0.006 -14"><span class='ocrx_word' id='word_1_187' title='bbox 343 1338 513 1394; x_wconf 82' lang='lat' dir='ltr'>ignoro.</span> <span class='ocrx_word' id='word_1_188' title='bbox 538 1339 616 1379; x_wconf 81' lang='lat' dir='ltr'>lios</span> <span class='ocrx_word' id='word_1_189' title='bbox 647 1349 806 1379; x_wconf 83' lang='lat' dir='ltr'>tamen.</span> <span class='ocrx_word' id='word_1_190' title='bbox 835 1341 1040 1378; x_wconf 73' lang='grc' dir='ltr'>πεντὲλοιπον</span> <span class='ocrx_word' id='word_1_191' title='bbox 1071 1350 1243 1376; x_wconf 87' lang='lat' dir='ltr'>movere</span> <span class='ocrx_word' id='word_1_192' title='bbox 1277 1336 1360 1376; x_wconf 84' lang='lat' dir='ltr'>ista</span> <span class='ocrx_word' id='word_1_193' title='bbox 1392 1334 1606 1384; x_wconf 86' lang='lat' dir='ltr'>videntur,</span> <span class='ocrx_word' id='word_1_194' title='bbox 1629 1334 1672 1374; x_wconf 88' lang='lat' dir='ltr'>in</span> <span class='ocrx_word' id='word_1_195' title='bbox 1695 1331 1784 1388; x_wconf 88' lang='lat' dir='ltr'>pri-</span> 
     </span>
     <span class='ocr_line' id='line_1_22' title="bbox 205 1391 1782 1452; baseline -0.007 -11"><span class='ocrx_word' id='word_1_196' title='bbox 205 1421 240 1452; x_wconf 88' lang='lat' dir='ltr'>p.</span> <span class='ocrx_word' id='word_1_197' title='bbox 257 1414 330 1445; x_wconf 74' lang='lat'>239.</span> <span class='ocrx_word' id='word_1_198' title='bbox 345 1397 425 1437; x_wconf 87' lang='lat' dir='ltr'>mis</span> <span class='ocrx_word' id='word_1_199' title='bbox 453 1396 648 1452; x_wconf 83' lang='lat' dir='ltr'>erogatio</span> <span class='ocrx_word' id='word_1_200' title='bbox 683 1395 894 1451; x_wconf 73' lang='lat' dir='ltr'>pecuniae.</span> <span class='ocrx_word' id='word_1_201' title='bbox 957 1393 1025 1435; x_wconf 93' lang='lat' dir='ltr'>De</span> <span class='ocrx_word' id='word_1_202' title='bbox 1050 1392 1262 1434; x_wconf 80' lang='lat' dir='ltr'>Alexione</span> <span class='ocrx_word' id='word_1_203' title='bbox 1284 1392 1434 1444; x_wconf 80' lang='lat' dir='ltr'>doleo3</span> <span class='ocrx_word' id='word_1_204' title='bbox 1466 1391 1554 1442; x_wconf 88' lang='lat' dir='ltr'>sed,</span> <span class='ocrx_word' id='word_1_205' title='bbox 1576 1391 1782 1446; x_wconf 83' lang='lat' dir='ltr'>quoniam</span> 
     </span>
     <span class='ocr_line' id='line_1_23' title="bbox 301 1447 1783 1508; baseline -0.005 -13"><span class='ocrx_word' id='word_1_206' title='bbox 301 1454 556 1495; x_wconf 70' lang='lat' dir='ltr'>a-inciderat</span> <span class='ocrx_word' id='word_1_207' title='bbox 577 1455 620 1494; x_wconf 88' lang='lat' dir='ltr'>in</span> <span class='ocrx_word' id='word_1_208' title='bbox 642 1454 704 1494; x_wconf 79' lang='lat' dir='ltr'>ita</span> <span class='ocrx_word' id='word_1_209' title='bbox 725 1467 898 1508; x_wconf 82' lang='lat' dir='ltr'>gravem</span> <span class='ocrx_word' id='word_1_210' title='bbox 924 1452 1138 1501; x_wconf 86' lang='lat' dir='ltr'>morbum,</span> <span class='ocrx_word' id='word_1_211' title='bbox 1160 1451 1268 1492; x_wconf 88' lang='lat' dir='ltr'>bene</span> <span class='ocrx_word' id='word_1_212' title='bbox 1290 1459 1436 1491; x_wconf 80' lang='lat' dir='ltr'>actum</span> <span class='ocrx_word' id='word_1_213' title='bbox 1454 1464 1553 1491; x_wconf 88' lang='lat' dir='ltr'>cum</span> <span class='ocrx_word' id='word_1_214' title='bbox 1576 1448 1649 1489; x_wconf 88' lang='lat' dir='ltr'>illo</span> <span class='ocrx_word' id='word_1_215' title='bbox 1668 1447 1783 1489; x_wconf 84' lang='lat' dir='ltr'>arbi-</span> 
     </span>
     <span class='ocr_line' id='line_1_24' title="bbox 343 1505 1786 1566; baseline -0.004 -14"><span class='ocrx_word' id='word_1_216' title='bbox 343 1521 446 1552; x_wconf 87' lang='lat' dir='ltr'>tror.</span> <span class='ocrx_word' id='word_1_217' title='bbox 477 1526 585 1566; x_wconf 82' lang='lat' dir='ltr'>quos</span> <span class='ocrx_word' id='word_1_218' title='bbox 618 1520 761 1552; x_wconf 86' lang='lat' dir='ltr'>tamen</span> <span class='ocrx_word' id='word_1_219' title='bbox 794 1509 1004 1551; x_wconf 86' lang='lat' dir='ltr'>secundos</span> <span class='ocrx_word' id='word_1_220' title='bbox 1037 1509 1227 1560; x_wconf 86' lang='lat' dir='ltr'>heredes,</span> <span class='ocrx_word' id='word_1_221' title='bbox 1260 1508 1368 1550; x_wconf 89' lang='lat' dir='ltr'>scire</span> <span class='ocrx_word' id='word_1_222' title='bbox 1398 1507 1566 1558; x_wconf 88' lang='lat' dir='ltr'>vellem,</span> <span class='ocrx_word' id='word_1_223' title='bbox 1596 1516 1640 1546; x_wconf 89' lang='lat' dir='ltr'>et</span> <span class='ocrx_word' id='word_1_224' title='bbox 1669 1505 1786 1547; x_wconf 87' lang='lat' dir='ltr'>diem</span> 
     </span>
     <span class='ocr_line' id='line_1_25' title="bbox 341 1579 602 1610; baseline 0.004 -1"><span class='ocrx_word' id='word_1_225' title='bbox 341 1579 602 1610; x_wconf 82' lang='lat' dir='ltr'>testamenti.</span> 
     </span>
    </p>
   </div>
   <div class='ocr_carea' id='block_1_3' title="bbox 300 1621 1782 1747">
    <p class='ocr_par' dir='ltr' id='par_1_3' title="bbox 300 1621 1782 1747">
     <span class='ocr_line' id='line_1_26' title="bbox 300 1621 1346 1674; baseline -0.004 -7"><span class='ocrx_word' id='word_1_226' title='bbox 300 1638 327 1674; x_wconf 75' lang='lat'><strong>3</strong></span> <span class='ocrx_word' id='word_1_227' title='bbox 773 1622 1008 1665; x_wconf 74' lang='lat' dir='ltr'>eiCERO</span> <span class='ocrx_word' id='word_1_228' title='bbox 1039 1621 1269 1664; x_wconf 84' lang='lat' dir='ltr'><strong>ATTICO</strong></span> <span class='ocrx_word' id='word_1_229' title='bbox 1302 1622 1346 1663; x_wconf 75' lang='lat' dir='ltr'>s,</span> 
     </span>
     <span class='ocr_line' id='line_1_27' title="bbox 344 1681 1782 1747; baseline -0.005 -12"><span class='ocrx_word' id='word_1_230' title='bbox 344 1681 709 1735; x_wconf 85' lang='lat' dir='ltr'>UNDECIMO</span> <span class='ocrx_word' id='word_1_231' title='bbox 754 1691 937 1733; x_wconf 71' lang='lat' dir='ltr'>Kaiemi.</span> <span class='ocrx_word' id='word_1_232' title='bbox 977 1690 1121 1747; x_wconf 71' lang='lat' dir='ltr'>accepi</span> <span class='ocrx_word' id='word_1_233' title='bbox 1162 1691 1204 1732; x_wconf 73' lang='lat' dir='ltr'>in</span> <span class='ocrx_word' id='word_1_234' title='bbox 1237 1689 1404 1731; x_wconf 66' lang='lat' dir='ltr'>Atinati</span> <span class='ocrx_word' id='word_1_235' title='bbox 1437 1688 1541 1729; x_wconf 74' lang='lat' dir='ltr'>duas</span> <span class='ocrx_word' id='word_1_236' title='bbox 1579 1686 1782 1743; x_wconf 83' lang='lat' dir='ltr'>epistolas</span> 
     </span>
    </p>
   </div>
   <div class='ocr_carea' id='block_1_4' title="bbox 338 1744 1785 1978">
    <p class='ocr_par' dir='ltr' id='par_1_4' title="bbox 338 1744 1785 1978">
     <span class='ocr_line' id='line_1_28' title="bbox 338 1744 1785 1807; baseline -0.004 -16"><span class='ocrx_word' id='word_1_237' title='bbox 338 1760 463 1803; x_wconf 74' lang='lat' dir='ltr'>tuas3</span> <span class='ocrx_word' id='word_1_238' title='bbox 495 1751 651 1807; x_wconf 87' lang='lat' dir='ltr'>quibus</span> <span class='ocrx_word' id='word_1_239' title='bbox 673 1749 840 1791; x_wconf 80' lang='lat' dir='ltr'>duabus</span> <span class='ocrx_word' id='word_1_240' title='bbox 864 1748 970 1790; x_wconf 85' lang='lat' dir='ltr'>ineis</span> <span class='ocrx_word' id='word_1_241' title='bbox 994 1748 1268 1804; x_wconf 87' lang='lat' dir='ltr'>respondisti.</span> <span class='ocrx_word' id='word_1_242' title='bbox 1293 1762 1379 1788; x_wconf 84' lang='lat' dir='ltr'>una</span> <span class='ocrx_word' id='word_1_243' title='bbox 1399 1753 1491 1787; x_wconf 85' lang='lat' dir='ltr'>erat</span> <span class='ocrx_word' id='word_1_244' title='bbox 1513 1759 1575 1786; x_wconf 85' lang='lat' dir='ltr'>xv</span> <span class='ocrx_word' id='word_1_245' title='bbox 1603 1744 1702 1786; x_wconf 83' lang='lat' dir='ltr'>Kal.</span> <span class='ocrx_word' id='word_1_246' title='bbox 1725 1744 1785 1786; x_wconf 86' lang='lat' dir='ltr'>al-</span> 
     </span>
     <span class='ocr_line' id='line_1_29' title="bbox 339 1801 1784 1863; baseline -0.003 -15"><span class='ocrx_word' id='word_1_247' title='bbox 339 1816 430 1849; x_wconf 82' lang='lat' dir='ltr'>tera</span> <span class='ocrx_word' id='word_1_248' title='bbox 453 1823 529 1850; x_wconf 84' lang='lat' dir='ltr'>x11</span> <span class='ocrx_word' id='word_1_249' title='bbox 555 1808 669 1849; x_wconf 84' lang='lat' dir='ltr'>data.</span> <span class='ocrx_word' id='word_1_250' title='bbox 692 1807 743 1847; x_wconf 81' lang='lat' dir='ltr'>ad</span> <span class='ocrx_word' id='word_1_251' title='bbox 770 1807 1033 1863; x_wconf 79' lang='lat' dir='ltr'>superiorem</span> <span class='ocrx_word' id='word_1_252' title='bbox 1058 1806 1191 1862; x_wconf 81' lang='lat' dir='ltr'>igitur</span> <span class='ocrx_word' id='word_1_253' title='bbox 1214 1806 1346 1862; x_wconf 90' lang='lat' dir='ltr'>prius.</span> <span class='ocrx_word' id='word_1_254' title='bbox 1378 1803 1590 1845; x_wconf 83' lang='lat' dir='ltr'>Accurres</span> <span class='ocrx_word' id='word_1_255' title='bbox 1611 1803 1656 1844; x_wconf 89' lang='lat' dir='ltr'>in</span> <span class='ocrx_word' id='word_1_256' title='bbox 1675 1801 1784 1843; x_wconf 87' lang='lat' dir='ltr'>Tus-</span> 
     </span>
     <span class='ocr_line' id='line_1_30' title="bbox 338 1860 1784 1919; baseline -0.004 -12"><span class='ocrx_word' id='word_1_257' title='bbox 338 1865 556 1916; x_wconf 80' lang='lat' dir='ltr'>culanum,</span> <span class='ocrx_word' id='word_1_258' title='bbox 581 1875 628 1905; x_wconf 85' lang='lat' dir='ltr'>ut</span> <span class='ocrx_word' id='word_1_259' title='bbox 661 1864 828 1915; x_wconf 85' lang='lat' dir='ltr'>scribis,</span> <span class='ocrx_word' id='word_1_260' title='bbox 852 1879 939 1919; x_wconf 83' lang='lat' dir='ltr'>quo</span> <span class='ocrx_word' id='word_1_261' title='bbox 972 1878 1040 1904; x_wconf 85' lang='lat' dir='ltr'>me</span> <span class='ocrx_word' id='word_1_262' title='bbox 1070 1878 1119 1904; x_wconf 82' lang='lat' dir='ltr'>vl</span> <span class='ocrx_word' id='word_1_263' title='bbox 1148 1862 1245 1904; x_wconf 82' lang='lat' dir='ltr'>Kal.</span> <span class='ocrx_word' id='word_1_264' title='bbox 1275 1871 1504 1904; x_wconf 87' lang='lat' dir='ltr'>venturum</span> <span class='ocrx_word' id='word_1_265' title='bbox 1527 1860 1784 1902; x_wconf 84' lang='lat' dir='ltr'>arbitrabar.</span> 
     </span>
     <span class='ocr_line' id='line_1_31' title="bbox 339 1917 1784 1978; baseline -0.004 -14"><span class='ocrx_word' id='word_1_266' title='bbox 339 1923 471 1969; x_wconf 84' lang='lat' dir='ltr'>Quod</span> <span class='ocrx_word' id='word_1_267' title='bbox 491 1923 642 1964; x_wconf 81' lang='lat' dir='ltr'>scribis</span> <span class='ocrx_word' id='word_1_268' title='bbox 668 1923 903 1978; x_wconf 85' lang='lat' dir='ltr'>parendum</span> <span class='ocrx_word' id='word_1_269' title='bbox 925 1921 1190 1972; x_wconf 86' lang='lat' dir='ltr'>victoribus;</span> <span class='ocrx_word' id='word_1_270' title='bbox 1214 1936 1300 1962; x_wconf 87' lang='lat' dir='ltr'>non</span> <span class='ocrx_word' id='word_1_271' title='bbox 1320 1919 1426 1960; x_wconf 91' lang='lat' dir='ltr'>mihi</span> <span class='ocrx_word' id='word_1_272' title='bbox 1446 1918 1637 1974; x_wconf 87' lang='lat' dir='ltr'>quidem,</span> <span class='ocrx_word' id='word_1_273' title='bbox 1660 1920 1700 1950; x_wconf 74' lang='lat'>28</span> <span class='ocrx_word' id='word_1_274' title='bbox 1714 1917 1784 1959; x_wconf 90' lang='lat' dir='ltr'>cui</span> 
     </span>
    </p>
   </div>
   <div class='ocr_carea' id='block_1_5' title="bbox 1082 2063 1785 2141">
    <p class='ocr_par' dir='ltr' id='par_1_5' title="bbox 1082 2063 1785 2141">
     <span class='ocr_line' id='line_1_32' title="bbox 1125 2063 1785 2105; baseline -0.005 -7"><span class='ocrx_word' id='word_1_275' title='bbox 1125 2070 1166 2098; x_wconf 75' lang='lat'>24</span> <span class='ocrx_word' id='word_1_276' title='bbox 1191 2067 1335 2098; x_wconf 74' lang='lat' dir='ltr'>Saserna</span> <span class='ocrx_word' id='word_1_277' title='bbox 1350 2069 1474 2105; x_wconf 76' lang='lat' dir='ltr'>collega</span> <span class='ocrx_word' id='word_1_278' title='bbox 1493 2064 1627 2104; x_wconf 56' lang='lat' dir='ltr'>dignus]</span> <span class='ocrx_word' id='word_1_279' title='bbox 1653 2063 1693 2096; x_wconf 92' lang='lat' dir='ltr'>ln</span> <span class='ocrx_word' id='word_1_280' title='bbox 1710 2074 1785 2105; x_wconf 89' lang='lat' dir='ltr'>pro-</span> 
     </span>
     <span class='ocr_line' id='line_1_33' title="bbox 1082 2111 1436 2141; baseline 0 -1"><span class='ocrx_word' id='word_1_281' title='bbox 1082 2111 1253 2140; x_wconf 82' lang='lat' dir='ltr'>curatione</span> <span class='ocrx_word' id='word_1_282' title='bbox 1268 2111 1436 2141; x_wconf 84' lang='lat' dir='ltr'>ludorum.</span> 
     </span>
    </p>
   </div>
   <div class='ocr_carea' id='block_1_6' title="bbox 336 2068 1038 2152">
    <p class='ocr_par' dir='ltr' id='par_1_6' title="bbox 336 2068 1038 2152">
     <span class='ocr_line' id='line_1_34' title="bbox 382 2068 1036 2110; baseline -0.002 -11"><span class='ocrx_word' id='word_1_283' title='bbox 382 2073 418 2101; x_wconf 79' lang='grc'>18</span> <span class='ocrx_word' id='word_1_284' title='bbox 442 2070 496 2101; x_wconf 81' lang='lat' dir='ltr'>De</span> <span class='ocrx_word' id='word_1_285' title='bbox 515 2071 716 2105; x_wconf 71' lang='lat' dir='ltr'>Menedemo,</span> <span class='ocrx_word' id='word_1_286' title='bbox 736 2069 848 2110; x_wconf 64' lang='lat' dir='ltr'>prokp]</span> <span class='ocrx_word' id='word_1_287' title='bbox 876 2069 957 2100; x_wconf 66' lang='lat' dir='ltr'>Ha’c</span> <span class='ocrx_word' id='word_1_288' title='bbox 971 2068 1036 2098; x_wconf 83' lang='lat' dir='ltr'>for-</span> 
     </span>
     <span class='ocr_line' id='line_1_35' title="bbox 336 2109 1038 2152; baseline 0 -11"><span class='ocrx_word' id='word_1_289' title='bbox 336 2114 428 2143; x_wconf 86' lang='lat' dir='ltr'>mula</span> <span class='ocrx_word' id='word_1_290' title='bbox 448 2114 481 2142; x_wconf 88' lang='lat' dir='ltr'>in</span> <span class='ocrx_word' id='word_1_291' title='bbox 505 2114 554 2143; x_wconf 70' lang='lat' dir='ltr'>his</span> <span class='ocrx_word' id='word_1_292' title='bbox 571 2109 717 2152; x_wconf 74' lang='lat' dir='ltr'>epistolis</span> <span class='ocrx_word' id='word_1_293' title='bbox 732 2119 801 2142; x_wconf 82' lang='lat' dir='ltr'>est:</span> <span class='ocrx_word' id='word_1_294' title='bbox 827 2118 958 2151; x_wconf 76' lang='lat' dir='ltr'>gratum</span> <span class='ocrx_word' id='word_1_295' title='bbox 975 2118 1038 2147; x_wconf 82' lang='lat' dir='ltr'>est,</span> 
     </span>
    </p>
   </div>
   <div class='ocr_carea' id='block_1_7' title="bbox 330 2154 1041 2913">
    <p class='ocr_par' dir='ltr' id='par_1_7' title="bbox 335 2154 1040 2322">
     <span class='ocr_line' id='line_1_36' title="bbox 335 2154 1040 2193; baseline -0.001 -9"><span class='ocrx_word' id='word_1_296' title='bbox 335 2156 421 2193; x_wconf 86' lang='lat' dir='ltr'>quod</span> <span class='ocrx_word' id='word_1_297' title='bbox 445 2155 641 2186; x_wconf 76' lang='lat' dir='ltr'>Menedemo</span> <span class='ocrx_word' id='word_1_298' title='bbox 663 2155 775 2184; x_wconf 80' lang='lat' dir='ltr'>scribis</span> <span class='ocrx_word' id='word_1_299' title='bbox 799 2154 964 2189; x_wconf 74' lang='lat' dir='ltr'>accidisse,</span> <span class='ocrx_word' id='word_1_300' title='bbox 981 2160 1040 2183; x_wconf 82' lang='lat' dir='ltr'>aut</span> 
     </span>
     <span class='ocr_line' id='line_1_37' title="bbox 335 2195 1039 2228; baseline 0 -2"><span class='ocrx_word' id='word_1_301' title='bbox 335 2207 411 2227; x_wconf 79' lang='lat' dir='ltr'>eum</span> <span class='ocrx_word' id='word_1_302' title='bbox 428 2197 559 2228; x_wconf 79' lang='lat' dir='ltr'>fecisse:</span> <span class='ocrx_word' id='word_1_303' title='bbox 585 2197 741 2227; x_wconf 71' lang='lat' dir='ltr'>convenit</span> <span class='ocrx_word' id='word_1_304' title='bbox 764 2197 825 2226; x_wconf 86' lang='lat' dir='ltr'>hoc</span> <span class='ocrx_word' id='word_1_305' title='bbox 843 2195 916 2226; x_wconf 82' lang='lat' dir='ltr'>loco</span> <span class='ocrx_word' id='word_1_306' title='bbox 931 2196 969 2226; x_wconf 84' lang='lat' dir='ltr'>de</span> <span class='ocrx_word' id='word_1_307' title='bbox 985 2206 1039 2226; x_wconf 64' lang='lat' dir='ltr'>ea-</span> 
     </span>
     <span class='ocr_line' id='line_1_38' title="bbox 335 2238 1036 2281; baseline -0.001 -12"><span class='ocrx_word' id='word_1_308' title='bbox 335 2238 409 2269; x_wconf 88' lang='lat' dir='ltr'>dem</span> <span class='ocrx_word' id='word_1_309' title='bbox 439 2250 471 2270; x_wconf 90' lang='lat' dir='ltr'>re</span> <span class='ocrx_word' id='word_1_310' title='bbox 497 2250 548 2281; x_wconf 87' lang='lat' dir='ltr'>ep.</span> <span class='ocrx_word' id='word_1_311' title='bbox 576 2242 607 2270; x_wconf 85' lang='lat'>4.</span> <span class='ocrx_word' id='word_1_312' title='bbox 636 2241 752 2269; x_wconf 78' lang='lat' dir='ltr'>vellem</span> <span class='ocrx_word' id='word_1_313' title='bbox 773 2249 889 2270; x_wconf 76' lang='lat' dir='ltr'>verum</span> <span class='ocrx_word' id='word_1_314' title='bbox 899 2238 1036 2277; x_wconf 62' lang='lat' dir='ltr'>ficisset.</span> 
     </span>
     <span class='ocr_line' id='line_1_39' title="bbox 335 2282 838 2322; baseline -0.002 -10"><span class='ocrx_word' id='word_1_315' title='bbox 335 2282 412 2321; x_wconf 82' lang='lat' dir='ltr'>quid</span> <span class='ocrx_word' id='word_1_316' title='bbox 427 2283 482 2319; x_wconf 86' lang='lat' dir='ltr'>sit,</span> <span class='ocrx_word' id='word_1_317' title='bbox 500 2283 701 2322; x_wconf 85' lang='lat' dir='ltr'>ignoramus.</span> <span class='ocrx_word' id='word_1_318' title='bbox 832 2314 838 2318; x_wconf 62' lang='grc'>,</span> 
     </span>
    </p>

    <p class='ocr_par' dir='ltr' id='par_1_8' title="bbox 334 2323 1038 2407">
     <span class='ocr_line' id='line_1_40' title="bbox 381 2323 1038 2365; baseline -0.002 -11"><span class='ocrx_word' id='word_1_319' title='bbox 381 2327 418 2358; x_wconf 90' lang='grc'>19</span> <span class='ocrx_word' id='word_1_320' title='bbox 440 2335 509 2365; x_wconf 73' lang='lat' dir='ltr'>quo?</span> <span class='ocrx_word' id='word_1_321' title='bbox 532 2330 568 2356; x_wconf 77' lang='lat' dir='ltr'>tu</span> <span class='ocrx_word' id='word_1_322' title='bbox 591 2334 612 2353; x_wconf 81' lang='grc' dir='ltr'>(ι</span> <span class='ocrx_word' id='word_1_323' title='bbox 636 2334 687 2354; x_wconf 80' lang='lat' dir='ltr'>me</span> <span class='ocrx_word' id='word_1_324' title='bbox 703 2323 897 2363; x_wconf 57' lang='lat' dir='ltr'>postulans]</span> <span class='ocrx_word' id='word_1_325' title='bbox 925 2323 1038 2353; x_wconf 87' lang='lat' dir='ltr'>Histo-</span> 
     </span>
     <span class='ocr_line' id='line_1_41' title="bbox 334 2366 829 2407; baseline 0 -12"><span class='ocrx_word' id='word_1_326' title='bbox 334 2366 398 2396; x_wconf 83' lang='lat' dir='ltr'>rias</span> <span class='ocrx_word' id='word_1_327' title='bbox 415 2367 464 2397; x_wconf 87' lang='lat' dir='ltr'>sui</span> <span class='ocrx_word' id='word_1_328' title='bbox 480 2367 652 2407; x_wconf 78' lang='lat' dir='ltr'>temporiS,</span> <span class='ocrx_word' id='word_1_329' title='bbox 669 2366 761 2403; x_wconf 78' lang='lat' dir='ltr'>XIV,</span> <span class='ocrx_word' id='word_1_330' title='bbox 781 2368 829 2395; x_wconf 77' lang='lat'>14.</span> 
     </span>
    </p>

    <p class='ocr_par' dir='ltr' id='par_1_9' title="bbox 334 2407 1041 2492">
     <span class='ocr_line' id='line_1_42' title="bbox 376 2407 1041 2447; baseline -0.002 -8"><span class='ocrx_word' id='word_1_331' title='bbox 376 2411 417 2439; x_wconf 74' lang='lat'>20</span> <span class='ocrx_word' id='word_1_332' title='bbox 438 2411 617 2439; x_wconf 71' lang='lat' dir='ltr'>orationem</span> <span class='ocrx_word' id='word_1_333' title='bbox 635 2419 721 2444; x_wconf 79' lang='lat' dir='ltr'>eam,</span> <span class='ocrx_word' id='word_1_334' title='bbox 737 2410 775 2439; x_wconf 80' lang='lat' dir='ltr'>de</span> <span class='ocrx_word' id='word_1_335' title='bbox 797 2417 864 2447; x_wconf 79' lang='lat' dir='ltr'>qua</span> <span class='ocrx_word' id='word_1_336' title='bbox 885 2407 976 2438; x_wconf 72' lang='lat' dir='ltr'>hodie</span> <span class='ocrx_word' id='word_1_337' title='bbox 996 2408 1041 2438; x_wconf 80' lang='lat' dir='ltr'>ad</span> 
     </span>
     <span class='ocr_line' id='line_1_43' title="bbox 334 2450 807 2492; baseline 0 -12"><span class='ocrx_word' id='word_1_338' title='bbox 334 2454 365 2480; x_wconf 77' lang='lat' dir='ltr'>te</span> <span class='ocrx_word' id='word_1_339' title='bbox 378 2451 419 2490; x_wconf 82' lang='lat' dir='ltr'>s.]</span> <span class='ocrx_word' id='word_1_340' title='bbox 447 2452 555 2488; x_wconf 81' lang='lat' dir='ltr'>Bruti,</span> <span class='ocrx_word' id='word_1_341' title='bbox 571 2463 619 2492; x_wconf 83' lang='lat' dir='ltr'>ep.</span> <span class='ocrx_word' id='word_1_342' title='bbox 636 2450 807 2491; x_wconf 75' lang='lat' dir='ltr'>superiori.</span> 
     </span>
    </p>

    <p class='ocr_par' dir='ltr' id='par_1_10' title="bbox 332 2492 1039 2615">
     <span class='ocr_line' id='line_1_44' title="bbox 377 2492 1039 2534; baseline -0.003 -11"><span class='ocrx_word' id='word_1_343' title='bbox 377 2496 412 2523; x_wconf 84' lang='lat'>21</span> <span class='ocrx_word' id='word_1_344' title='bbox 440 2494 524 2534; x_wconf 58' lang='lat' dir='ltr'>‚Quoe</span> <span class='ocrx_word' id='word_1_345' title='bbox 546 2495 584 2524; x_wconf 78' lang='lat' dir='ltr'>de</span> <span class='ocrx_word' id='word_1_346' title='bbox 607 2493 798 2532; x_wconf 68' lang='lat' dir='ltr'>legionibus]</span> <span class='ocrx_word' id='word_1_347' title='bbox 826 2493 873 2522; x_wconf 75' lang='lat' dir='ltr'>Ab</span> <span class='ocrx_word' id='word_1_348' title='bbox 893 2492 1039 2522; x_wconf 83' lang='lat' dir='ltr'>Antonio</span> 
     </span>
     <span class='ocr_line' id='line_1_45' title="bbox 333 2535 1039 2567; baseline -0.001 -2"><span class='ocrx_word' id='word_1_349' title='bbox 333 2544 350 2565; x_wconf 87' lang='lat' dir='ltr'>e</span> <span class='ocrx_word' id='word_1_350' title='bbox 368 2535 563 2566; x_wconf 63' lang='lat' dir='ltr'>Macedonia</span> <span class='ocrx_word' id='word_1_351' title='bbox 586 2537 618 2567; x_wconf 85' lang='lat' dir='ltr'>in</span> <span class='ocrx_word' id='word_1_352' title='bbox 645 2536 777 2566; x_wconf 60' lang='lat' dir='ltr'>Italiam</span> <span class='ocrx_word' id='word_1_353' title='bbox 801 2535 935 2565; x_wconf 75' lang='lat' dir='ltr'>vocatis.</span> <span class='ocrx_word' id='word_1_354' title='bbox 954 2545 984 2565; x_wconf 88' lang='grc' dir='ltr'>ν.</span> <span class='ocrx_word' id='word_1_355' title='bbox 999 2536 1039 2564; x_wconf 76' lang='lat' dir='ltr'>ad</span> 
     </span>
     <span class='ocr_line' id='line_1_46' title="bbox 332 2577 579 2615; baseline 0 -8"><span class='ocrx_word' id='word_1_356' title='bbox 332 2577 412 2609; x_wconf 71' lang='lat' dir='ltr'>Div.</span> <span class='ocrx_word' id='word_1_357' title='bbox 432 2578 512 2615; x_wconf 81' lang='lat' dir='ltr'>xii,</span> <span class='ocrx_word' id='word_1_358' title='bbox 529 2580 579 2608; x_wconf 66' lang='lat'>23.</span> 
     </span>
    </p>

    <p class='ocr_par' dir='ltr' id='par_1_11' title="bbox 330 2618 1038 2828">
     <span class='ocr_line' id='line_1_47' title="bbox 374 2618 1038 2659; baseline -0.006 -8"><span class='ocrx_word' id='word_1_359' title='bbox 374 2622 415 2651; x_wconf 72' lang='lat'>22</span> <span class='ocrx_word' id='word_1_360' title='bbox 437 2620 549 2659; x_wconf 69' lang='lat' dir='ltr'>confici</span> <span class='ocrx_word' id='word_1_361' title='bbox 576 2629 683 2658; x_wconf 49' lang='lat' dir='ltr'>possm</span> <span class='ocrx_word' id='word_1_362' title='bbox 720 2620 805 2659; x_wconf 76' lang='lat' dir='ltr'>qvod</span> <span class='ocrx_word' id='word_1_363' title='bbox 831 2618 926 2659; x_wconf 77' lang='lat' dir='ltr'>puto]</span> <span class='ocrx_word' id='word_1_364' title='bbox 957 2618 1038 2648; x_wconf 66' lang='lat' dir='ltr'>Harc</span> 
     </span>
     <span class='ocr_line' id='line_1_48' title="bbox 333 2661 1036 2702; baseline -0.001 -11"><span class='ocrx_word' id='word_1_365' title='bbox 333 2668 412 2692; x_wconf 85' lang='lat' dir='ltr'>sunt</span> <span class='ocrx_word' id='word_1_366' title='bbox 428 2662 670 2701; x_wconf 72' lang='lat' dir='ltr'>conjungenda,</span> <span class='ocrx_word' id='word_1_367' title='bbox 688 2669 724 2692; x_wconf 90' lang='lat' dir='ltr'>ut</span> <span class='ocrx_word' id='word_1_368' title='bbox 740 2663 811 2693; x_wconf 70' lang='lat' dir='ltr'>[cci.</span> <span class='ocrx_word' id='word_1_369' title='bbox 829 2668 922 2702; x_wconf 80' lang='lat' dir='ltr'>patet</span> <span class='ocrx_word' id='word_1_370' title='bbox 935 2661 1036 2691; x_wconf 82' lang='lat' dir='ltr'>etiam</span> 
     </span>
     <span class='ocr_line' id='line_1_49' title="bbox 332 2705 1033 2744; baseline -0.004 -9"><span class='ocrx_word' id='word_1_371' title='bbox 332 2714 349 2734; x_wconf 86' lang='lat' dir='ltr'>e</span> <span class='ocrx_word' id='word_1_372' title='bbox 374 2714 460 2744; x_wconf 82' lang='lat' dir='ltr'>seqq.</span> <span class='ocrx_word' id='word_1_373' title='bbox 476 2706 561 2744; x_wconf 79' lang='lat' dir='ltr'>quod</span> <span class='ocrx_word' id='word_1_374' title='bbox 576 2711 670 2744; x_wconf 78' lang='lat' dir='ltr'>puto,</span> <span class='ocrx_word' id='word_1_375' title='bbox 691 2715 735 2734; x_wconf 82' lang='lat' dir='ltr'>sc.</span> <span class='ocrx_word' id='word_1_376' title='bbox 761 2705 922 2739; x_wconf 75' lang='lat' dir='ltr'>futurum,</span> <span class='ocrx_word' id='word_1_377' title='bbox 940 2708 977 2733; x_wconf 83' lang='lat' dir='ltr'>ut</span> <span class='ocrx_word' id='word_1_378' title='bbox 999 2708 1033 2732; x_wconf 73' lang='lat' dir='ltr'>et</span> 
     </span>
     <span class='ocr_line' id='line_1_50' title="bbox 330 2746 1033 2777; baseline -0.003 -1"><span class='ocrx_word' id='word_1_379' title='bbox 330 2746 457 2777; x_wconf 76' lang='lat' dir='ltr'>factum</span> <span class='ocrx_word' id='word_1_380' title='bbox 473 2753 534 2777; x_wconf 83' lang='lat' dir='ltr'>est.</span> <span class='ocrx_word' id='word_1_381' title='bbox 551 2751 682 2777; x_wconf 76' lang='lat' dir='ltr'>tantum.</span> <span class='ocrx_word' id='word_1_382' title='bbox 701 2747 788 2776; x_wconf 74' lang='lat' dir='ltr'>enim</span> <span class='ocrx_word' id='word_1_383' title='bbox 803 2756 834 2777; x_wconf 83' lang='lat' dir='ltr'>v.</span> <span class='ocrx_word' id='word_1_384' title='bbox 850 2746 1033 2777; x_wconf 86' lang='lat' dir='ltr'>Gronovius</span> 
     </span>
     <span class='ocr_line' id='line_1_51' title="bbox 331 2789 837 2828; baseline 0.002 -10"><span class='ocrx_word' id='word_1_385' title='bbox 331 2789 534 2827; x_wconf 78' lang='lat' dir='ltr'>corrigebat:</span> <span class='ocrx_word' id='word_1_386' title='bbox 559 2793 720 2828; x_wconf 75' lang='lat' dir='ltr'>quantum</span> <span class='ocrx_word' id='word_1_387' title='bbox 737 2789 837 2819; x_wconf 76' lang='lat' dir='ltr'>video.</span> 
     </span>
    </p>

    <p class='ocr_par' dir='ltr' id='par_1_12' title="bbox 330 2829 1034 2913">
     <span class='ocr_line' id='line_1_52' title="bbox 374 2829 1034 2871; baseline -0.002 -10"><span class='ocrx_word' id='word_1_388' title='bbox 374 2834 413 2861; x_wconf 84' lang='lat'>23</span> <span class='ocrx_word' id='word_1_389' title='bbox 431 2831 679 2871; x_wconf 79' lang='lat' dir='ltr'>procuratores]</span> <span class='ocrx_word' id='word_1_390' title='bbox 695 2830 864 2861; x_wconf 83' lang='lat' dir='ltr'>Ludoruin</span> <span class='ocrx_word' id='word_1_391' title='bbox 879 2840 923 2861; x_wconf 85' lang='lat' dir='ltr'>sc.</span> <span class='ocrx_word' id='word_1_392' title='bbox 934 2829 1034 2861; x_wconf 84' lang='lat' dir='ltr'>Octa-</span> 
     </span>
     <span class='ocr_line' id='line_1_53' title="bbox 330 2873 912 2913; baseline 0.003 -11"><span class='ocrx_word' id='word_1_393' title='bbox 330 2873 384 2913; x_wconf 72' lang='lat' dir='ltr'>vii,</span> <span class='ocrx_word' id='word_1_394' title='bbox 400 2883 480 2913; x_wconf 84' lang='lat' dir='ltr'>quos</span> <span class='ocrx_word' id='word_1_395' title='bbox 498 2873 653 2905; x_wconf 81' lang='lat' dir='ltr'>Victoriae</span> <span class='ocrx_word' id='word_1_396' title='bbox 671 2874 808 2911; x_wconf 71' lang='lat' dir='ltr'>Caesaris</span> <span class='ocrx_word' id='word_1_397' title='bbox 823 2873 912 2904; x_wconf 83' lang='lat' dir='ltr'>fecit.</span> 
     </span>
    </p>
   </div>
   <div class='ocr_carea' id='block_1_8' title="bbox 1076 2150 1786 2862">
    <p class='ocr_par' dir='ltr' id='par_1_13' title="bbox 1084 2150 1786 2229">
     <span class='ocr_line' id='line_1_54' title="bbox 1125 2150 1786 2194; baseline -0.005 -10"><span class='ocrx_word' id='word_1_398' title='bbox 1125 2155 1165 2184; x_wconf 70' lang='lat'>95</span> <span class='ocrx_word' id='word_1_399' title='bbox 1188 2158 1219 2183; x_wconf 82' lang='lat' dir='ltr'>te</span> <span class='ocrx_word' id='word_1_400' title='bbox 1234 2152 1422 2194; x_wconf 68' lang='lat' dir='ltr'>corgfirnmt]</span> <span class='ocrx_word' id='word_1_401' title='bbox 1447 2150 1608 2183; x_wconf 80' lang='lat' dir='ltr'>Adversus</span> <span class='ocrx_word' id='word_1_402' title='bbox 1630 2150 1786 2181; x_wconf 83' lang='lat' dir='ltr'>timorem</span> 
     </span>
     <span class='ocr_line' id='line_1_55' title="bbox 1084 2195 1679 2229; baseline -0.002 -4"><span class='ocrx_word' id='word_1_403' title='bbox 1084 2195 1210 2225; x_wconf 78' lang='lat' dir='ltr'>mortis.</span> <span class='ocrx_word' id='word_1_404' title='bbox 1655 2228 1658 2229; x_wconf 18' lang='lat'><em>⁷</em></span> <span class='ocrx_word' id='word_1_405' title='bbox 1676 2206 1679 2209; x_wconf 65' lang='grc'>’</span> 
     </span>
    </p>

    <p class='ocr_par' dir='ltr' id='par_1_14' title="bbox 1082 2233 1786 2362">
     <span class='ocr_line' id='line_1_56' title="bbox 1125 2233 1784 2277; baseline -0.006 -9"><span class='ocrx_word' id='word_1_406' title='bbox 1125 2238 1165 2268; x_wconf 74' lang='lat'>‘26</span> <span class='ocrx_word' id='word_1_407' title='bbox 1188 2248 1217 2277; x_wconf 84' lang='lat' dir='ltr'>q.</span> <span class='ocrx_word' id='word_1_408' title='bbox 1234 2239 1310 2268; x_wconf 78' lang='lat' dir='ltr'>bene</span> <span class='ocrx_word' id='word_1_409' title='bbox 1325 2236 1482 2276; x_wconf 79' lang='lat' dir='ltr'>loquitur]</span> <span class='ocrx_word' id='word_1_410' title='bbox 1509 2236 1531 2266; x_wconf 90' lang='lat' dir='ltr'>i.</span> <span class='ocrx_word' id='word_1_411' title='bbox 1550 2246 1579 2266; x_wconf 88' lang='lat' dir='ltr'>e.</span> <span class='ocrx_word' id='word_1_412' title='bbox 1602 2233 1784 2277; x_wconf 82' lang='lat' dir='ltr'>promittit,</span> 
     </span>
     <span class='ocr_line' id='line_1_57' title="bbox 1082 2279 1786 2319; baseline -0.003 -11"><span class='ocrx_word' id='word_1_413' title='bbox 1082 2288 1115 2309; x_wconf 87' lang='lat' dir='ltr'>se</span> <span class='ocrx_word' id='word_1_414' title='bbox 1142 2281 1313 2319; x_wconf 81' lang='lat' dir='ltr'>pecuniam</span> <span class='ocrx_word' id='word_1_415' title='bbox 1338 2279 1538 2315; x_wconf 79' lang='lat' dir='ltr'>soluturum,</span> <span class='ocrx_word' id='word_1_416' title='bbox 1556 2289 1614 2319; x_wconf 90' lang='lat' dir='ltr'>pro</span> <span class='ocrx_word' id='word_1_417' title='bbox 1630 2287 1693 2319; x_wconf 76' lang='lat' dir='ltr'>qua</span> <span class='ocrx_word' id='word_1_418' title='bbox 1712 2285 1786 2317; x_wconf 88' lang='lat' dir='ltr'>spo-</span> 
     </span>
     <span class='ocr_line' id='line_1_58' title="bbox 1083 2321 1722 2362; baseline -0.002 -11"><span class='ocrx_word' id='word_1_419' title='bbox 1083 2322 1243 2362; x_wconf 74' lang='lat' dir='ltr'>ponderat</span> <span class='ocrx_word' id='word_1_420' title='bbox 1259 2323 1457 2352; x_wconf 81' lang='lat' dir='ltr'>Montanus:</span> <span class='ocrx_word' id='word_1_421' title='bbox 1481 2321 1520 2351; x_wconf 87' lang='lat' dir='ltr'>(le</span> <span class='ocrx_word' id='word_1_422' title='bbox 1534 2331 1599 2360; x_wconf 88' lang='lat' dir='ltr'>quo</span> <span class='ocrx_word' id='word_1_423' title='bbox 1613 2329 1722 2361; x_wconf 85' lang='lat' dir='ltr'>supra.</span> 
     </span>
    </p>

    <p class='ocr_par' dir='ltr' id='par_1_15' title="bbox 1082 2362 1786 2615">
     <span class='ocr_line' id='line_1_59' title="bbox 1126 2362 1785 2405; baseline 0 -10"><span class='ocrx_word' id='word_1_424' title='bbox 1126 2366 1164 2398; x_wconf 70' lang='lat'>27</span> <span class='ocrx_word' id='word_1_425' title='bbox 1189 2365 1227 2394; x_wconf 88' lang='lat' dir='ltr'>de</span> <span class='ocrx_word' id='word_1_426' title='bbox 1253 2374 1318 2405; x_wconf 78' lang='lat' dir='ltr'>qua</span> <span class='ocrx_word' id='word_1_427' title='bbox 1344 2369 1415 2394; x_wconf 73' lang='lat' dir='ltr'>tam</span> <span class='ocrx_word' id='word_1_428' title='bbox 1445 2363 1588 2403; x_wconf 74' lang='lat' dir='ltr'>laboras]</span> <span class='ocrx_word' id='word_1_429' title='bbox 1619 2362 1680 2395; x_wconf 70' lang='lat' dir='ltr'>eie</span> <span class='ocrx_word' id='word_1_430' title='bbox 1707 2372 1785 2395; x_wconf 84' lang='lat' dir='ltr'>cum</span> 
     </span>
     <span class='ocr_line' id='line_1_60' title="bbox 1083 2406 1785 2446; baseline -0.003 -9"><span class='ocrx_word' id='word_1_431' title='bbox 1083 2407 1212 2437; x_wconf 83' lang='lat' dir='ltr'>Graevio</span> <span class='ocrx_word' id='word_1_432' title='bbox 1236 2418 1253 2437; x_wconf 88' lang='lat' dir='ltr'>e</span> <span class='ocrx_word' id='word_1_433' title='bbox 1275 2407 1353 2436; x_wconf 86' lang='lat' dir='ltr'>Mss.</span> <span class='ocrx_word' id='word_1_434' title='bbox 1369 2407 1440 2446; x_wconf 83' lang='lat' dir='ltr'>ejus</span> <span class='ocrx_word' id='word_1_435' title='bbox 1464 2407 1588 2436; x_wconf 83' lang='lat' dir='ltr'>correxi</span> <span class='ocrx_word' id='word_1_436' title='bbox 1611 2406 1785 2444; x_wconf 75' lang='lat' dir='ltr'>vulgatum</span> 
     </span>
     <span class='ocr_line' id='line_1_61' title="bbox 1083 2446 1783 2489; baseline 0 -12"><span class='ocrx_word' id='word_1_437' title='bbox 1083 2450 1121 2478; x_wconf 79' lang='lat' dir='ltr'>de</span> <span class='ocrx_word' id='word_1_438' title='bbox 1133 2460 1199 2489; x_wconf 79' lang='lat' dir='ltr'>qua</span> <span class='ocrx_word' id='word_1_439' title='bbox 1213 2459 1313 2479; x_wconf 67' lang='lat' dir='ltr'>causa</span> <span class='ocrx_word' id='word_1_440' title='bbox 1328 2450 1468 2479; x_wconf 78' lang='lat' dir='ltr'>laborat.</span> <span class='ocrx_word' id='word_1_441' title='bbox 1484 2453 1554 2478; x_wconf 78' lang='lat' dir='ltr'>tum</span> <span class='ocrx_word' id='word_1_442' title='bbox 1568 2453 1617 2478; x_wconf 86' lang='lat' dir='ltr'>est</span> <span class='ocrx_word' id='word_1_443' title='bbox 1632 2453 1665 2478; x_wconf 87' lang='lat' dir='ltr'>et</span> <span class='ocrx_word' id='word_1_444' title='bbox 1681 2448 1714 2476; x_wconf 86' lang='lat' dir='ltr'>in</span> <span class='ocrx_word' id='word_1_445' title='bbox 1729 2446 1783 2477; x_wconf 84' lang='lat' dir='ltr'>ed.</span> 
     </span>
     <span class='ocr_line' id='line_1_62' title="bbox 1082 2489 1782 2529; baseline -0.003 -8"><span class='ocrx_word' id='word_1_446' title='bbox 1082 2491 1180 2522; x_wconf 85' lang='lat' dir='ltr'>Rom.</span> <span class='ocrx_word' id='word_1_447' title='bbox 1195 2494 1260 2522; x_wconf 75' lang='lat' dir='ltr'>Jzos</span> <span class='ocrx_word' id='word_1_448' title='bbox 1274 2497 1398 2529; x_wconf 79' lang='lat' dir='ltr'>tamen,</span> <span class='ocrx_word' id='word_1_449' title='bbox 1413 2500 1511 2521; x_wconf 89' lang='lat' dir='ltr'>nemo</span> <span class='ocrx_word' id='word_1_450' title='bbox 1526 2489 1588 2519; x_wconf 87' lang='lat' dir='ltr'>hoe</span> <span class='ocrx_word' id='word_1_451' title='bbox 1603 2489 1782 2528; x_wconf 78' lang='lat' dir='ltr'>intelligit:</span> 
     </span>
     <span class='ocr_line' id='line_1_63' title="bbox 1084 2531 1786 2572; baseline -0.004 -8"><span class='ocrx_word' id='word_1_452' title='bbox 1084 2544 1143 2564; x_wconf 85' lang='lat' dir='ltr'>nec</span> <span class='ocrx_word' id='word_1_453' title='bbox 1158 2544 1232 2572; x_wconf 68' lang='lat' dir='ltr'>ego,</span> <span class='ocrx_word' id='word_1_454' title='bbox 1246 2540 1285 2564; x_wconf 87' lang='lat' dir='ltr'>ut</span> <span class='ocrx_word' id='word_1_455' title='bbox 1308 2534 1373 2564; x_wconf 82' lang='lat' dir='ltr'>alia</span> <span class='ocrx_word' id='word_1_456' title='bbox 1393 2534 1533 2572; x_wconf 86' lang='lat' dir='ltr'>abrupta</span> <span class='ocrx_word' id='word_1_457' title='bbox 1548 2531 1582 2562; x_wconf 92' lang='lat' dir='ltr'>in</span> <span class='ocrx_word' id='word_1_458' title='bbox 1598 2532 1649 2562; x_wconf 87' lang='lat' dir='ltr'>his</span> <span class='ocrx_word' id='word_1_459' title='bbox 1663 2532 1786 2572; x_wconf 82' lang='lat' dir='ltr'>episto-</span> 
     </span>
     <span class='ocr_line' id='line_1_64' title="bbox 1083 2574 1715 2615; baseline -0.003 -9"><span class='ocrx_word' id='word_1_460' title='bbox 1083 2575 1141 2606; x_wconf 85' lang='lat' dir='ltr'>lis:</span> <span class='ocrx_word' id='word_1_461' title='bbox 1167 2577 1200 2606; x_wconf 89' lang='lat' dir='ltr'>in</span> <span class='ocrx_word' id='word_1_462' title='bbox 1216 2577 1332 2615; x_wconf 83' lang='lat' dir='ltr'>quibus</span> <span class='ocrx_word' id='word_1_463' title='bbox 1349 2585 1408 2605; x_wconf 84' lang='lat' dir='ltr'>nec</span> <span class='ocrx_word' id='word_1_464' title='bbox 1422 2574 1637 2605; x_wconf 87' lang='lat' dir='ltr'>laborandum</span> <span class='ocrx_word' id='word_1_465' title='bbox 1654 2579 1715 2604; x_wconf 82' lang='lat' dir='ltr'>est.</span> 
     </span>
    </p>

    <p class='ocr_par' dir='ltr' id='par_1_16' title="bbox 1076 2616 1785 2862">
     <span class='ocr_line' id='line_1_65' title="bbox 1125 2616 1784 2656; baseline -0.005 -6"><span class='ocrx_word' id='word_1_466' title='bbox 1125 2621 1164 2650; x_wconf 71' lang='lat'>93</span> <span class='ocrx_word' id='word_1_467' title='bbox 1188 2620 1242 2648; x_wconf 79' lang='lat' dir='ltr'>cui</span> <span class='ocrx_word' id='word_1_468' title='bbox 1255 2623 1332 2648; x_wconf 70' lang='lat' dir='ltr'>sunt</span> <span class='ocrx_word' id='word_1_469' title='bbox 1349 2618 1455 2648; x_wconf 74' lang='lat' dir='ltr'>multa</span> <span class='ocrx_word' id='word_1_470' title='bbox 1465 2617 1612 2656; x_wconf 73' lang='lat' dir='ltr'>potiora]</span> <span class='ocrx_word' id='word_1_471' title='bbox 1633 2616 1784 2647; x_wconf 76' lang='lat' dir='ltr'>Libertas</span> 
     </span>
     <span class='ocr_line' id='line_1_66' title="bbox 1081 2659 1785 2699; baseline -0.001 -9"><span class='ocrx_word' id='word_1_472' title='bbox 1081 2670 1127 2691; x_wconf 82' lang='lat' dir='ltr'>sc.</span> <span class='ocrx_word' id='word_1_473' title='bbox 1151 2660 1306 2691; x_wconf 81' lang='lat' dir='ltr'>honestas</span> <span class='ocrx_word' id='word_1_474' title='bbox 1330 2666 1362 2690; x_wconf 80' lang='lat' dir='ltr'>et</span> <span class='ocrx_word' id='word_1_475' title='bbox 1388 2659 1542 2699; x_wconf 79' lang='lat' dir='ltr'>dignitas,</span> <span class='ocrx_word' id='word_1_476' title='bbox 1562 2669 1636 2698; x_wconf 78' lang='lat' dir='ltr'>quae</span> <span class='ocrx_word' id='word_1_477' title='bbox 1652 2668 1720 2689; x_wconf 87' lang='lat' dir='ltr'>non</span> <span class='ocrx_word' id='word_1_478' title='bbox 1733 2664 1785 2689; x_wconf 84' lang='lat' dir='ltr'>est</span> 
     </span>
     <span class='ocr_line' id='line_1_67' title="bbox 1076 2701 1783 2741; baseline 0 -9"><span class='ocrx_word' id='word_1_479' title='bbox 1076 2704 1109 2732; x_wconf 90' lang='lat' dir='ltr'>in</span> <span class='ocrx_word' id='word_1_480' title='bbox 1121 2703 1294 2741; x_wconf 84' lang='lat' dir='ltr'>servitute,</span> <span class='ocrx_word' id='word_1_481' title='bbox 1310 2705 1411 2733; x_wconf 88' lang='lat' dir='ltr'>immo</span> <span class='ocrx_word' id='word_1_482' title='bbox 1425 2701 1574 2739; x_wconf 85' lang='lat' dir='ltr'>exilium,</span> <span class='ocrx_word' id='word_1_483' title='bbox 1588 2711 1688 2733; x_wconf 89' lang='lat' dir='ltr'>mors.</span> <span class='ocrx_word' id='word_1_484' title='bbox 1701 2711 1783 2732; x_wconf 82' lang='lat' dir='ltr'>num</span> 
     </span>
     <span class='ocr_line' id='line_1_68' title="bbox 1076 2743 1782 2785; baseline -0.001 -10"><span class='ocrx_word' id='word_1_485' title='bbox 1076 2747 1148 2781; x_wconf 83' lang='lat' dir='ltr'>illa,</span> <span class='ocrx_word' id='word_1_486' title='bbox 1163 2755 1194 2785; x_wconf 88' lang='lat' dir='ltr'>q.</span> <span class='ocrx_word' id='word_1_487' title='bbox 1214 2756 1244 2776; x_wconf 84' lang='lat' dir='ltr'>r.</span> <span class='ocrx_word' id='word_1_488' title='bbox 1267 2744 1354 2784; x_wconf 85' lang='lat' dir='ltr'>quod</span> <span class='ocrx_word' id='word_1_489' title='bbox 1375 2744 1416 2775; x_wconf 92' lang='lat' dir='ltr'>ad</span> <span class='ocrx_word' id='word_1_490' title='bbox 1438 2743 1496 2774; x_wconf 86' lang='lat' dir='ltr'>illa</span> <span class='ocrx_word' id='word_1_491' title='bbox 1523 2745 1658 2781; x_wconf 80' lang='lat' dir='ltr'>attinet,</span> <span class='ocrx_word' id='word_1_492' title='bbox 1675 2753 1782 2783; x_wconf 85' lang='lat' dir='ltr'>quaee</span> 
     </span>
     <span class='ocr_line' id='line_1_69' title="bbox 1076 2788 1783 2829; baseline -0.001 -11"><span class='ocrx_word' id='word_1_493' title='bbox 1076 2788 1236 2827; x_wconf 86' lang='lat' dir='ltr'>superiori</span> <span class='ocrx_word' id='word_1_494' title='bbox 1259 2794 1409 2829; x_wconf 82' lang='lat' dir='ltr'>tempore</span> <span class='ocrx_word' id='word_1_495' title='bbox 1435 2796 1688 2824; x_wconf 78' lang='lat' dir='ltr'>commemoras,</span> <span class='ocrx_word' id='word_1_496' title='bbox 1713 2795 1783 2824; x_wconf 83' lang='lat' dir='ltr'>uon</span> 
     </span>
     <span class='ocr_line' id='line_1_70' title="bbox 1076 2830 1338 2862; baseline 0 0"><span class='ocrx_word' id='word_1_497' title='bbox 1076 2830 1201 2862; x_wconf 75' lang='lat' dir='ltr'>valent·</span> <span class='ocrx_word' id='word_1_498' title='bbox 1335 2831 1338 2834; x_wconf 74' lang='grc'>’</span> 
     </span>
    </p>
   </div>
  </div>
 </body>
</html>
