1940 3231
729 114 1092 155 LIBER'XIII.
1555 117 1631 154 805

187 221 496 272 committeret,
519 228 566 262 ut
587 219 746 262 frustra
775 220 867 276 ipse
893 226 1178 276 properasset.
1201 232 1374 274 prorsus
1395 233 1449 260 ex
1473 217 1539 260 his
1559 217 1631 261 lit-

190 280 290 320 teris
315 294 399 320 non
426 279 650 320 videbatur
681 291 773 318 esse
803 277 1000 327 dubium,
1021 277 1127 332 quin
1153 286 1253 317 ante
1274 290 1368 317 eam
1391 276 1505 317 diem
1528 291 1630 318 ven-

187 344 307 377 turus
345 346 481 378 esset:
515 336 713 389 idemque
745 334 900 385 Balbo,
922 350 1021 376 cum
1053 349 1146 375 eam
1178 333 1405 389 epistolam
1441 333 1628 388 legisset,

184 394 318 435 videri
355 394 505 435 Lamia
534 392 720 432 dicebat.
785 391 891 433 Dies
923 392 1125 433 feriarum
1149 391 1253 432 mihi
1278 391 1448 433 additos
1472 391 1625 433 video:

184 451 257 492 sed
280 466 408 505 quam
433 449 604 498 multos,
624 448 692 490 fac
723 450 755 489 si
781 465 848 490 ine
871 465 1003 501 amaS,
1024 449 1172 491 sciam.
1195 449 1247 490 de
1272 448 1425 490 Baebio
1450 448 1626 504 poteris,

182 520 225 550 et
248 508 301 549 de
324 509 457 549 altero
482 505 624 547 vicino
650 505 853 563 Egnatio.
904 507 1034 554 Quod
1056 522 1126 548 me
1148 506 1347 557 hortaris,
1372 515 1418 547 ut
1439 520 1511 546 eos
1534 505 1623 546 dies
1638 512 1670 544 b.

182 579 435 607 consumam
469 564 513 604 in
549 563 826 620 philosophia
858 564 1141 621 explicanda3
1173 574 1415 612 currentem
1449 572 1493 604 tu
1528 563 1624 618 qui-

183 623 280 664 dem
302 639 311 664 :
342 622 411 662 sed
436 636 535 662 cum
573 620 798 663 Dolabella
820 622 1053 664 vivendum
1085 636 1176 663 esse
1198 621 1291 663 istis
1314 621 1466 662 diebus
1491 621 1623 662 vides.

182 680 298 735 quod
322 680 401 720 nisi
428 693 496 719 me
526 677 734 734 Torquati
757 694 887 721 causa
908 687 1087 730 teneret,
1110 678 1212 720 satis
1245 690 1337 720 erat
1372 679 1554 729 dierum,
1577 688 1624 719 ut

180 736 386 778 Puteolos
417 750 644 778 excurrere
678 751 864 793 possem,
893 747 937 778 et
970 737 1024 778 ad
1054 747 1226 792 tempus
1259 736 1411 778 redire.
1474 736 1625 778 Lamia

177 794 349 849 quidem
374 809 399 834 a
423 793 563 835 Balbo
595 799 663 847 (ut
686 795 932 845 videbatur)
965 794 1202 845 audiverat,
1225 793 1438 835 87mult0s
1467 808 1623 835 numos

178 851 296 892 domi
318 866 410 893 esse
443 861 704 905 numeratos,
729 867 836 907 quos
869 862 1090 908 oporteret
1119 852 1440 908 quamprimum
1471 850 1622 892 dividi.

179 923 387 965 magnum
413 910 578 965 pondus
596 910 785 966 argenti,
808 921 964 966 praeter
986 909 1173 966 praedia:
1212 909 1460 951 auctionem
1483 910 1623 965 primo

177 981 351 1022 quoque
369 977 562 1023 tempore
581 967 672 1008 fieri
691 977 905 1023 oportere.
929 968 1090 1009 scribas
1103 967 1155 1008 ad
1179 981 1248 1007 me
1268 967 1409 1018 velim,
1423 967 1525 1021 quid
1542 966 1622 1007 tibi

176 1023 361 1080 placeat.
393 1024 610 1081 equidem,
633 1025 667 1065 si
700 1039 755 1066 ex
780 1025 984 1066 omnibus
1007 1034 1118 1066 esset
1140 1023 1403 1080 eligendum,
1425 1038 1505 1065 nec
1527 1024 1624 1066 dili-

178 1083 437 1138 gentiorem,
459 1096 539 1123 nec
567 1082 887 1134 officiosiorem,
911 1097 989 1124 nec
1013 1081 1148 1124 nostri
1172 1082 1472 1123 studiosiorem
1497 1081 1623 1123 facile

177 1139 432 1195 delegissem
456 1139 681 1182 Vestorio:
713 1140 766 1182 ad
788 1154 916 1196 quem
949 1139 1292 1181 accuratissimas
1324 1140 1486 1180 litteras
1508 1140 1623 1190 dedi,

177 1199 293 1252 quod
320 1197 430 1238 idem
456 1206 497 1238 te
528 1196 680 1238 fecisse
702 1199 904 1239 arbitror.
929 1198 1034 1240 mihi
1058 1197 1232 1254 quidem
1250 1197 1347 1238 'hoc
1379 1197 1481 1237 satis
1506 1197 1623 1238 vide-

178 1264 261 1296 tur.
295 1265 339 1296 tu
362 1255 465 1310 quid
487 1255 624 1297 dicis?
655 1270 787 1297 unum
812 1256 927 1297 enim
961 1255 1132 1312 pungit,
1155 1269 1209 1296 ne
1231 1257 1271 1286 88
1285 1254 1623 1312 negligentiores

173 1327 266 1354 esse
291 1313 524 1354 videamur.
547 1315 813 1370 exspectabo
836 1314 972 1371 igitur
996 1326 1090 1355 tuas
1114 1312 1293 1354 litteras.

613 1402 850 1445 CICERO
879 1402 1110 1445 ATTICO
1143 1402 1188 1444 S.

175 1460 437 1514 POLLEX
459 1470 650 1526 quidem,
673 1480 720 1513 ut
751 1472 936 1524 dixerat,
958 1472 1010 1514 ad
1036 1471 1138 1513 Idus
1171 1471 1293 1512 Sext.
1325 1470 1383 1511 ita
1406 1469 1514 1511 mihi
1539 1470 1623 1511 La-

173 1531 293 1572 nuvii
318 1529 455 1586 pridie
479 1528 581 1570 Idus
606 1539 763 1585 praesto
787 1529 895 1580 fuit;
927 1530 999 1571 sed
1024 1529 1149 1586 plane
1174 1527 1342 1579 Pollex,
1361 1543 1448 1569 non
1472 1528 1619 1569 index.

172 1601 410 1644 cognosces
432 1586 642 1643 igiturex
677 1587 786 1643 ipso.
850 1587 1034 1628 Balbum
1068 1586 1269 1629 conveni.
1333 1585 1471 1642 Lepta
1504 1587 1617 1626 enim

171 1646 279 1687 89de
301 1659 378 1686 sua
400 1644 487 1685 vini
519 1644 744 1686 curatione
775 1645 987 1697 laborans,
1011 1660 1080 1686 me
1112 1644 1165 1686 ad
1198 1658 1297 1685 eum
1329 1643 1618 1699 perduxerat-2

173 1703 217 1745 in
240 1717 292 1744 eo
314 1711 458 1744 autem
492 1701 733 1754 Lanuvino,
756 1706 797 1737 90
810 1703 927 1758 quod
961 1702 1126 1759 Lepido
1158 1701 1351 1752 tradidit,
1373 1715 1427 1742 ex
1460 1715 1511 1742 eo
1534 1700 1620 1742 hoc

172 1761 387 1818 primum:
413 1758 542 1815 paulo
560 1766 657 1801 ante
676 1775 909 1816 acceperam
931 1775 997 1801 eas
1021 1760 1193 1812 litteras,
1216 1758 1260 1800 in
1281 1759 1428 1815 quibus
1448 1772 1620 1814 magno-

164 1833 266 1876 pere
293 1816 522 1873 coufirmat,
553 1825 650 1858 ante
680 1817 794 1859 ludos
829 1817 1053 1861 Romanos.
1084 1818 1169 1874 legi
1197 1816 1451 1873 epistolam:
1483 1815 1620 1857 multa

172 1878 227 1919 de
247 1890 345 1918 meo
378 1875 562 1926 Catone,
585 1890 672 1931 quo
705 1876 942 1933 saepissime
973 1876 1156 1933 legendo
1188 1889 1232 1916 se
1262 1874 1371 1916 dicit
1400 1872 1620 1929 copiosio-

172 1948 264 1976 rem
285 1933 448 1975 factum
469 1949 478 1975 z
513 1933 638 1974 Bruti
670 1933 839 1975 Catone
868 1934 981 1976 lecto
1003 1938 1041 1968 91
1059 1948 1103 1975 se
1125 1933 1206 1974 sibi
1232 1932 1370 1973 visum
1393 1932 1618 1973 disertum.

170 1995 280 2033 92ex
317 2006 369 2033 eo
396 1991 591 2046 *cognovi
625 1993 862 2034 cretionem
900 1992 1045 2033 Cluvii
1078 1996 1124 2045 (o
1154 1990 1403 2031 Vestorium
1426 1991 1467 2024 93
1481 1988 1619 2045 negli-

170 2059 344 2107 gentem
362 2050 391 2100 !)
409 2048 587 2089 liberam
609 2050 862 2100 cretionem,
886 2050 1073 2091 testibus·
1091 2048 1392 2105 praesentibus,
1415 2047 1619 2103 sexagin-

171 2117 215 2149 ta
246 2107 413 2148 diebus.
444 2107 689 2148 metuebam
723 2122 777 2149 ne
813 2107 883 2149 ille
914 2107 1122 2150 arcendus
1156 2115 1282 2147 esset.
1311 2108 1483 2147 94nunc
1514 2105 1617 2146 mit-

168 2165 347 2207 tendum
370 2172 449 2216 est,
471 2174 520 2205 ut
548 2178 645 2205 meo
661 2164 784 2221 jussu
807 2175 969 2207 cernat.
999 2168 1040 2199 95
1057 2165 1171 2206 idem
1190 2164 1324 2220 igitur
1349 2163 1515 2204 Pollex.
1549 2172 1613 2203 et—
1626 2170 1657 2201 P·
1673 2160 1748 2192 2⁶20.

169 2223 253 2264 iam
278 2223 331 2264 de
352 2221 490 2263 hortis
523 2220 746 2265 Cluvianis
769 2223 840 2279 egi
861 2238 959 2265 cum
992 2222 1132 2265 Balbo
1154 2221 1397 2263 liberalius:
1429 2236 1474 2262 se
1496 2213 1654 2261 enima·

168 2280 316 2322 statim
355 2279 409 2321 ad
443 2278 660 2322 Caesarem
693 2281 978 2337 scripturum:
1030 2280 1234 2322 Cluvium
1270 2288 1415 2323 autem
1447 2279 1529 2321 963
1561 2276 1614 2319 Τ.

1639 1395 1698 1438 46

914 2400 1033 2436 gauter
1047 2400 1082 2426 et
1096 2394 1216 2425 diserte
1231 2394 1372 2434 scriptus
1389 2397 1486 2424 esset.

211 2397 250 2429 87
275 2396 394 2426 multos
414 2404 450 2425 n.
468 2395 555 2425 domi
577 2404 641 2425 esse
662 2394 867 2435 numeratos]
954 2441 996 2472 90
1249 2436 1269 2477 ,]
1295 2437 1323 2467 G
1395 2437 1401 2443 .
1430 2446 1444 2466 S
1460 2435 1603 2474 coniecit

977 2460 995 2468 ..
1017 2448 1058 2468 ex
1073 2449 1106 2468 eo
1121 2447 1255 2476 cognom
1327 2447 1427 2467 saeVffl
1604 2458 1615 2473 ‘

168 2437 255 2468 domi
277 2437 399 2474 Cluvii,
421 2438 513 2477 cujus
535 2437 699 2469 hereditas
721 2438 871 2469 adeunda

171 2481 323 2512 Ciceroni
339 2485 374 2511 et
387 2479 600 2511 coheredibus
615 2487 698 2511 erat.
915 2479 1001 2512 Tum
1015 2490 1056 2510 ex
1076 2491 1110 2510 eo
1132 2490 1158 2510 c.
1185 2485 1257 2511 tum
1273 2479 1438 2510 absorberi
1461 2479 1571 2519 potuit
1595 2489 1616 2510 a

213 2525 253 2553 88
275 2522 539 2563 negligentiores]
565 2523 604 2554 ln
631 2523 725 2554 rebus
747 2523 870 2554 nostris

170 2565 334 2602 curandis,
349 2564 435 2605 quod
457 2575 511 2597 eas
533 2575 577 2596 sc.
603 2576 661 2608 per
682 2564 777 2603 anos,
800 2575 872 2607 non,

170 2608 230 2650 ipsi
247 2617 408 2644 curemus,
422 2609 604 2648 praesertim
620 2608 713 2639 tales.

215 2652 258 2685 89
276 2651 315 2681 de
337 2660 398 2681 sua
425 2651 494 2682 vini
516 2651 700 2692 curatione]
730 2650 813 2691 Quae
839 2652 868 2681 ei

172 2692 331 2726 mandata
352 2692 481 2724 videtur
501 2693 602 2727 fuisse
623 2704 643 2725 a
668 2695 809 2731 Caesare,
831 2698 870 2724 ut

172 2736 287 2767 vinum
305 2735 345 2766 ad
359 2735 472 2776 epulas
488 2736 636 2777 publicas
650 2743 794 2767 curaret.

215 2781 257 2812 90
279 2788 308 2819 q.
337 2778 381 2809 L.
407 2779 560 2819 tradidit]
597 2779 768 2815 Vendidit,
793 2784 871 2810 ante

172 2831 192 2859 ᾳ
206 2822 364 2853 Cicerone
380 2825 521 2859 emtum,
535 2831 580 2852 sc.
598 2822 733 2853 Balbus.

214 2865 253 2898 91
278 2873 311 2894 se
324 2863 384 2894 sibi
397 2864 504 2896 visum
517 2864 695 2904 disertum]
723 2873 769 2894 sc.
785 2863 873 2903 quod

171 2904 270 2938 Bruti
285 2907 368 2939 Cato
385 2911 481 2938 acute
496 2906 640 2949 quidem,
653 2905 709 2938 sed
723 2915 791 2940 nou
804 2905 871 2937 ele-

912 2523 1037 2564 syllaba
1050 2523 1170 2554 ultima
1183 2524 1218 2553 in
1233 2523 1403 2553 disertum.

952 2568 993 2600 93
1016 2565 1250 2605 negligentem]
1278 2575 1325 2596 sc.
1340 2565 1373 2595 in
1396 2564 1543 2594 cretione
1557 2563 1615 2594 be-

912 2608 1060 2638 reditatis
1084 2608 1266 2639 Cluvianae.
1288 2607 1328 2638 de
1342 2607 1489 2638 cretione
1514 2607 1615 2638 libera

913 2659 942 2681 v.
959 2650 1052 2682 Clav.

953 2696 996 2728 94
1017 2703 1106 2724 nunc
1127 2692 1324 2724 mittendum
1346 2691 1406 2732 est]
1435 2690 1496 2723 Ed.
1514 2691 1613 2723 Rom.

913 2746 977 2767 non
991 2736 1259 2766 committendum
1272 2739 1330 2766 est.

955 2781 996 2813 95
1018 2779 1103 2809 idem
1125 2779 1233 2817 igitur
1259 2776 1394 2817 Pollex]
1427 2775 1614 2808 Mittendus

915 2820 955 2851 ad
970 2821 1157 2852 Vestorium
1174 2820 1342 2851 Puteolos

958 2864 1000 2898 96
1021 2874 1044 2894 a
1068 2863 1108 2895 Τ.
1131 2863 1317 2894 Hordeonio
1339 2861 1466 2902 legare]
1495 2862 1518 2894 i.
1532 2861 1614 2895 e.in

915 2909 1120 2938 testamento
1140 2905 1318 2948 scripsisse,
1340 2908 1380 2935 ut
1405 2903 1499 2937 heres
1526 2905 1613 2940 Hor-0

835 2953 951 2992 81⁷3
