1940 3231
747 99 956 137 LIBER
995 98 1048 137 ΙΙ,
1544 105 1623 145 473

177 205 263 249 hoc
297 213 438 248 totum
467 225 568 258 wius
596 205 758 246 curabo
791 215 841 245 ut
868 203 1045 244 habeas.
1107 201 1165 243 Et
1197 203 1404 258 quoniam
1442 214 1484 247 te
1521 222 1622 251 cum

176 265 353 321 scripta,
375 274 467 305 tum
485 277 554 302 -res
575 277 682 303 meae
706 261 950 312 delectant3
983 260 1137 301 iisdem
1155 275 1210 301 ex
1230 260 1351 301 libris
1373 264 1622 325 perspicies,

178 332 223 363 et
244 338 340 378 quae
359 319 579 378 gesserim,
598 329 642 360 et
663 334 760 374 quae
784 319 995 360 dixerim:
1021 318 1128 362 6aut
1146 332 1200 358 ne
1221 332 1507 373 poposeisses.
1539 336 1622 377 ego

177 380 290 421 enim
317 379 396 420 tibi
416 391 483 418 me
505 391 592 418 non
616 377 867 418 offeimebam
929 375 1059 422 Quod
1083 375 1257 431 quaeiis,
1279 376 1381 431 quid
1413 378 1483 423 sit,
1505 380 1624 432 quod

177 447 221 478 te
241 450 478 485 a1·;cessam
511 449 560 475 ac
593 434 733 484 simul,
757 433 1012 490 impeditum
1044 443 1086 473 te
1115 433 1303 489 negotiis
1325 448 1432 484 esse,
1457 435 1624 491 signifi-

179 509 276 545 cas;
307 507 444 548 neque
466 505 649 543 recusas,
672 492 792 547 quin,
815 505 903 532 non
932 490 1063 532 modo
1094 491 1129 531 si
1157 505 1266 547 opus
1295 491 1366 542 sit,
1388 492 1461 532 sed
1491 492 1624 535 etiam

181 553 215 593 si
245 551 384 602 velim,
407 563 626 591 accurras:
660 549 770 590 nihil
792 563 893 590 sane
914 557 979 589 est
1008 562 1211 600 necesse;
1244 558 1536 591 verumtamen
1560 551 1625 591 vi-

181 611 335 650 debare
357 583 465 648 mihi
496 615 692 662 tempora
716 606 1077 663 peregrinationis
1106 606 1377 647 commodius
1402 622 1527 663 posse
1549 608 1624 649 de-

176 667 381 708 scribere.
412 664 539 705 nimis
568 665 669 705 abes
703 665 792 714 diu,
816 663 1058 720 praesertim
1088 678 1187 704 cum
1213 664 1268 704 sis
1299 663 1344 704 in
1366 666 1622 721 propinquis

177 724 308 765 locis:
341 737 480 777 neque
511 737 588 763 nos
616 732 659 763 te
687 721 894 774 fruimur3
926 730 970 762 et
999 729 1045 761 tu
1077 721 1203 762 nobis
1225 735 1358 763 cares.

179 781 351 837 quidem
375 781 514 822 otium
544 789 632 822 est:
667 780 756 832 sed,
787 780 820 820 si
851 778 980 835 paulo
1010 778 1106 834 plus
1134 777 1253 819 furor
1282 778 1492 821 Pulchelli
1524 783 1664 837 pro-²²·

183 839 302 894 gredi
328 847 486 894 posset,
509 837 632 878 valde
654 852 736 894 ego
761 847 803 878 te
824 837 952 878 istinc
973 837 1225 877 excitar.em
1248 851 1395 878 verum
1418 839 1626 893 praeclare

183 895 387 937 Metellus
421 895 618 951 impedit,
657 905 700 936 et
736 895 959 958 impediet.
1005 893 1110 948 quid
1148 894 1333 949 quaeris?
1375 905 1440 936 est
1475 896 1626 938 consul

178 956 393 1008 waiva-avgg,
417 962 474 1004 et,
496 962 545 994 ut
568 967 734 1009 semper
749 951 962 1008 judicavi,
985 961 1137 992 natura
1161 952 1313 993 bonus.
1348 955 1366 986 7
1382 952 1452 994 ille
1481 962 1627 995 autem

178 1023 265 1050 non
289 1010 478 1062 simulat,
503 1010 574 1051 sed
598 1010 722 1066 plane
744 1010 942 1051 tribunus
965 1009 1101 1063 plebis
1122 1008 1213 1049 fieri
1232 1009 1368 1073 cupit.
1401 1025 1487 1065 qua
1508 1012 1561 1052 de
1581 1026 1628 1053 re

179 1082 279 1108 cum
302 1068 346 1109 in
369 1077 519 1109 senatu
552 1078 767 1124 ager·‚etui
797 1067 905 1123 fregi
937 1065 1182 1108 hominem:
1205 1076 1260 1106 et
1289 1068 1627 1110 inconstantiam

177 1125 273 1189 ejus
288 1125 557 1180 reprehendi,
576 1126 649 1180 qui
672 1125 826 1166 Romae
846 1125 1112 1165 tribunatum
1134 1123 1270 1179 plebis
1291 1134 1404 1179 peter
1403 1136 1470 1176 ·,et
1494 1128 1627 1168 8cum

179 1182 226 1223 in
251 1183 399 1224 Sicilia
431 1183 682 1224 aedilitatem
713 1197 828 1239 saepe
857 1182 1076 1223 dictasset.
1109 1181 1181 1221 sed
1203 1196 1342 1236 neque
1364 1197 1628 1246 magnopere

181 1240 275 1281 dixi
297 1255 388 1282 esse
406 1240 533 1282 nobis
554 1239 862 1282 laborandum:
886 1240 1001 1295 quod
1025 1239 1162 1281 nihilo
1185 1239 1322 1295 magis
1346 1254 1384 1280 ei
1406 1239 1629 1283 liciturum

180 1307 292 1339 esset
324 1297 493 1353 plebeio
522 1298 834 1362 rempublicam
867 1297 1057 1353 perdere,
1084 1311 1251 1352 quam
1238 1300 1257 1330 9
1276 1297 1488 1339 similibus
1518 1298 1628 1354 eJUS‚

180 1370 249 1396 me
270 1355 460 1420 consule,
488 1355 680 1411 patriciis
701 1365 814 1397 esset
834 1355 1018 1396 licitum.
1078 1354 1193 1405 Jam,
1216 1369 1315 1395 cum
1338 1369 1382 1395 se
1404 1355 1473 1396 ille
1495 1357 1629 1413 septi-

182 1427 254 1453 mo
275 1413 346 1454 die
367 1413 533 1454 venisse
563 1428 588 1454 a
617 1412 743 1464 fleto,
771 1427 911 1468 neque
941 1412 1021 1454 sibi
1046 1412 1220 1453 obviam
1243 1426 1502 1468 quemquam
1527 1429 1628 1479 pro-

182 1470 273 1511 dire
295 1471 501 1526 potuisse,
529 1481 572 1511 et
594 1480 725 1512 noctu
750 1486 794 1512 se
817 1471 1017 1511 introisse
1038 1470 1234 1518 dixisset,
1264 1485 1322 1510 in
1339 1484 1477 1525 eoque
1508 1486 1552 1512 se
1581 1473 1627 1514 in

182 1529 392 1569 concione
414 1528 644 1583 jactasset:
677 1528 786 1569 nihil
819 1529 855 1568 ei
893 1529 993 1568 nox-i
1021 1527 1114 1568 (lixi
1137 1527 1369 1569 accidisse:
1403 1543 1457 1569 ex
1480 1528 1628 1572 Sicilia

180 1586 366 1641 septimo
397 1587 466 1627 die
503 1586 717 1637 Romanu
766 1589 802 1616 10
817 1587 954 1626 tribus
986 1585 1102 1626 horis
1136 1584 1278 1625 Roma
1310 1584 1625 1630 Interamnam:

181 1654 314 1684 noctu
345 1643 554 1684 intro-isse
584 1644 687 1684 item
727 1654 850 1685 ante:
887 1646 920 1673 ll
940 1658 1027 1683 non
1064 1657 1154 1683 esse
1188 1643 1296 1683 itum
1329 1643 1534 1696 obviam,
1573 1659 1628 1686 ne

185 1710 273 1742 tum
298 1701 488 1756 quidem,
518 1716 617 1743 cum
640 1701 690 1741 iri
715 1701 904 1741 maxime
933 1700 1099 1742 debuit.
1131 1700 1235 1755 quid
1267 1700 1455 1754 quaeris?
1486 1702 1628 1743 homi-

182 1773 279 1799 nem
306 1759 569 1824 petulantem
592 1759 835 1799 modestum
859 1759 1004 1809 leddo,
1028 1773 1112 1799 non
1139 1757 1276 1798 solum
1301 1768 1556 1815 perpetuaD
1531 1774 1628 1801 ‹rra-

184 1817 317 1857 vitate
339 1817 561 1866 orationis,
585 1817 654 1857 sed
676 1817 805 1856 etiam
830 1817 912 1857 hoc
935 1830 1091 1873 genere
1107 1816 1627 1873 dictorum.itaqneja1n

182 1873 450 1916 familiariter
480 1889 579 1916 cum
612 1874 706 1930 ipso
738 1875 867 1915 etiam
899 1861 1076 1915 cavillm
1107 1888 1156 1914 ac
1181 1873 1322 1928 jocor.
1359 1889 1464 1930 qum
1496 1876 1629 1919 etiam

224 2022 244 2052 6
267 2014 597 2062 aufnepoposcisses]
624 2022 684 2052 Est
701 2022 813 2062 paullo
827 2022 883 2054 ah-

182 2065 310 2104 ruptius
334 2064 471 2095 dictum.
516 2066 620 2105 Capio
636 2071 748 2095 autem
765 2066 828 2096 sic:
852 2064 884 2094 id

180 2106 207 2137 si
224 2116 291 2136 non
308 2108 355 2137 ita
369 2107 445 2142 erit,
463 2107 581 2137 vellem
597 2118 637 2137 ne
653 2109 862 2146 poposcisses.

225 2153 243 2182 7
265 2150 322 2179 ille
343 2154 455 2179 autem
478 2160 542 2179 non
564 2150 714 2189 simulat]
741 2150 828 2190 Quid
845 2151 886 2180 si-

185 2192 292 2222 mulet
316 2191 469 2222 Clodius?
496 2193 604 2226 Immo
627 2194 808 2231 sequentia,
830 2194 887 2223 secl

927 2022 1152 2053 inconstantia
1175 2022 1319 2053 hominis
1347 2026 1452 2063 patet,
1476 2034 1574 2063 quam
1598 2025 1629 2056 ei

929 2065 1043 2096 Cicero
1072 2066 1294 2105 exprobravit,
1332 2066 1418 2104 quod
1451 2067 1486 2096 in
1516 2067 1629 2099 Sicilia

928 2117 1014 2148 saepe
1029 2108 1176 2145 dixisset,
1191 2118 1224 2138 se
1241 2108 1433 2139 aedilitatem
1448 2116 1523 2148 post
1537 2119 1628 2148 quae—

929 2154 1054 2180 stur-am
1071 2151 1268 2191 petiturum,
1285 2161 1373 2181 nunc
1387 2152 1541 2182 tribunus
1555 2153 1629 2184 fieri

928 2192 1019 2223 velit.

1417 722 1485 764 Ac
1506 738 1620 766 nunc
1631 740 1665 770 p.
1681 733 1734 763 22.

177 2235 282 2274 plane
295 2235 446 2264 rribnmcs
458 2234 646 2274 plebisfleri
658 2236 758 2274 cupit,
774 2235 883 2265 viden-

184 2280 241 2306 tur
257 2276 423 2316 postulare
440 2286 503 2306 non
519 2277 716 2313 dissimulat,
740 2287 784 2308 sc.
807 2277 885 2317 quid

185 2319 280 2357 velit,
297 2323 400 2360 petat.

226 2364 244 2393 8
260 2371 338 2392 cum
351 2363 387 2392 in
402 2361 519 2393 Sicilia
533 2362 722 2392 oedilitatem
735 2372 815 2402 soepe
830 2363 880 2392 di-

183 2404 314 2444 ctasset]
339 2414 384 2435 sc.
405 2414 438 2435 se
461 2404 657 2443 petiturum.
680 2405 750 2435 haec
770 2405 882 2436 estle-

182 2447 250 2477 ctio
265 2447 336 2478 edd.
353 2457 402 2488 pr.
443 2447 590 2478 Manutii
604 2446 720 2478 dedere
735 2448 881 2478 dictitas-

181 2493 248 2532 set,
265 2497 304 2520 ut
331 2490 437 2520 estin
460 2489 511 2520 ed.
535 2489 633 2520 Rom.
677 2490 842 2526 Corradus
863 2501 881 2521 e

182 2541 264 2572 saepe
276 2532 417 2562 faciebat
432 2542 464 2562 se
481 2535 592 2572 petere
614 2541 672 2572 pro
685 2532 881 2572 petiturum.

183 2574 351 2604 Victorius
373 2585 391 2604 e
412 2575 503 2605 libris
519 2575 662 2613 antiquis
678 2575 768 2605 dedit
783 2576 883 2605 hoere-

184 2616 322 2651 ditatem
335 2626 416 2656 soepe
430 2617 659 2654 Jaereditasset,
673 2617 728 2647 sed
741 2622 792 2653 ut,
807 2617 885 2656 quid

183 2669 223 2689 ex
239 2669 278 2689 eo
293 2659 480 2690 faciendum
502 2660 559 2696 sit,
575 2659 646 2690 aliis
669 2659 884 2698 cogitandum

184 2701 406 2741 relinqueret:
435 2701 522 2732 unde
546 2702 644 2732 variae
671 2703 885 2740 conjecturae,

184 2753 264 2780 quas
286 2744 405 2774 referre
429 2744 513 2774 nihil
536 2745 671 2775 attinet.
716 2745 882 2774 Graew‘us:

186 2784 288 2820 Περ-α’
308 2786 498 2817 oedilz'tatem
519 2797 552 2817 se
567 2791 680 2826 petere
694 2787 885 2824 dictitasset,

187 2826 243 2856 sed
260 2827 373 2858 mallet
390 2829 550 2866 Himeroe,
566 2835 623 2859 aut
642 2829 759 2860 Ι-Ιίννο.
783 2831 886 2860 ‹edili-

185 2873 240 2899 τας
255 2869 384 2909 quidem
407 2871 588 2903 necessaria
609 2878 681 2911 est;
707 2882 782 2903 nam
809 2872 886 2904 hine

969 2239 988 2269 9
1011 2234 1171 2265 similibus
1185 2235 1449 2276 ejus—patriciis
1464 2240 1542 2266 esset
1557 2237 1627 2267 lici-

928 2277 1014 2316 tum]
1039 2278 1212 2318 Temporis
1229 2279 1312 2308 ratio
1328 2277 1614 2318 postulatfzcisset.

974 2322 1012 2349 10
1034 2320 1138 2350 tribus
1150 2321 1237 2350 horis
1253 2320 1362 2351 Roma
1377 2321 1626 2361 Interamnam]

923 2361 1074 2402 Abrupte
1098 2363 1237 2398 dictum,
1264 2370 1302 2393 ut
1330 2371 1452 2400 cetera,
1475 2373 1548 2402 pm,
1571 2364 1629 2403 qui

924 2405 1029 2435 tribus
1052 2404 1141 2436 horis
1160 2405 1267 2436 Roma
1282 2405 1510 2436 Interamnam
1525 2407 1605 2437 isset
1619 2418 1626 2437 :

925 2447 1071 2488 pertinet
1094 2448 1135 2479 ad
1156 2457 1289 2478 causam
1313 2448 1421 2479 Clodii
1441 2448 1480 2479 de
1496 2449 1628 2480 violatis

924 2491 1036 2526 sacris,
1061 2490 1096 2519 in
1117 2499 1182 2529 qua
1203 2489 1342 2527 dixerat,
1365 2500 1400 2521 se
1417 2495 1490 2521 tum
1519 2491 1628 2522 Inter-

925 2541 1033 2562 amnae
1064 2532 1175 2569 fuisse,
1199 2542 1275 2563 cum
1309 2533 1474 2564 diceretur
1501 2533 1630 2565 facinus

927 2574 1007 2605 illud
1023 2574 1148 2611 fecisse,
1173 2574 1288 2606 Cicero
1312 2581 1425 2607 autem
1445 2575 1579 2607 dixisset
1593 2587 1628 2607 se

927 2616 978 2647 die
993 2616 1052 2646 illa
1064 2617 1179 2647 Romae
1194 2617 1301 2655 ipsum
1319 2619 1446 2649 vidisse.

975 2662 1005 2689 ll
1034 2669 1098 2689 non
1119 2669 1185 2690 esse
1202 2662 1286 2690 itum
1307 2660 1458 2709 obviam]
1472 2660 1572 2690 «Iocus
1587 2670 1628 2691 ex

929 2701 1084 2741 ambiguo
1100 2703 1288 2739 verborum,
1305 2705 1373 2733 oln
1356 2713 1431 2734 iam
1446 2704 1507 2739 z're,
1523 2702 1628 2733 bono-

929 2745 972 2774 ris
996 2754 1106 2780 causa,
1130 2750 1165 2775 et
1189 2746 1359 2776 resistendi
1381 2754 1490 2781 causa,
1507 2754 1628 2789 nempe

930 2796 970 2816 ne
985 2786 1213 2826 ingrederetur
1228 2787 1363 2818 domum
1381 2787 1530 2825 Caesaris,
1549 2797 1628 2818 cum

929 2830 1029 2861 Sacra
1045 2830 1150 2861 Boua
1167 2830 1248 2861 Deae
1262 2831 1391 2861 fierent.
