1940 3231
326 134 403 168 538

740 128 840 165 EPI
853 128 928 166 ST.
957 127 1038 166 AD
1065 126 1352 170 ATTICUM,

325 247 476 284 annos,
508 240 618 287 quot
645 231 790 282 habet,
820 232 1069 288 designatus
1091 231 1239 273 consul
1263 230 1406 282 fuerit,
1430 230 1519 272 fieri
1543 233 1761 275 consulem

325 305 414 332 nou
436 292 589 346 posse?
620 292 656 320 8¹
673 289 908 345 praesertim
943 304 1042 330 cum
1064 298 1138 329 aut
1161 288 1289 339 solus,
1312 299 1385 329 aut
1406 297 1521 329 certe
1542 303 1628 330 uon
1654 290 1761 345 plus,

323 362 454 403 quam
486 361 585 388 cum
616 346 749 388 altero
782 355 913 402 petat.
948 346 981 386 si
1008 360 1108 386 vero
1141 346 1181 386 id
1213 355 1292 397 est,
1315 345 1430 400 quod
1455 346 1599 387 nescio
1618 361 1671 387 an
1690 347 1762 398 sit,

325 408 366 437 82
381 415 428 445 ut
460 419 547 445 non
581 404 721 444 minus
757 403 906 458 longas
933 402 1027 457 jam
1056 402 1098 443 in
1132 402 1426 444 codicillorum
1453 401 1572 444 fastis
1596 402 1764 447 futuro-

322 475 418 504 rum
441 461 666 502 consulum
688 459 914 515 paginulas
948 458 1118 510 habeat,
1141 474 1268 514 quam
1293 461 1531 511 factorum3
1563 459 1666 515 quid
1690 459 1762 500 iilo

321 519 534 568 miserius,
557 518 637 558 nisi
660 516 931 572 respublica?
963 516 1003 556 in
1024 531 1110 570 qua
1132 531 1185 558 ne
1208 525 1401 572 speratur
1417 517 1589 572 quidem
1608 516 1764 558 melius

321 577 571 631 quidquam.
607 577 646 605 83
663 573 730 615 De
765 572 901 614 Natta
921 587 976 613 ex
996 574 1079 613 tuis
1107 574 1291 629 primum
1314 573 1418 614 scivi
1450 574 1627 614 litteris:
1661 573 1763 615 ode-

321 648 411 675 ram
443 631 677 672 hominem.

742 629 809 671 De
844 628 1040 685 po'e'inate
1072 629 1187 684 quod
1223 630 1405 684 quaeri53
1437 631 1540 685 quid
1575 630 1661 670 84si
1686 645 1762 671 cu·

321 691 414 746 piat
446 688 663 744 effugere?
694 686 826 742 quid?
857 687 995 728 sinas?
1028 690 1067 717 85
1084 687 1151 728 De
1186 686 1321 727 Fabio
1345 686 1485 728 Lusco
1508 687 1623 742 quod
1646 701 1762 728 eram

320 760 523 794 exorsus;
556 745 686 786 homo
718 758 942 801 peramans
975 758 1141 800 semper
1171 742 1306 784 nostri
1339 743 1438 793 fuit,
1471 759 1550 785 nec
1577 744 1634 785 mi
1670 758 1765 785 um-

320 818 447 859 quam
485 802 602 844 odio.
636 801 738 842 satis
775 801 889 842 enim
930 810 1082 841 acutus
1124 809 1166 841 et
1210 800 1520 856 permodestus,
1550 816 1599 842 ac
1637 802 1762 843 bonae

320 859 453 916 frugi.
477 874 590 910 eum,
612 860 714 912 quia
746 872 832 899 non
862 857 1078 908 videbam,
1101 858 1249 898 abesse
1282 857 1504 912 putabam.
1537 858 1683 900 audivi
1706 872 1761 898 ex

323 918 466 960 Gavio
496 917 581 957 hoc
615 915 833 966 Firmano,
863 913 1018 956 Romae
1047 928 1138 955 esse
1170 912 1406 964 hominem,
1428 923 1471 954 et
1495 913 1626 955 fuisse
1657 914 1763 967 assi-

322 975 470 1016 duum.
505 972 716 1030 percussit
737 972 944 1013 animum.
967 971 1098 1023 dices,
1121 969 1341 1011 tantulane
1363 972 1518 1012 causa?
1551 971 1764 1027 permulta

209 1060 243 1092 p.
259 1048 311 1079 60.
324 1032 377 1074 ad
410 1045 478 1072 me
511 1030 722 1072 detulerat
751 1044 838 1070 non
871 1028 1004 1070 dubia
1034 1029 1086 1070 de
1111 1024 1322 1069 Firmanis
1354 1026 1574 1069 fratribus.
1604 1028 1644 1059 86
1657 1022 1763 1083 quid

279 1101 309 1122 a.
323 1089 392 1140 sit,
414 1089 530 1144 quod
561 1102 606 1128 se
636 1103 661 1128 a
690 1101 759 1128 me
790 1087 980 1137 remorit,
1015 1085 1048 1127 si
1081 1084 1210 1127 modo
1242 1084 1440 1134 removit,
1464 1084 1632 1140 ignoro.

1693 1084 1763 1126 De

320 1162 386 1198 eo,
409 1145 525 1201 quod
544 1160 613 1186 me
635 1159 798 1195 mones,
819 1151 868 1184 ut
888 1152 932 1183 et
952 1147 1130 1188 πολιτικῶς
1153 1156 1221 1183 me
1243 1155 1404 1197 geram,
1427 1152 1470 1182 et
1490 1146 1543 1185 τὴν
1562 1144 1621 1196 ἐ’σῳ
1644 1161 1759 1197 γςοιμ-

315 1210 378 1258 μὲν
419 1213 613 1254 teneam3
645 1203 706 1244 ita
744 1201 915 1243 faciam.
955 1200 1027 1241 sed
1064 1214 1173 1255 opus
1211 1209 1277 1239 est
1309 1198 1472 1253 majore
1508 1197 1760 1253 prudentia;

315 1275 443 1316 quam
468 1276 492 1301 a
514 1269 570 1311 te,
595 1268 640 1300 ut
663 1258 793 1309 soleo,
817 1267 975 1313 petam.
1021 1254 1087 1297 Tu
1111 1255 1237 1296 velim
1259 1270 1282 1296 e
1305 1254 1457 1307 Fabio,
1480 1255 1514 1295 si
1537 1269 1664 1310 quem
1684 1255 1764 1297 ha-

316 1319 390 1359 bes
413 1318 594 1367 aditum,
617 1318 820 1367 odorere;
844 1324 887 1355 et
910 1315 1038 1355 istum
1063 1313 1289 1354 convivam
1315 1322 1437 1353 tuum
1459 1312 1686 1367 degustes3
1717 1323 1762 1353 et

313 1376 367 1416 ad
390 1389 457 1415 me
479 1375 531 1416 de
553 1374 618 1414 his
642 1374 782 1423 rebus,
804 1381 847 1413 et
868 1372 921 1413 de
942 1371 1144 1412 omnibus
1167 1370 1362 1425 quotidie
1387 1369 1564 1411 scribas.
1594 1368 1668 1410 ubi
1692 1369 1758 1410 ni-

313 1432 376 1474 hil
398 1432 492 1483 erit,
514 1430 630 1487 quod
653 1430 839 1480 scribas3
872 1429 914 1469 id
937 1429 1077 1484 ipsum
1101 1427 1295 1469 scribito.

1356 1426 1474 1468 Cura
1494 1434 1543 1467 ut
1563 1425 1718 1468 valeas.

275 1539 304 1582 9
757 1515 994 1559 CICERO
1023 1515 1254 1558 ATTICO
1285 1516 1329 1557 S.

313 1577 482 1630 SANE
515 1587 641 1629 velim
673 1587 805 1639 scire3
837 1589 992 1626 87nu1n
1015 1599 1192 1626 censum
1223 1584 1464 1640 impediant
1486 1582 1757 1625 tribunidie-

311 1644 392 1686 bus
425 1645 644 1695 vitiandis,
677 1647 761 1697 (est
792 1643 908 1684 enim
942 1642 1014 1683 bic
1051 1643 1230 1694 rumor)
1264 1652 1441 1697 totaque
1474 1641 1528 1682 de
1559 1655 1755 1693 censura,

311 1788 433 1827 signati
451 1796 538 1817 anno
553 1796 625 1822 suo,
648 1785 735 1824 quod
749 1785 769 1814 ii
785 1783 928 1814 solerent
945 1783 1011 1813 fere

312 1834 441 1869 semper
465 1838 553 1859 anno
569 1838 628 1858 suo
642 1827 828 1866 designari3
853 1825 942 1866 quod
961 1835 1011 1855 se-

311 1881 367 1902 cus
383 1876 454 1901 erat
470 1871 502 1900 in
520 1870 707 1900 horninibus
725 1870 827 1899 novis.

354 1917 391 1943 81
410 1914 609 1953 prasertim,
638 1921 714 1942 cum
737 1915 797 1941 aut
824 1912 922 1946 solus,
951 1914 1012 1939 aut

311 1960 397 1986 certe
410 1965 474 1985 non
482 1956 560 1994 plus
574 1964 674 1994 qnam
695 1963 770 1984 cum
783 1954 887 1983 altero
901 1951 1008 1991 petat]

313 1997 353 2029 In
385 1998 434 2029 his
461 2007 589 2036 quoque
619 1996 727 2027 ironia
755 2000 813 2026 aut
830 1996 927 2035 jocus
949 1999 1012 2031 est,

311 2041 374 2071 etsi
397 2039 578 2076 obscurior,
595 2046 632 2068 ut
650 2038 780 2078 opinor,
796 2038 830 2068 in
847 2036 1013 2078 potentio-

313 2092 375 2118 res,
392 2083 503 2122 quales
518 2081 703 2121 Pompeius,
719 2082 841 2115 Caesar,
863 2080 1011 2115 Crassus,

311 2125 367 2165 qui
383 2126 429 2155 ita
443 2126 476 2155 in
491 2128 655 2164 potestate
677 2122 838 2153 haberent
858 2121 1011 2155 honores,

309 2174 350 2197 ut
366 2168 525 2207 imperare
539 2166 662 2207 potius,
679 2173 777 2205 quam
792 2168 903 2205 petere
926 2162 1013 2193 vide-

312 2215 439 2240 rentur.

353 2254 393 2282 82
414 2256 452 2282 ut
473 2261 537 2282 non
557 2245 1005 2289 minus-quamfactomm]

309 2293 406 2325 Nova
431 2294 549 2324 ironia.
594 2293 714 2323 Sensus
742 2294 805 2326 est,
829 2291 855 2319 si
877 2290 950 2328 jam
971 2289 1009 2319 de

309 2337 400 2366 fama
414 2341 472 2366 aut
494 2336 559 2367 alio
578 2333 676 2364 modo
701 2333 776 2368 scit,
799 2331 1010 2362 consulatum

303 2378 376 2417 jain
391 2379 425 2408 in
438 2378 561 2408 multos
574 2386 677 2407 annos
690 2374 843 2415 privatim
857 2385 877 2404 a
890 2377 1008 2413 poten-

309 2421 449 2451 tioribus
474 2420 537 2450 illis
563 2428 631 2449 esse
659 2417 860 2456 adsignatos,
892 2415 1008 2454 quibus

308 2463 423 2498 velint,
438 2466 477 2492 ut
487 2463 515 2493 ei
529 2471 600 2502 spes
611 2459 802 2490 consulatus
817 2459 851 2488 in
863 2457 1010 2498 permul-

307 2510 360 2536 tos
376 2513 480 2536 annos
496 2504 628 2534 ademta
649 2503 704 2532 sit.
743 2500 836 2532 Fasti
850 2500 1010 2531 codicillo-

308 2557 386 2579 rum
400 2552 480 2577 sunt
494 2545 570 2576 fasti
587 2544 718 2585 privati.

351 2592 391 2620 83
414 2589 469 2620 De
485 2587 612 2626 Natta]
638 2597 668 2616 v.
685 2585 806 2617 Clavis.

351 2634 392 2663 84
413 2634 441 2662 si
455 2631 565 2670 cupiat
579 2627 741 2668 effugere]
766 2627 909 2666 Nempe,
924 2635 942 2656 e
958 2628 1008 2657 te.

308 2674 417 2705 nebris
430 2672 627 2706 domesticiS,
644 2671 676 2700 in
692 2670 808 2708 quibus
823 2669 918 2705 latet,
932 2678 1005 2708 pre.-

308 2720 420 2746 mente
437 2715 585 2750 domino,
599 2713 634 2743 in
649 2712 771 2747 lucem,
788 2716 825 2741 nt
845 2711 885 2741 ab
899 2710 1006 2740 omni-

306 2758 367 2789 bus
393 2757 456 2797 legi
480 2756 594 2797 possit.
618 2757 738 2795 poema
762 2753 890 2783 videtur
905 2751 1005 2781 intel-

305 2800 378 2840 ligi,
394 2799 479 2839 quod
494 2799 532 2829 de
546 2796 742 2837 temporibus
755 2796 823 2825 suis
836 2794 976 2834 scripsit.

349 2845 389 2873 85
413 2842 452 2872 de
480 2840 518 2872 F.
547 2840 589 2870 L.
619 2838 705 2879 quod
733 2847 826 2867 eram
855 2836 1001 2875 eoeaeirsus]

305 2884 435 2926 Nempe
464 2883 576 2924 paullo
605 2884 697 2919 ante,
727 2889 802 2911 cum
830 2878 870 2909 de
899 2878 1006 2909 Natta

1055 1793 1115 1813 scri
1143 1792 1182 1813 si.

1097 1794 1140 1856 83
1160 1824 1240 1865 quid
1260 1825 1314 1861 sit,
1341 1824 1426 1864 quod
1443 1832 1477 1855 se
1496 1834 1519 1854 α
1536 1833 1588 1853 me
1602 1819 1753 1863 removit]

1055 1867 1269 1897 Scribendum
1287 1868 1433 1897 remorit.

1096 1912 1134 1942 87
1159 1919 1238 1939 num
1255 1918 1385 1939 censum
1400 1908 1581 1948 impediant
1597 1906 1672 1946 &c.]
1691 1907 1755 1938 Re-

1054 1952 1124 1991 cepi
1140 1961 1216 1981 cum
1232 1950 1304 1981 aliis
1319 1951 1559 1981 correctionem
1574 1950 1691 1980 veteris
1707 1949 1753 1980 le·

1055 1994 1174 2024 ctionis
1213 1994 1416 2032 impendant.
1476 1992 1540 2023 Sed
1575 2001 1626 2023 res
1655 1990 1757 2022 habet

1055 2035 1300 2066 difficultatem.
1319 2044 1397 2065 nam
1421 2044 1564 2065 censores
1578 2040 1652 2065 tum
1669 2034 1754 2065 nulli

1054 2078 1157 2115 fuere,
1187 2082 1222 2108 et
1250 2077 1382 2107 demum
1412 2087 1444 2108 a.
1470 2078 1509 2109 V.
1539 2077 1577 2107 C.
1599 2079 1674 2110 703.
1714 2077 1754 2108 C.

1056 2119 1216 2150 Marcello
1232 2124 1266 2149 et
1283 2119 1321 2149 L.
1337 2118 1454 2149 Paullo
1475 2118 1663 2149 consulibus
1679 2123 1754 2158 post

1055 2162 1192 2202 longum
1209 2161 1422 2191 intervallum
1438 2161 1539 2191 creati
1553 2165 1644 2191 sunt.
1686 2161 1755 2191 lta-

1055 2214 1117 2243 que
1141 2204 1270 2234 videtur
1288 2203 1351 2233 hoc
1376 2203 1540 2243 pertinere
1555 2202 1596 2233 ad
1619 2202 1755 2232 comitia

1052 2246 1199 2276 creandis
1215 2246 1403 2276 censoribus
1420 2243 1643 2285 impedienda:
1665 2244 1753 2283 quod

1051 2288 1163 2319 diebus
1173 2287 1327 2319 vitiandis
1335 2288 1384 2318 fit.
1396 2287 1511 2318 deinde
1524 2286 1615 2317 addit
1627 2286 1666 2317 de
1676 2296 1754 2317 een·

1052 2339 1128 2360 sura
1143 2331 1213 2370 ipsa
1227 2330 1392 2366 universa,
1416 2339 1459 2359 an
1479 2339 1551 2360 eam
1573 2338 1618 2359 sc.
1634 2327 1752 2359 tollere

1052 2372 1123 2411 lege
1138 2373 1172 2402 in
1189 2372 1300 2403 animo
1310 2371 1468 2408 habeant,
1479 2376 1538 2401 aut
1551 2376 1694 2406 mutare,
1711 2370 1752 2400 li-

1053 2415 1188 2444 mitibus
1206 2413 1297 2444 novis
1314 2412 1630 2448 circumscribendis,
1655 2412 1751 2451 quale

1053 2456 1130 2495 quid
1146 2456 1268 2487 fecerat
1285 2457 1355 2495 lege
1373 2456 1513 2494 quadam
1531 2454 1676 2486 Clodius.
1693 2453 1749 2484 sed

1053 2505 1165 2529 tamen
1187 2508 1240 2538 ep.
1271 2501 1318 2528 ll.
1347 2497 1495 2527 Censores
1510 2499 1750 2526 memorantur.

1050 2550 1093 2571 an
1108 2540 1179 2571 haec
1191 2545 1250 2571 aut
1262 2540 1320 2571 illa
1331 2538 1470 2579 epistola
1481 2539 1614 2569 demum
1627 2538 1751 2578 scripta

1050 2586 1111 2618 est,
1132 2592 1206 2613 cum
1224 2591 1374 2612 censores
1394 2581 1527 2611 essent?
1553 2579 1596 2610 cf.
1620 2590 1670 2620 ep.
1700 2583 1749 2614 17.

1051 2624 1114 2655 Pro
1141 2625 1249 2655 diebus
1271 2623 1439 2659 vitiandis,
1462 2622 1549 2661 quod
1564 2626 1614 2652 est
1635 2632 1652 2652 e
1676 2631 1748 2652 cor-

1049 2667 1194 2697 rectione
1221 2666 1373 2703 Victorii,
1403 2669 1439 2695 et
1467 2664 1612 2695 Manutii
1638 2663 1672 2693 in
1696 2663 1748 2694 ed.

1054 2712 1144 2740 1540.
1158 2709 1214 2748 qui
1229 2712 1343 2739 tamen
1369 2711 1443 2747 post
1463 2706 1582 2736 maluit
1598 2704 1747 2745 injicien-

1048 2752 1110 2788 dis,
1124 2751 1146 2781 i.
1159 2761 1188 2781 e.
1204 2748 1450 2784 intercalandis‚
1466 2748 1553 2787 quod
1567 2748 1600 2778 in
1619 2747 1681 2778 Ms.
1697 2757 1748 2778 re-

1048 2798 1177 2834 pererat
1190 2792 1374 2829 initiandis,
1393 2795 1432 2820 ut
1447 2790 1503 2820 alii
1523 2798 1598 2830 post
1613 2790 1648 2820 in
1664 2789 1748 2820 aliis.

1047 2841 1082 2865 at
1109 2835 1281 2865 initiandis
1309 2833 1435 2864 habent
1461 2841 1576 2864 omnes
1604 2831 1676 2864 edd.
1699 2841 1749 2873 pr.

1048 2877 1158 2917 placet
1173 2876 1333 2908 correctio
1346 2874 1487 2907 Graevio.
