1940 3231
315 131 392 164 454
727 124 905 163 EPIST.
937 125 1018 162 AD
1048 124 1335 168 ATTICUM,

317 243 417 271 cum
439 236 677 281 accusator,
698 238 916 285 tamquam
948 243 1100 270 censor
1129 230 1283 281 bonus,
1313 227 1509 270 homines
1542 225 1752 282 nequissi-

318 301 412 327 mos
444 286 664 342 rejiceret:
697 301 807 338 reuS,
845 297 1063 343 tamquam
1101 286 1287 328 clemens
1325 286 1493 336 lanista,
1516 282 1751 339 frugalissi-

318 356 438 385 mum
460 358 673 399 quemque
695 353 958 396 secerneret3
991 353 1037 384 ut
1061 344 1244 400 primum
1260 343 1431 399 judices
1452 342 1754 391 consederunt,

321 400 444 441 valde
465 401 658 442 diffidere
685 401 788 442 boni
811 411 1054 457 coeperunt.
1089 416 1173 442 non
1207 401 1322 442 enim
1351 413 1552 456 umquam
1588 399 1755 453 turpior

322 458 367 499 in
389 458 489 499 ludo
512 458 660 499 talario
679 473 902 499 consessus
924 457 1022 499 fuit.
1042 459 1245 500 maculosi
1270 467 1499 507 senatores,
1513 456 1616 497 nudi
1635 455 1756 510 equi-

323 527 402 566 teS,
436 515 598 556 tribuni
631 530 718 556 non
752 525 839 557 tam
871 516 1006 567 aerati,
1038 530 1182 570 quam,
1212 525 1260 556 ut
1294 514 1577 571 appellantur,
1600 513 1757 555 aerarii.

324 573 453 629 pauci
476 582 618 613 tamen
657 573 758 614 boni
792 574 972 624 inerant,
993 587 1100 628 quos
1132 572 1367 628 rejectione
1398 571 1548 627 fugare
1578 570 1648 612 ille
1669 584 1757 611 non

328 639 552 686 potuerat3
584 630 654 685 qui
678 631 818 671 maesti
841 630 952 670 inter
978 630 1041 670 sui
1064 630 1306 681 dissimiles,
1328 638 1371 670 et
1392 637 1618 671 maerentes
1640 627 1759 668 sede-

330 689 446 737 bant,
481 697 523 727 et
558 688 872 743 74c0ntagione
908 687 1186 743 turpitudinis
1225 687 1499 728 vehementer
1537 699 1761 742 permove-

325 744 498 785 bantur.
521 743 607 795 hic,
634 755 682 785 ut
709 759 892 800 quaeque
926 759 990 784 res
1023 745 1074 784 ad
1097 744 1322 785 consilium
1344 747 1384 777 75
1404 743 1550 798 primis
1573 741 1762 798 postula-

329 801 519 843 tionibus
550 801 826 852 referebatur,
849 801 1111 842 incredibilis
1141 811 1233 842 erat
1253 801 1469 851 severitas,
1491 799 1606 841 nulla
1628 800 1764 840 varie-

329 870 418 900 tate
451 859 784 900 sententiarum:
816 857 924 898 nihil
957 858 1208 913 impetrarat
1242 872 1362 900 reus:
1396 857 1489 913 plus
1522 855 1765 898 accusatori

329 916 527 966 dabatur,
569 930 696 971 quam
743 915 1010 970 postulabat:
1061 914 1357 969 triumphabat
1393 915 1516 970 (quid
1560 914 1767 970 quaeris?)

332 972 593 1014 Hortensius
616 987 659 1013 se
691 972 847 1014 vidisse
880 981 1073 1013 tantum:
1106 986 1232 1012 nemo
1255 980 1360 1022 erat,
1382 973 1454 1026 qui
1487 972 1606 1015 illum
1632 987 1767 1024 reum,

331 1046 383 1072 ac
416 1045 500 1071 non
540 1029 693 1071 millies
725 1030 1059 1071 condemnatum
1094 1029 1386 1070 arbitraretur.
1418 1043 1488 1069 me
1521 1045 1620 1072 vero
1659 1039 1768 1071 teste

333 1088 560 1145 producto,
583 1088 711 1129 credo
734 1097 790 1138 te,
812 1087 854 1121 76
865 1101 919 1127 ex
943 1085 1252 1128 acclamatione
1275 1085 1418 1127 Clodii
1444 1087 1769 1140 advocatorum,

334 1145 517 1195 audisse,
535 1159 633 1199 quae
655 1144 947 1186 consurrectio
972 1143 1171 1198 judicum
1195 1142 1310 1184 facta
1333 1143 1401 1194 sit,
1424 1153 1472 1184 ut
1494 1159 1563 1186 me
1584 1145 1769 1187 circum-

335 1203 545 1252 steterint,
571 1211 617 1242 ut
647 1211 794 1258 aperte
818 1200 975 1257 jugula
1007 1216 1082 1241 sua
1118 1215 1194 1256 pro
1225 1214 1321 1241 meo
1354 1201 1496 1256 capite
1530 1202 1580 1243 P.
1613 1201 1769 1245 Clodio

336 1260 607 1302 ostentarint.
645 1274 742 1315 quae
773 1259 881 1299 mihi
914 1273 978 1299 res
1012 1258 1147 1298 multo
1180 1257 1535 1300 honorificentior
1567 1259 1659 1301 visa
1692 1270 1772 1313 est,

336 1332 465 1373 quam
486 1327 560 1357 aut
582 1315 665 1367 illa,
687 1331 786 1359 cum
807 1316 954 1371 jurare
983 1318 1021 1349 77
1041 1316 1102 1356 tui
1122 1314 1237 1356 cives
1261 1315 1556 1357 Xenocratem
1580 1317 1774 1360 testimo-

337 1375 457 1416 nium
480 1375 695 1415 dicentem
717 1374 1057 1429 prohibuerunt;
1089 1382 1162 1413 aut
1184 1386 1280 1413 cum
1303 1372 1468 1414 tabulas
1488 1373 1657 1415 Metelli
1680 1375 1775 1416 Nu-

340 1432 504 1482 midici,
526 1445 625 1472 cum
647 1430 730 1482 hae,
751 1441 798 1472 ut
820 1445 912 1471 mos
933 1440 1012 1480 est,
1031 1429 1420 1481 circumferrentur,
1444 1432 1579 1472 nostri
1602 1431 1774 1487 judices

342 1489 532 1545 aspicere
560 1488 803 1529 noluerunt.
831 1487 969 1528 multo
1003 1487 1111 1537 haec,
1134 1487 1323 1541 inquam,
1356 1496 1504 1528 nostra
1534 1503 1599 1530 res
1620 1489 1774 1545 major.

343 1545 706 1601 Itaquejudicum
726 1545 920 1596 vocibus,
942 1559 1041 1586 cum
1059 1558 1141 1600 ego
1160 1544 1220 1585 sic
1239 1545 1293 1585 ab
1317 1544 1382 1596 iis,
1406 1553 1453 1585 ut
1474 1544 1584 1587 salus
1609 1547 1776 1602 patriae,

344 1602 608 1653 defenderer,
632 1602 792 1644 fractus
816 1617 926 1652 reus,
947 1611 990 1643 et
1011 1616 1096 1642 una
1121 1601 1289 1657 patroni
1312 1617 1459 1643 omnes
1478 1603 1778 1649 conciderunt.

301 1668 333 1698 b.
347 1660 396 1701 ad
423 1675 491 1701 me
511 1671 655 1701 autem
677 1660 825 1700 eadem
852 1659 1094 1715 frequentia
1124 1659 1331 1715 postridie
1351 1661 1570 1713 convenit,
1592 1677 1779 1718 quacum

346 1718 493 1759 abiens
526 1717 750 1758 consulatu
784 1732 877 1757 sum
912 1718 1087 1758 domum
1120 1716 1335 1757 reductus.
1371 1716 1554 1759 clamare
1585 1721 1780 1775 praeclari

346 1774 633 1831 Ariopagitae,
657 1789 700 1815 se
721 1790 806 1815 non
831 1789 922 1815 esse
945 1785 1160 1824 venturos,
1180 1773 1263 1814 nisi
1295 1774 1498 1829 praesidio
1525 1779 1781 1821 constituto.

348 1832 530 1874 refertur
561 1832 612 1872 ad
644 1832 900 1872 consilium:
936 1846 1017 1871 una
1050 1830 1139 1871 sola
1171 1832 1383 1884 sententia
1415 1833 1664 1887 praesidium
1693 1851 1782 1878 non

350 1889 624 1930 desideravit.
643 1889 832 1930 defertur
849 1903 912 1929 res
926 1889 976 1929 ad
992 1898 1209 1939 senatum3
1229 1889 1480 1944 gravissime
1492 1892 1784 1935 ornatissime-

351 1962 434 2003 que
455 1946 724 1988 decernitur:
758 1945 984 1987 laudantur
1005 1943 1204 2001 judices:
1236 1947 1361 1986 datur
1393 1948 1617 2002 negotium
1648 1952 1785 2006 magi-

350 2005 576 2046 stratibus:
597 2018 897 2060 responsurum
919 2003 1135 2044 hominem
1159 2018 1284 2043 nemo
1304 2002 1606 2046 arbitrabatur.
1637 2009 1788 2051 ‘'Eo-mere

351 2067 399 2100 νῦν
424 2079 481 2112 μοι
511 2067 648 2112 μοῦσαι,
681 2064 794 2103 ὅππως
825 2060 861 2101 83,
892 2065 1018 2114 πξῶτον
1049 2066 1114 2113 πῧξ
1144 2060 1272 2112 {fimo-e.
1299 2061 1411 2100 nosti
1442 2063 1482 2094 73
1500 2061 1699 2116 Calvum,
1728 2080 1786 2108 ex

354 2115 618 2157 Nanneianis
656 2115 787 2163 illum,
820 2115 938 2155 illum
967 2113 1230 2156 laudatorem
1264 2132 1421 2169 meum,
1452 2118 1505 2159 de
1534 2120 1657 2174 cujus
1691 2137 1786 2164 ora-

355 2172 472 2215 tione
512 2187 614 2229 erga
658 2187 728 2215 me
775 2170 1015 2214 honorifica
1052 2172 1106 2213 ad
1150 2182 1191 2215 te
1227 2175 1493 2231 scripseram.
1544 2177 1674 2220 biduo
1713 2194 1789 2237 per

356 2320 460 2351 mines
483 2321 600 2361 optimi
623 2321 839 2361 rejicerentur
861 2320 901 2351 ab
926 2330 991 2358 ren,
1009 2330 1050 2351 ne

356 2365 443 2393 inter
455 2364 579 2403 judices
593 2371 713 2394 essent.

399 2408 440 2438 74
453 2407 643 2444 contagione
657 2405 886 2446 turpitudinis]
903 2406 999 2446 Quod
1010 2406 1053 2436 ti-

358 2447 506 2484 mebant,
523 2458 563 2478 ne
588 2454 623 2478 et
648 2449 720 2488 ipsi,
748 2448 898 2478 absoluto
924 2448 1052 2486 Clodio,

359 2490 393 2519 in
409 2490 578 2520 infamiam
595 2491 814 2530 corruptionis
829 2491 989 2521 venirent.

402 2535 442 2565 75
459 2533 580 2572 primis
589 2532 874 2572 poslulationibus]
895 2533 979 2563 Cum
994 2532 1054 2563 ali-

1094 2321 1160 2351 cati
1177 2321 1283 2352 Clodii
1300 2322 1530 2361 reclamarent,
1548 2328 1581 2355 et
1597 2325 1790 2358 Ciceronem

1094 2368 1214 2394 testem
1243 2365 1465 2405 repudiarent.
1523 2366 1586 2397 Sed
1613 2377 1654 2398 ez·
1679 2369 1791 2409 paullo

1095 2406 1208 2436 durius
1223 2412 1283 2436 est.

1138 2451 1177 2482 77
1201 2450 1251 2478 tui
1263 2449 1360 2489 cives]
1385 2450 1618 2483 Athenienses:
1641 2463 1721 2492 quos
1747 2455 1793 2485 ci-

1096 2499 1150 2521 ves
1164 2491 1267 2521 Attici
1282 2497 1390 2528 vocat,
1408 2493 1494 2532 quod
1520 2494 1576 2524 ille
1597 2496 1731 2526 amabat
1746 2497 1792 2527 A-

1097 2532 1297 2570 thenienses,
1312 2534 1398 2564 unde
1414 2542 1449 2565 et
1464 2535 1595 2566 Atticus
1609 2537 1728 2568 dictus.

360 2574 437 2613 quid
461 2580 587 2615 peteret
613 2586 633 2605 a
661 2582 801 2615 praetore
833 2581 868 2605 et
888 2575 1055 2614 judicibus

362 2622 452 2652 ante,
469 2626 564 2655 quam
589 2626 686 2647 causa
707 2617 889 2654 dicebatur,
911 2617 997 2655 quod
1016 2617 1057 2648 ad

362 2659 521 2696 agendam
547 2669 677 2689 causam
700 2660 865 2699 pertinere
881 2660 1056 2690 videretur.

361 2701 495 2739 quidam
520 2700 643 2732 habent
663 2702 896 2741 petitionibu53
920 2712 992 2741 quae
1007 2707 1058 2733 est

362 2743 480 2781 glossa.

404 2786 445 2818 76
477 2795 517 2815 ez·
545 2786 780 2816 acclamatione
807 2787 1054 2827 advocatorum]

360 2826 438 2857 Non
457 2827 578 2867 pendet
598 2828 639 2859 ab
661 2830 801 2865 audisse,
814 2829 870 2859 sed
884 2829 1056 2869 conjungi-

361 2877 417 2899 tur
441 2879 516 2901 cum
531 2873 747 2903 consurrectio
755 2870 793 2911 s.
818 2882 844 2902 s.
861 2882 936 2903 cum
960 2871 1056 2902 advo-

1140 2577 1180 2609 78
1209 2575 1356 2611 Calvum,
1379 2587 1420 2606 ez·
1443 2577 1654 2608 Nanneianis
1679 2580 1792 2621 illum]

1099 2617 1148 2647 M.
1163 2618 1330 2655 Crassum,
1344 2619 1383 2649 de
1399 2620 1491 2659 cujus
1513 2620 1663 2650 laudibus
1678 2621 1714 2651 in
1739 2623 1794 2653 Ci-

1100 2668 1251 2690 ceronem
1267 2661 1430 2700 congestis
1445 2670 1543 2702 supra
1556 2663 1698 2702 scripsit.
1719 2663 1796 2695 Cal-

1100 2710 1158 2731 vus
1171 2703 1350 2742 perjocum
1365 2703 1497 2740 dicitur,
1507 2705 1597 2743 quia,
1613 2714 1687 2734 cum
1699 2705 1794 2737 Nan-

1100 2744 1166 2774 neii
1192 2754 1212 2774 a
1235 2744 1327 2775 Sulla
1350 2746 1524 2786 proscripti
1551 2747 1638 2776 bona
1663 2748 1796 2780 emisset

1100 2796 1159 2826 per
1186 2791 1426 2826 procuratores,
1457 2789 1491 2818 in
1520 2788 1642 2818 tabulis
1670 2791 1799 2822 curavit

1098 2828 1207 2866 scribi,
1236 2839 1276 2860 ea
1299 2829 1386 2860 bona
1407 2834 1498 2860 emta
1518 2830 1647 2861 Licinio
1667 2832 1768 2864 Calvo
1783 2845 1792 2862 ς

1101 2880 1177 2902 nam
1191 2875 1225 2903 et
1240 2871 1358 2903 Licinii
1373 2871 1465 2904 Calvi
1481 2872 1580 2904 fuere.
