1940 3231
320 126 400 162 650
735 120 918 160 ΕΡ18Τ.
946 120 1026 159 AD
1051 118 1333 165 ATTICUM,

316 226 551 284 profectus.
588 225 780 268 volueras
822 226 935 268 enim
973 241 1040 267 me
1078 240 1176 268 cum
1209 224 1277 266 M.
1321 221 1530 265 Considio
1544 237 1750 321 Kroprae-

317 296 411 326 tore
432 284 502 326 illa
525 286 700 340 negotia
724 285 844 326 tueri.
907 283 1017 325 Cum
1041 298 1091 325 eo
1116 283 1339 331 venissem,
1365 280 1448 321 vidi
1468 279 1518 321 T.
1588 281 1750 335 inpium

317 342 530 384 delectum
569 342 725 382 habere
759 341 1101 396 diligentissime,
1133 342 1186 381 ab
1209 354 1259 381 eo
1293 338 1487 394 accipere
1523 338 1747 389 Libonem,

317 415 484 441 summa
523 400 625 440 item
656 398 894 453 diligentia,
926 409 968 438 et
999 399 1039 438 in
1079 397 1149 438 illa
1181 397 1350 438 colonia
1380 395 1650 436 auctoritate.
1689 393 1750 436 fui

318 457 497 514 Capuae,
519 455 661 511 quoad
683 455 892 496 consules.
925 456 1094 504 iterum,
1123 464 1171 495 ut
1193 463 1281 495 erat
1304 455 1467 493 dietum
1488 453 1542 493 ab
1564 451 1751 493 consuli-

317 515 412 565 bus,
434 513 529 555 veni
555 512 749 567 Capuam
769 512 821 553 ad
843 512 989 553 Nonas
1015 511 1215 553 Februar.
1237 526 1335 552 eum
1356 509 1530 551 fuissem
1549 509 1751 559 triduum,

316 572 458 626 recepi
482 583 550 610 me
585 569 794 610 Formias.
856 569 985 610 Nunc
1007 569 1121 623 quod
1146 578 1266 610 tuum
1295 566 1536 617 eonsilium,
1558 577 1631 607 aut
1652 580 1750 621 quae

316 629 427 670 ratio
463 626 564 667 belli
601 626 670 677 sit,
694 626 862 682 ignoro.
896 626 929 666 si
954 627 1180 667 tenendam
1210 626 1319 667 hanc
1351 639 1467 667 oram
1494 633 1631 681 putaS‚
1653 637 1751 678 quae

316 695 359 726 et
381 684 750 740 opportunitatem
773 684 806 714 5¹
825 693 868 724 et
889 683 1145 739 dignitatem
1170 683 1315 734 habet,
1336 693 1380 724 et
1400 683 1596 738 egregios
1620 681 1752 730 cives,

316 751 374 793 et,
398 751 446 782 ut
467 741 666 793 arbitror,
689 741 824 781 teneri
855 750 1023 796 potest,
1055 755 1163 797 opus
1185 749 1249 781 est
1270 753 1374 791 esse,
1396 740 1469 795 qui
1496 739 1655 794 praesit.
1686 737 1753 778 sin

316 799 462 840 omnia
483 798 527 839 in
551 812 683 839 unum
704 798 848 839 locum
871 798 1164 839 contrahenda
1185 808 1308 848 sunt;
1352 811 1434 837 non
1458 796 1625 847 dubito,
1647 794 1754 850 quin

317 855 371 896 ad
401 864 443 897 te
475 855 621 896 statim
654 856 845 896 veniam:
878 868 962 911 quo
1000 855 1106 895 mihi
1139 854 1246 895 nihil
1279 853 1468 909 optatius
1500 862 1588 895 est:
1622 852 1752 907 idque

315 921 476 963 tecum,
498 927 584 968 quo
606 912 675 953 die
697 913 751 953 ab
774 913 878 953 urbe
905 912 1191 961 discessimus,
1215 911 1380 952 loeutus
1410 925 1518 951 sum.
1580 909 1690 966 Ego,
1715 908 1749 950 si

318 970 387 1011 cui
427 970 567 1011 adhue
601 969 749 1011 videor
782 971 954 1025 segnior
986 969 1131 1019 fuisse,
1153 969 1254 1009 dum
1285 982 1336 1009 ne
1371 967 1449 1008 tibi
1485 967 1641 1017 videar,
1666 981 1752 1007 non

316 1027 491 1070 laboro:
525 1036 566 1068 et
589 1036 747 1078 tamen,
771 1027 822 1077 si,
846 1037 892 1067 ut.
918 1027 1055 1078 video,
1079 1025 1235 1068 bellum
1263 1024 1495 1080 gerendum
1517 1035 1595 1075 est,
1617 1023 1754 1064 eonfi-

277 1077 306 1108 b.
319 1084 374 1125 do
405 1099 473 1125 me
509 1084 709 1125 omnibus
739 1083 865 1125 facile
897 1083 1231 1125 satisfacturum.
1268 1082 1335 1123 M.
1371 1080 1575 1132 Tullium,
1608 1095 1751 1121 meum

318 1142 618 1193 necessarium,
656 1141 709 1183 ad
744 1151 785 1183 te
817 1141 941 1183 misi:
975 1141 1044 1183 cui
1080 1150 1141 1193 tu,
1164 1140 1198 1182 si
1231 1139 1313 1181 tibi
1348 1138 1575 1190 videretur,
1597 1138 1651 1179 ad
1682 1151 1751 1178 me

320 1199 482 1241 litteras
503 1199 638 1240 dares.

385 1288 484 1330 CN.
517 1287 782 1330 MAGNUS
814 1286 1088 1385 PROqcifl')
1107 1287 1151 1328 S.
1186 1285 1244 1328 D.
1275 1284 1343 1327 M.
1376 1283 1684 1327 CICERONI
1719 1282 1722 1285 ’

996 1354 1012 1384 l
1095 1376 1104 1385 .

321 1401 375 1453 S.
410 1413 464 1454 V.
504 1413 556 1454 B.
589 1412 639 1455 E.
670 1412 784 1455 Tuas
816 1412 979 1454 litteras
1008 1412 1191 1453 libenter
1224 1411 1325 1467 legi.
1366 1409 1600 1466 recognovi
1635 1409 1749 1453 enim

321 1479 441 1511 tuam
473 1471 699 1526 pristinam
723 1471 924 1512 virtutem
954 1470 1085 1510 etiam
1104 1469 1147 1510 in
1171 1468 1305 1509 salute
1337 1467 1573 1510 communi.
1634 1467 1752 1509 Con-

321 1528 431 1568 sules
456 1528 506 1570 ad
532 1543 630 1569 eum
662 1528 915 1577 exercitum,
938 1541 1065 1583 quem
1093 1527 1136 1567 in
1170 1525 1329 1581 Apulia
1362 1525 1507 1576 habui,
1531 1534 1753 1566 venerunt.

321 1584 596 1641 {Magnopere
614 1595 657 1626 te
681 1585 841 1636 hortor,
864 1599 941 1641 pro
965 1594 1039 1625 tuo
1062 1583 1265 1639 singulari
1288 1592 1580 1638 perpetuoque
1610 1582 1753 1623 studio

320 1642 366 1683 in
400 1643 724 1698 rempublicam,
747 1651 796 1684 ut
827 1654 869 1682 te
891 1642 941 1682 ad
966 1656 1042 1682 nos
1072 1639 1291 1691 conferas,
1323 1650 1370 1680 ut
1398 1640 1616 1680 communi
1649 1640 1754 1681 con-

325 1699 422 1740 silio
463 1699 711 1755 reipublicae
751 1699 924 1740 afflictae
965 1713 1091 1754 opem
1132 1709 1260 1752 atque
1301 1696 1510 1737 auxilium
1551 1695 1753 1737 feramus.

323 1771 494 1821 censeo,
527 1757 596 1799 via
625 1755 770 1813 Appia
793 1756 873 1799 iter
904 1755 1050 1808 facias,
1075 1764 1118 1796 et
1150 1754 1342 1796 celeriter
1374 1753 1651 1795 Brundisium
1684 1768 1757 1796 ve·-

320 1828 429 1856 nias.

355 1891 424 1934 M.
457 1891 692 1935 CICERO
724 1892 858 1934 IMP.
891 1893 934 1934 S.
970 1891 1027 1933 D.
1062 1890 1160 1933 CN.
1194 1890 1426 1932 MAGNO
1459 1888 1721 1931 PROCOS.

323 1948 472 2003 CUM
502 1962 554 2003 ad
587 1972 629 2002 te
660 1961 822 2002 litteras
854 1961 1080 2011 misissem,
1116 1974 1212 2014 quae
1247 1959 1326 2000 tibi
1367 1958 1543 1999 Canusii
1577 1957 1754 2000 redditae

323 2028 437 2070 sunt,
476 2019 764 2075 suspicionem
804 2017 963 2058 nullam
998 2017 1225 2067 habebam,
1265 2026 1306 2057 te
1343 2015 1591 2071 reipublicae
1627 2030 1758 2056 causa

320 2090 440 2118 mare
474 2076 778 2127 transiturum,
817 2089 1016 2130 eramque
1047 2075 1090 2115 in
1111 2089 1184 2129 spe
1208 2088 1380 2129 magna,
1403 2073 1509 2123 fore,
1531 2082 1578 2113 ut
1599 2072 1641 2113 in
1667 2072 1756 2113 Ita-

320 2133 378 2175 lia
414 2148 636 2189 possemus
672 2142 747 2174 aut
778 2133 1052 2173 concordiam
1091 2132 1366 2182 constituere,
1401 2145 1486 2185 qua
1509 2129 1614 2170 mihi
1647 2129 1755 2170 nihil

321 2190 469 2233 utilius
493 2191 731 2240 videbatur,
765 2201 839 2230 aut
872 2188 1181 2245 rempublicam
1218 2202 1383 2229 summa
1414 2202 1511 2228 cum
1541 2186 1756 2241 dignitate

319 2247 564 2289 defendere.
597 2248 784 2298 interim,
805 2247 996 2287 nondum
1031 2247 1134 2287 meis
1157 2246 1308 2286 litteris
1331 2245 1384 2285 ad
1417 2254 1458 2285 te
1481 2243 1668 2300 perlatis,
1699 2258 1755 2285 ex

321 2305 391 2347 his
413 2305 639 2357 mandatis,
663 2319 759 2360 quae
781 2303 838 2345 D.
861 2303 993 2345 Laelio
1016 2305 1067 2345 ad
1091 2303 1285 2345 consules
1307 2302 1497 2353 dederas,
1513 2302 1670 2342 certior
1691 2301 1754 2342 tui

323 2363 492 2405 consilii
518 2362 671 2413 factus,
693 2376 779 2402 non
814 2361 1079 2417 exspectavi,
1101 2361 1202 2401 dum
1225 2360 1331 2401 mihi
1365 2374 1390 2400 a
1413 2368 1454 2399 te
1485 2359 1640 2400 litterae
1663 2358 1756 2400 red-

322 2420 538 2471 derentur,
560 2418 874 2474 confestimque
906 2433 1004 2460 cum
1029 2418 1196 2465 Quinto
1229 2417 1372 2468 fratre,
1395 2425 1438 2456 et
1474 2430 1570 2457 cum
1610 2415 1754 2456 liberis

321 2478 479 2518 nostris
502 2479 582 2518 iter
599 2477 651 2518 ad
675 2485 716 2517 te
739 2477 781 2517 in
799 2475 1001 2531 Apuliam
1026 2476 1165 2516 faeere
1184 2475 1316 2530 coepi.
1349 2487 1445 2515 cum
1469 2472 1662 2514 Teanum
1687 2472 1753 2513 Si-

322 2533 515 2575 dicinum
538 2534 764 2585 venissem,
795 2532 847 2574 C.
872 2532 1074 2583 Messius,
1101 2532 1323 2573 familiaris
1357 2540 1469 2580 tuus,
1492 2529 1598 2570 mihi
1627 2530 1754 2580 dixit,

324 2590 482 2646 aliique
503 2590 758 2646 complureS,
782 2590 997 2632 Caesarem
1020 2591 1100 2631 iter
1120 2590 1275 2630 habere
1298 2588 1508 2643 Capuam,
1526 2596 1569 2627 et
1587 2601 1638 2627 eo
1661 2587 1754 2643 ipso

198 2678 224 2697 0,
245 2647 395 2698 127‚die
418 2662 664 2689 mansurum
686 2661 776 2688 esse
810 2647 1015 2688 Eserniae.
1077 2647 1188 2688 Sane
1210 2660 1302 2687 sum
1324 2654 1592 2697 commotus;
1623 2644 1756 2700 quod,

283 2717 313 2738 a.
328 2705 362 2746 si
384 2706 446 2746 ita
465 2713 590 2756 esset,
614 2719 696 2745 non
720 2704 850 2745 modo
871 2704 952 2745 iter
974 2718 1115 2751 meum
1138 2702 1430 2752 interclusum,
1453 2701 1524 2742 sed
1547 2701 1759 2758 meipsum

326 2762 451 2819 plane
471 2771 702 2818 exceptum
726 2762 945 2818 putabam.
977 2761 1121 2816 itaque
1144 2771 1235 2801 tum
1259 2759 1382 2801 Cales
1405 2758 1607 2815 processi,
1625 2768 1674 2800 ut
1694 2758 1757 2800 ibi

346 2876 384 2907 61
401 2879 433 2908 et
446 2875 659 2918 dignitatem]
677 2874 727 2908 Ex
738 2874 819 2909 urbe
833 2875 958 2916 Capua,
973 2884 1046 2919 quae
1057 2877 1141 2916 erat,
1155 2877 1196 2907 ut
1209 2883 1307 2918 supra
1317 2873 1409 2913 dicit,
1423 2873 1514 2915 quasi
1526 2872 1631 2907 altera
1641 2872 1759 2905 Roma.
