1940 3231
717 118 928 157 LIBER
971 117 1081 157 XVI.
1552 126 1626 161 863

615 222 852 266 CICERO
882 221 1113 264 ATTICO
1152 221 1198 264 S.
1641 223 1666 258 3

178 275 271 334 TU
311 304 410 334 vero
444 292 675 349 sapienter.
706 307 824 334 nunc
861 292 1035 333 demum
1074 291 1191 333 enim
1227 290 1417 333 rescribo
1456 292 1523 334 his
1556 295 1628 336 iit-

180 350 298 400 teris,
320 365 425 405 quas
461 350 567 391 mihi
602 350 773 401 misisti,
796 358 1013 391 convento
1036 348 1232 391 Antonio
1267 347 1436 390 Tiburi.
1460 351 1630 405 sapien-

180 417 246 448 ter
287 407 436 463 igitur,
478 407 647 463 ‘Aquod
688 422 842 449 manus
884 407 1057 458 dedisti,
1096 407 1300 463 quodque
1341 407 1472 448 ctiam
1515 407 1628 449 ultro

181 464 342 520 gratias
380 464 523 521 egisti.
556 475 672 505 certe
705 466 837 516 enim,
875 473 920 506 nt
957 465 1124 515 scribis,
1154 464 1449 505 &deseremur
1483 465 1628 520 potius

182 536 207 561 a
229 522 463 578 republica,
486 536 615 576 quam
639 538 663 562 a
690 537 734 563 re
764 522 980 563 familiari.
1004 523 1120 576 quod
1145 537 1244 563 vero
1277 521 1429 562 scribis
1464 530 1506 562 te
1536 536 1629 563 ma-

184 578 251 634 gis
292 589 336 619 et
376 579 515 634 magis
554 580 827 631 26delectari,
867 594 894 620 o
937 593 1052 620 'riTE
1091 593 1133 621 s1
1177 593 1299 632 Quin
1343 593 1468 621 Eoo:
1506 580 1673 621 addisb·

180 636 290 677 mihi
323 636 539 677 scribendi
573 637 854 679 alacritatem.
916 636 1047 683 Quod
1081 637 1258 678 Erotem
1293 651 1379 678 non
1414 637 1505 678 sine
1534 652 1630 678 mu-

181 692 362 734 nusculo
396 707 650 750 exspectare
684 695 821 746 dicis;
853 694 1036 750 gaudeo,
1060 709 1147 735 non
1181 693 1383 735 fefellisse
1416 708 1511 735 eam
1538 709 1629 736 rem

180 750 433 806 opinionem
469 761 613 794 tuam:
647 753 718 794 sed
753 762 896 793 tamen
933 752 1044 793 idem
1079 754 1261 803 σὺντοιγμοι
1297 752 1393 792 misi
1422 753 1474 793 ad
1500 762 1541 793 te
1566 768 1630 794 re-

181 809 423 859 tractatius,
447 818 489 849 et
512 810 685 864 quidem
717 812 904 864 ἀρχέτυπον
936 809 1094 865 ipsum,
1117 809 1278 849 crebris
1309 808 1415 849 locis
1441 810 1631 851 inculca-

183 874 275 906 tum
311 875 356 906 et
390 866 614 908 refectum.
648 867 765 908 hunc
800 875 845 906 tu
882 866 1083 907 tralatum
1127 865 1170 905 in
1209 866 1501 908 macrocolum
1534 867 1630 924 lege

179 937 339 964 arcano
372 924 568 966 convivis
599 925 710 966 tuis:
743 923 831 973 sed,
855 922 889 963 si
925 938 994 964 me
1024 937 1157 973 amaS,
1180 921 1327 964 hilaris
1352 933 1396 966 et
1418 925 1527 966 bene
1560 940 1632 966 ac-

180 981 335 1036 ceptis,
358 994 412 1022 ne
435 982 478 1022 in
501 996 570 1023 me
602 981 874 1023 stomachum
907 989 1150 1036 erumpant,
1174 994 1274 1022 cum
1304 982 1390 1022 sint
1412 983 1493 1023 tibi
1516 982 1631 1024 irati.

185 1037 255 1079 De
287 1038 514 1091 Cicerone,
538 1039 664 1080 velim
687 1040 749 1080 ita
781 1037 851 1088 sit,
874 1047 923 1078 ut
953 1039 1166 1079 audimus.
1228 1037 1298 1079 De
1330 1039 1535 1092 Xenone,
1557 1055 1632 1082 co-

181 1110 273 1137 ram
311 1111 603 1152 cognoscam:
635 1109 898 1152 quamquam
937 1095 1047 1137 nihil
1084 1096 1139 1137 ab
1173 1109 1224 1136 eo
1267 1096 1453 1138 arbitror
1489 1112 1632 1154 neque

183 1153 476 1210 indiligenter,
509 1168 650 1210 neque
691 1152 970 1195 illiberaliter.
1031 1152 1101 1194 De
1143 1151 1336 1205 Herode,
1371 1153 1543 1206 faciam,
1582 1165 1632 1197 ut

183 1211 388 1253 mandas:
420 1221 463 1253 et
497 1226 562 1264 ea,
583 1227 682 1267 quae
718 1210 886 1262 scribis,
908 1225 962 1252 ex
999 1210 1190 1262 Saufeio,
1213 1219 1257 1251 et
1288 1226 1312 1252 e
1346 1211 1536 1253 Xenone
1557 1228 1632 1254 co-

182 1282 408 1323 gnoscam.
470 1268 539 1311 De
573 1268 632 1317 Q.
655 1269 760 1320 filio,
783 1268 952 1325 gaudeo
988 1268 1070 1309 tibi
1105 1281 1222 1309 meas
1258 1268 1422 1310 litteras
1458 1271 1575 1327 prius
1605 1285 1632 1312 a

183 1325 410 1367 tabellario
434 1341 546 1379 meo,
569 1341 701 1383 quam
734 1326 788 1369 ab
827 1326 938 1383 ipso,
962 1326 1148 1367 redditas
1168 1343 1178 1368 ε
1210 1340 1472 1382 quamquam
1501 1336 1543 1369 te
1565 1328 1633 1369 ni-

182 1382 247 1425 hil
277 1383 514 1426 fefellisset.
539 1393 851 1426 verumtamen.
884 1383 957 1425 sed
988 1395 1211 1440 exspectO,
1234 1384 1338 1439 quid
1369 1385 1440 1426 ille
1470 1394 1632 1437 tecum,

184 1441 289 1496 quid
323 1451 368 1483 tu
395 1442 609 1485 vicissim:
641 1457 722 1484 nec
756 1441 925 1493 dubito,
947 1441 1052 1497 quin
1089 1456 1167 1482 suo
1198 1456 1317 1482 more
1339 1452 1535 1498 uterque.
1558 1443 1634 1485 sed

182 1512 254 1539 eas
277 1499 441 1541 litteras
460 1499 641 1541 Curium
661 1499 768 1541 mihi
791 1514 915 1554 spero
940 1499 1230 1541 redditurum:
1254 1499 1533 1555 quiquidem,
1551 1502 1634 1542 etsi

183 1570 261 1612 per
282 1571 326 1598 se
346 1567 412 1598 est
433 1557 646 1609 amabilis,
669 1574 694 1599 a
715 1571 870 1612 meque
906 1556 1130 1612 diligitur-3
1163 1566 1307 1598 tamen
1338 1558 1506 1599 accedit
1542 1573 1633 1599 ma-

182 1629 295 1671 gnus
320 1615 516 1657 cumulus
547 1614 939 1657 commendationis
969 1622 1072 1655 tuae.
1135 1614 1311 1655 Litteris
1334 1616 1418 1656 tuis
1443 1616 1545 1656 satis
1568 1630 1634 1657 re-

183 1687 390 1728 sponsum
414 1681 503 1715 est:
535 1688 652 1715 nunc
673 1673 789 1725 audi,
811 1672 943 1727 quod,
967 1672 1046 1713 etsi
1080 1671 1278 1728 intelligo
1307 1673 1434 1714 scribi
1461 1687 1634 1715 necesse

183 1744 271 1771 non
303 1745 409 1782 esse,
433 1731 576 1773 scribo
607 1741 768 1772 tamen.
832 1729 978 1771 Multa
1001 1744 1071 1770 me
1092 1739 1270 1771 movent
1293 1730 1337 1771 in
1360 1731 1565 1782 discessu,
1588 1731 1633 1773 in

180 1787 333 1843 primis
365 1788 623 1840 mehercule,
646 1788 762 1844 quod
793 1787 1000 1844 dijungor
1022 1802 1047 1828 a
1077 1796 1134 1829 te.
1167 1796 1314 1829 movet
1348 1789 1479 1829 etiam
1512 1790 1635 1830 navi-

183 1845 375 1902 gationis
404 1846 541 1898 labor,
563 1846 726 1888 alienus
762 1860 850 1887 non
883 1846 937 1887 ab
972 1854 1102 1887 aetate
1125 1845 1264 1886 solum
1300 1855 1460 1896 nostra,
1484 1861 1635 1888 verum

185 1904 316 1945 etiam
346 1919 372 1945 a
398 1904 640 1960 dignitate;
672 1914 929 1961 tempusque
960 1903 1172 1944 discessus
1204 1903 1537 1945 subabsurdum.
1569 1919 1636 1946 re·

185 1959 421 2017 linquimus
456 1962 575 2004 enim
607 1976 776 2019 pacem,
808 1970 854 2003 ut
893 1960 945 2002 ad
985 1960 1144 2002 bellum
1179 1969 1466 2013 revertamur3
1497 1963 1636 2017 quod-

187 2033 270 2074 que
294 2019 501 2076 temporis
527 2019 571 2061 in
603 2019 822 2076 praediolis
844 2018 1017 2069 nostriS,
1039 2027 1084 2060 et
1104 2017 1214 2060 belle
1238 2018 1480 2071 aedificatis,
1502 2029 1547 2060 et
1568 2035 1637 2061 sa-

186 2077 242 2117 tis
265 2077 450 2118 amoenis
473 2078 670 2119 consumi
694 2077 853 2135 potuit,
876 2077 918 2118 in
943 2076 1293 2133 peregrinatione
1322 2077 1634 2119 consumimus.

185 2134 467 2176 consolantur
489 2134 600 2177 haec.
630 2145 706 2177 aut
726 2137 766 2171 27
781 2134 1050 2191 proderimus
1081 2133 1244 2190 aliquid
1277 2133 1511 2177 Ciceroni:
1544 2145 1635 2188 aut,

186 2200 399 2248 quantum
423 2192 574 2249 profici
597 2193 749 2249 possit,
765 2192 1079 2248 judicabimus.
1095 2192 1252 2233 deinde
1271 2200 1317 2233 tu
1334 2191 1444 2248 jam,
1467 2201 1517 2234 ut
1539 2208 1636 2250 spe-

186 2264 249 2301 ro,
272 2260 315 2291 et
339 2262 386 2291 ut
408 2250 642 2306 promittiS,
664 2251 819 2293 aderis.
840 2250 958 2306 quod
979 2249 1156 2305 quidem
1179 2250 1214 2291 si
1241 2250 1463 2302 acciderit,
1488 2251 1635 2292 omnia
1647 2261 1768 2299 p.253.

185 2308 314 2349 nobis
345 2318 472 2349 erunt
501 2308 693 2350 meliora.
755 2307 956 2350 Maxime
986 2317 1133 2349 autem
1163 2322 1232 2349 me
1261 2308 1386 2365 angit
1406 2309 1516 2350 ratio
1538 2309 1677 2350 reli-³·

187 2380 373 2422 quorum
395 2380 616 2408 meorum:
647 2381 745 2422 quae
768 2380 1031 2422 quamquam
1063 2365 1283 2422 explicata
1319 2374 1444 2418 sunt;
1476 2376 1637 2418 tamen,

188 2423 304 2480 quod
327 2432 370 2465 et
395 2422 635 2466 Dolabellae
660 2438 819 2466 nomen
845 2425 890 2467 in
921 2424 973 2465 iis
1005 2432 1084 2475 est,
1107 2427 1147 2455 28
1158 2433 1202 2464 et
1223 2423 1509 2466 attributione
1526 2424 1637 2467 mihi

231 2600 273 2631 24
293 2599 379 2638 quod
392 2609 511 2631 manus
525 2599 655 2640 dedisti]
673 2599 807 2630 Cessisti
822 2598 890 2630 An·
976 2598 1019 2629 26
1039 2597 1196 2629 delectari
1221 2608 1238 2629 o
1264 2596 1338 2630 Ttte
1361 2599 1440 2640 &c.]
1469 2599 1570 2631 Libro
1597 2599 1638 2631 de

190 2641 285 2672 tonio
308 2642 342 2672 in
367 2651 400 2672 re
426 2642 617 2680 Buthrotia,
640 2643 703 2674 etsi
721 2643 891 2682 jacturam
934 2646 1117 2678 senectute,
1145 2643 1237 2682 cujus
1263 2642 1397 2673 initium
1425 2648 1476 2674 est
1505 2643 1546 2674 ab
1574 2642 1637 2673 hoe

190 2683 271 2716 facis
287 2693 454 2723 magnam.
937 2684 1108 2715 versiculo.

234 2728 276 2758 25
298 2726 485 2757 deseremur
493 2728 604 2767 potius
619 2726 694 2766 &c.]
722 2726 795 2757 Hoc
811 2736 892 2766 quo·
977 2729 1017 2760 27
1035 2726 1245 2766 proderimus
1257 2736 1290 2757 α.
1311 2725 1470 2767 Ciceroni]
1496 2727 1581 2758 Cum
1595 2727 1641 2757 Α-

193 2768 291 2799 modo
306 2778 383 2799 eum
404 2770 609 2808 praecedente
632 2770 809 2807 cohaerea't,
826 2779 894 2800 non
936 2767 1054 2799 thenas
1063 2769 1269 2799 venerimus:
1287 2769 1410 2799 namin
1421 2769 1583 2799 Graeciam
1594 2769 1641 2799 ire

194 2811 360 2851 intelligo.
404 2811 457 2842 An
473 2813 603 2852 scripsit
618 2813 893 2843 Cicer0:desere-
938 2811 1097 2851 parabat:
1128 2811 1340 2842 incitabimus
1371 2812 1462 2842 enim
1494 2810 1642 2842 studium

196 2863 274 2884 mur
283 2855 393 2893 potius
406 2864 427 2885 a
442 2865 479 2886 re
487 2853 677 2896 familiari,
692 2864 792 2895 quam
807 2865 829 2886 α
843 2864 895 2887 re·
938 2853 1083 2885 discendi
1097 2853 1275 2894 praesentia
1291 2857 1416 2884 nostra.

136 2906 137 2909 ¹
189 2897 338 2936 publica.
981 2897 1020 2928 28
1044 2901 1075 2928 et
1097 2897 1310 2928 attributione
1330 2906 1375 2928 m.
1390 2896 1525 2928 nomina
1546 2896 1640 2936 igno·
