1940 3231
685 157 902 197 LIBER
946 157 1053 196 vm.
1515 163 1592 198 645

151 272 264 315 quae,
287 276 521 318 numquam
545 262 686 314 timui,
716 276 771 304 ne
803 263 1021 315 viderem3
1057 275 1137 303 nec
1165 260 1409 303 mehercule
1444 264 1592 314 istum,

150 327 328 374 propter
347 335 475 376 quem
498 320 603 361 mihi
626 333 713 360 non
737 319 867 361 modo
888 320 1010 372 meis,
1041 318 1114 361 sed
1135 328 1297 361 memet
1325 319 1421 376 ipso
1445 335 1592 363 caren-

150 375 251 416 dum
276 386 354 418 est.
413 377 483 418 Ad
507 376 793 419 Philotimum
817 377 968 434 scripsi
991 377 1044 418 de
1076 377 1251 428 viatico,
1274 377 1364 417 sive
1385 379 1424 406 38
1440 391 1465 417 a
1487 377 1590 418 Mo-

148 441 263 485 neta,
284 438 430 487 (nemo
450 433 565 474 enim
587 432 751 485 solvit,)
774 434 864 477 sive
883 436 938 477 ab
963 433 1135 492 OppiiS,
1159 435 1244 476 tuis
1270 433 1593 477 contubernali-

147 490 242 532 bus.
263 494 306 525 39
317 500 459 532 cetera
479 491 679 547 apposita
701 492 781 534 tibi
803 493 1036 535 mandabo.

577 580 815 642 CICERO
844 581 1075 625 ATTICO
1106 582 1152 624 S.
1600 572 1626 610 3

146 635 196 690 Ο
221 645 359 688 REM
382 655 566 704 turpem,
589 659 632 691 et
653 664 704 691 ea
724 665 769 692 re
790 651 1015 692 miseram!
1048 651 1109 693 sic
1129 648 1246 693 enim
1278 649 1433 702 sentio,
1451 649 1495 691 id
1516 649 1592 691 de-

142 719 277 756 mum,
309 713 384 746 aut
413 707 559 761 potius
591 708 636 748 id
669 708 809 749 solum
841 723 933 749 esse
972 707 1190 761 miserum,
1212 707 1328 763 quod
1363 716 1489 764 turpe
1519 707 1590 750 sit.

143 760 322 803 Aluerat
345 761 588 807 Caesarem:
621 765 806 807 eundem
838 774 1016 822 repente
1049 767 1199 808 timere
1229 774 1453 822 coeperat:
1485 780 1591 808 con-

141 818 352 861 ditionem
383 822 503 876 pacis
533 822 692 864 nullam
717 823 944 880 probarat:
977 823 1087 865 nihil
1116 824 1170 865 ad
1202 822 1362 864 bellum
1393 832 1587 878 pararat:

139 876 291 918 urbem
312 876 566 934 reliquerat:
597 883 639 911 40
659 880 870 923 Picenum
901 881 1103 923 amiserat
1131 880 1283 937 culpa,
1314 880 1359 921 in
1380 879 1588 936 Apuliam

139 947 184 974 se
214 945 517 993 compegerat:
550 938 643 979 ibat
674 939 719 980 in
750 938 995 981 Graeciam:
1029 953 1178 981 omnes
1210 953 1289 979 nos
1316 942 1585 994 ἁπςοσφωνῆτκς,

139 1001 339 1048 expertes
371 994 436 1035 sui
462 995 587 1047 tanti,
612 1005 701 1037 tam
735 996 931 1037 inusitati
954 996 1140 1048 consilii,
1169 995 1455 1051 relinquebat.
1484 1010 1586 1037 ecce

139 1049 286 1092 subito
308 1050 463 1093 litterae
499 1052 688 1095 Domitii
721 1053 774 1095 ad
810 1053 945 1105 illum,
980 1054 1115 1110 ipsius
1135 1056 1173 1084 41
1190 1053 1244 1094 ad
1268 1053 1479 1095 consules.
1502 1052 1587 1094 ful-

139 1106 244 1148 sisse
274 1108 382 1149 mihi
416 1109 643 1152 videbatur
674 1118 710 1154 τὸ
729 1119 832 1154 καλὸν
853 1111 906 1153 ad
941 1111 1090 1153 oculos
1116 1110 1227 1166 ejuS,
1256 1119 1301 1151 et
1320 1110 1585 1152 exclamasse

138 1162 210 1206 ille
231 1165 310 1218 vir,
333 1166 408 1222 qui
430 1181 522 1208 esse
543 1168 709 1222 debuit,

395 1242 480 1293 Πςὸς
496 1240 573 1278 ’τέ-θ’
591 1241 620 1286 δ’,
639 1259 671 1279 τι
690 1242 766 1295 χςῆ,
786 1243 846 1280 καὶ
864 1241 1123 1291 παλαμάσθω,

395 1295 465 1330 Καὶ
483 1292 582 1331 πάντ’
601 1294 651 1332 ἐπ’
669 1294 737 1344 ἐμοὶ
755 1294 998 1333 τεκταινέσθω,

396 1347 443 1381 Τὸ
462 1346 530 1398 γὰρ
549 1343 584 1384 εὖ
600 1346 674 1397 μετ’
693 1347 767 1396 {ch.

135 1423 182 1457 at
211 1413 281 1456 ille
317 1413 413 1466 tibi,
446 1418 567 1456 mmai
584 1418 709 1471 χαίρειν
727 1421 774 1468 τῷ
789 1420 887 1470 aaz&
916 1415 1080 1468 dicens,
1114 1415 1258 1474 pergit
1288 1413 1585 1458 Brundisium.

135 1472 382 1514 Domitium
405 1481 550 1513 autem
572 1472 708 1523 aiunt,
731 1487 776 1513 re
797 1473 959 1525 audita,
981 1482 1025 1515 et
1047 1488 1135 1527 eos,
1157 1474 1231 1530 qui
1254 1488 1340 1515 una
1361 1481 1517 1524 essent,
1541 1487 1586 1514 se

133 1529 373 1571 tradidisse.
396 1545 422 1571 o
444 1543 534 1570 rem
556 1529 808 1586 lugubrem!
842 1531 989 1587 itaque
1020 1531 1284 1573 intercludor
1306 1531 1469 1584 dolore,
1494 1544 1583 1586 quo

131 1587 274 1629 minus
296 1587 348 1629 ad
372 1596 415 1629 te
435 1587 558 1643 plura
580 1587 781 1628 scribam.
804 1597 900 1629 tuas
921 1588 1086 1630 litteras
1102 1598 1326 1647 exspecto.

570 1676 808 1720 CICERO
838 1677 1070 1720 ATTICO
1103 1678 1148 1720 S.
1591 1671 1621 1714 9

127 1737 171 1766 ⁴²
190 1733 562 1787 EPISTOLAM
604 1761 746 1789 meam
780 1748 896 1803 quod
939 1746 1239 1804 pervulgatam
1277 1745 1429 1788 scribis
1469 1760 1577 1797 esse,

125 1818 214 1845 non
248 1803 340 1845 fero
374 1803 568 1845 moleste.
600 1804 706 1860 quin
736 1806 868 1846 etiam
900 1805 994 1862 ipse
1025 1805 1171 1846 multis
1201 1804 1300 1846 dedi
1328 1803 1577 1846 describen-

127 1862 244 1904 dam.
265 1876 316 1902 ea
336 1861 452 1903 enim
474 1871 519 1902 et
540 1862 792 1903 acciderunt
816 1863 912 1919 jam
934 1872 978 1904 et
1008 1862 1276 1920 impendent,
1298 1870 1347 1902 ut
1368 1870 1574 1902 testatum
1586 1875 1621 1908 b.

126 1933 218 1960 esse
240 1919 383 1971 velim,
405 1919 459 1960 de
484 1933 588 1976 pace
609 1920 715 1975 quid
742 1920 962 1962 senserim.
983 1936 1082 1962 cum
1105 1929 1249 1961 autem
1282 1920 1335 1961 ad
1358 1933 1453 1960 eam
1474 1918 1577 1960 hor-

127 1985 255 2028 tarer,
277 1991 376 2018 eum
409 1978 651 2033 praesertim
682 1977 922 2030 hominem,-
942 1993 1028 2020 non
1052 1978 1229 2019 videbar
1250 1976 1336 2018 ullo
1358 1976 1489 2017 modo
1512 1975 1579 2017 fa-

126 2034 251 2075 cilius
284 2043 494 2086 moturus,
517 2049 647 2090 quain
681 2035 715 2076 si
750 2035 809 2088 id,
831 2036 946 2092 quod
977 2050 1076 2077 eum
1112 2036 1320 2086 hortarer,
1343 2033 1577 2075 convenire

123 2091 218 2147 ejus
241 2091 466 2147 sapientiae
497 2092 699 2134 dicerem.
722 2107 816 2134 eam
849 2094 883 2135 si
906 2092 1191 2135 admirabilem
1221 2092 1329 2144 dixi,
1352 2106 1451 2132 cum
1473 2105 1575 2133 eum

121 2149 176 2191 ad
199 2149 381 2191 salutem
404 2149 556 2205 patriae
576 2152 617 2180 43
630 2150 855 2203 hortabar3
887 2166 974 2193 non
1006 2166 1100 2192 sum
1123 2150 1300 2202 veritus,
1322 2164 1376 2190 ne
1406 2149 1574 2190 viderer

122 2207 358 2259 assentari3
389 2207 459 2248 eui
482 2206 556 2248 tali
579 2206 623 2248 in
646 2222 690 2248 re
722 2207 921 2250 lubenter
950 2223 1019 2250 me
1051 2209 1105 2250 ad
1136 2208 1264 2265 pedes
1298 2206 1573 2262 abjecissem.

121 2264 227 2312 Qua
247 2275 392 2306 autem
411 2273 491 2317 est,
513 2263 676 2321 aliq-zeid
694 2265 904 2321 impertias
924 2266 1138 2322 temporis;
1168 2280 1256 2307 non
1277 2274 1342 2306 est
1363 2264 1417 2306 de
1446 2278 1570 2320 pace,

160 2381 202 2411 38
217 2389 241 2410 α
254 2378 405 2419 Moneta]
423 2378 472 2409 Ex
496 2378 627 2410 officina
642 2390 820 2411 numorum
862 2380 1004 2412 cendum
1018 2381 1130 2417 fuisse,
1145 2381 1240 2421 cujus
1253 2378 1351 2420 culpa
1367 2378 1524 2410 amiserit.

117 2421 357 2459 cudendorum,
373 2431 446 2462 quae
467 2426 540 2452 erat
561 2422 602 2452 ad
617 2423 719 2453 aedem
745 2423 820 2454 Μο-

117 2469 219 2503 netae,
235 2474 279 2495 se.
303 2475 362 2506 pro
376 2468 516 2504 argento
530 2474 598 2495 non
620 2465 751 2504 signato
765 2476 821 2506 pe-

116 2507 219 2538 tendo
244 2508 387 2547 signato.
411 2517 505 2537 nemo
525 2508 613 2537 enim
634 2508 740 2545 solvit,
764 2508 821 2548 qui

116 2549 199 2580 mihi
213 2550 323 2587 debet,
338 2554 378 2580 ut
399 2550 441 2581 ab
455 2550 495 2580 iis
511 2554 623 2590 petere
645 2550 821 2591 pecuniam

137 2601 249 2624 ossrm.

113 2602 135 2633 P
157 2637 198 2669 39
212 2639 322 2666 cetera
335 2635 484 2676 apposita
497 2635 556 2665 tibi
579 2634 640 2674 m.]
669 2634 817 2666 Offendit

115 2687 170 2708 me
192 2677 328 2708 verbum
357 2678 517 2718 apposita.
547 2679 599 2707 vix
626 2677 723 2708 credo
747 2687 817 2708 esse

115 2730 137 2750 a
151 2720 328 2752 Cicerone:
349 2720 375 2749 is
397 2721 444 2750 sic
464 2729 532 2750 non
553 2719 645 2758 dicit,
666 2730 743 2751 eum
766 2729 816 2750 res

115 2762 312 2792 necessarias
333 2763 515 2802 exprimere
539 2762 622 2793 vult.
667 2763 701 2793 Si
725 2766 775 2794 est
797 2773 818 2793 a

114 2804 287 2841 Cicerone,
299 2805 477 2844 significat,
498 2804 549 2835 his
572 2806 751 2845 conjuncta
764 2805 816 2837 vel

112 2846 247 2882 similia,
262 2851 302 2877 ut
315 2847 354 2877 de
369 2847 442 2878 Inv.
459 2847 506 2884 11,
522 2850 573 2878 50.

155 2892 198 2919 40
214 2889 378 2919 Picenum
391 2890 550 2920 amiserat
561 2888 673 2929 culpa]
691 2889 743 2920 An
757 2888 814 2921 ad-

116 2931 260 2964 dendum
282 2941 365 2964 sua:
389 2941 466 2964 nam
481 2936 596 2964 tamen
616 2932 746 2964 videtur
766 2932 817 2963 di-

903 2426 943 2454 41
960 2424 1008 2454 ad
1020 2423 1176 2463 consules]
1198 2423 1332 2454 Malunt
1346 2422 1406 2452 viri
1418 2421 1506 2453 docti
1523 2422 1571 2453 ad

863 2468 1038 2503 consulem,
1055 2476 1100 2496 sc.
1114 2466 1310 2502 Lentulum,
1324 2464 1365 2495 ad
1376 2474 1472 2504 quem
1487 2466 1569 2496 scri-

863 2509 963 2548 psisse
979 2509 1093 2540 Cicero
1107 2508 1227 2539 diserte
1250 2512 1374 2538 narrat.
1418 2507 1569 2538 Fortasse

862 2550 984 2591 plurali
1004 2560 1080 2581 usus
1103 2556 1154 2581 est
1176 2561 1194 2581 e
1215 2560 1318 2582 more.
1343 2549 1384 2580 ad
1407 2549 1568 2581 Consules

861 2593 976 2624 scribit
990 2594 1025 2624 in
1041 2603 1074 2624 re
1085 2593 1230 2634 publiea,
1242 2592 1297 2633 qui
1312 2592 1353 2623 ad
1368 2601 1474 2623 unum
1485 2593 1568 2624 scri-

857 2635 919 2666 bit.

900 2680 943 2709 42
965 2676 1153 2719 Epistolam
1176 2676 1300 2717 meam]
1325 2676 1376 2709 Ad
1401 2675 1564 2708 Caesarem

859 2729 904 2751 sc.
919 2721 959 2751 de
975 2731 1040 2761 qua
1054 2730 1152 2761 supra
1167 2731 1219 2762 ep.
1235 2722 1267 2753 2.

900 2765 942 2794 43
951 2763 1124 2803 hortabar]
1138 2763 1271 2794 Frustra
1281 2763 1429 2793 Graevius
1441 2770 1459 2790 e
1471 2759 1562 2791 libris

858 2805 925 2836 suis
939 2808 1092 2837 hortarer
1107 2806 1235 2847 probat.
1250 2806 1326 2844 quia
1340 2814 1415 2835 cum
1431 2806 1561 2843 tempo-

859 2848 902 2878 ris
925 2848 992 2879 vim
1011 2849 1124 2886 habet,
1140 2848 1298 2880 hortabar
1319 2846 1425 2878 dicere
1448 2844 1562 2877 debuit

859 2890 985 2923 Cicero.

798 2979 913 3016 'rt3
