1940 3231
713 123 924 163 LIBER
961 123 1034 163 IX.
1526 129 1603 165 665

162 230 346 274 ercitus:
369 230 581 288 eripiebat
599 228 860 285 Hispanias:
885 228 1059 269 tenebat
1077 224 1241 278 Asiam,
1261 226 1469 279 Siciliam,
1486 228 1609 276 Afri-

160 304 273 340 cam,
293 288 558 331 Sardiniam:
580 285 808 329 confestim
830 285 871 325 in
890 284 1108 326 Graeciam
1130 286 1479 340 persequebatur.
1499 302 1605 329 eun-

163 347 268 387 dum
292 347 424 402 igitur
444 356 522 397 est,
547 359 623 385 nec
647 352 734 384 tam
757 353 806 384 ut
826 342 942 393 belli,
961 356 1090 398 quam
1113 351 1159 382 ut
1183 341 1300 397 fugae
1325 358 1429 382 soen
1456 344 1605 386 simus.

161 418 244 445 nec
274 404 390 445 enim
422 402 529 444 ferre
559 411 711 457 potero
743 414 959 442 sermones
985 400 1181 450 istorum,
1204 400 1466 454 quicumque
1490 411 1603 442 sunt.

161 475 252 502 non
285 471 385 502 sunt
415 459 530 500 enim
564 467 694 507 certe,
724 468 772 500 ut
809 456 1092 514 appellantur,
1126 457 1245 498 boni.
1273 457 1343 498 sed
1382 470 1523 498 tamen
1560 459 1604 499 id

161 518 307 574 ipsum
333 518 439 558 scire
459 516 605 572 cupio,
626 515 728 571 quid
761 515 1018 571 loquantum
1052 514 1180 569 idque
1205 525 1252 556 ut
1275 517 1493 569 exquiras,
1518 530 1606 556 me-

163 590 250 630 que
285 574 511 616 certiorem
549 572 696 624 facias,
737 584 778 613 te
816 573 1093 630 vehementer
1134 586 1254 628 rogo,
1317 572 1410 613 Nos
1448 572 1605 623 adhuc,

162 632 267 687 quid
301 631 519 672 Brundisii
551 640 695 672 actum
727 639 853 681 esset,
877 630 1001 686 plane
1023 631 1343 671 nesciebamus.
1377 645 1475 671 cum
1500 630 1607 671 scie-

162 703 273 740 mus,
302 699 392 729 tum
424 703 478 730 ex
512 703 555 730 re
586 697 631 730 et
663 703 716 730 ex
754 700 948 744 tempore
986 687 1215 730 consilium
1248 690 1500 744 capiemus;
1533 688 1607 729 sed

162 755 334 787 utemur
357 756 446 787 tuo.

604 828 840 871 CICERO
871 827 1100 870 ATTICO
1134 828 1179 869 S.
1620 832 1650 870 3

162 884 441 940 DOMITII
483 899 594 940 filius
633 900 804 941 transiit
843 899 1037 940 Formias
1079 913 1189 940 vm.
1231 897 1298 939 Id.
1338 912 1512 939 currens
1552 897 1606 939 ad

161 965 346 997 matrem
380 956 626 1012 Neapolim,
650 957 842 1012 mihique
873 956 1059 997 nuntiari
1085 956 1233 1011 jussit,
1259 966 1424 1012 patrem
1453 956 1505 996 ad
1540 970 1609 996 ur-

162 1012 261 1055 bem
285 1028 402 1066 esse3
433 1028 532 1055 cum
557 1014 610 1055 de
640 1029 691 1055 eo
724 1014 892 1055 curiose
914 1013 1138 1068 quaesisset
1162 1027 1308 1055 servus
1333 1025 1476 1054 noster
1500 1012 1609 1055 Dio-

165 1072 327 1127 nysius.
343 1086 419 1112 nos
443 1080 583 1112 autem
609 1072 894 1121 audieramus,
912 1085 1011 1111 eum
1033 1071 1276 1126 profectum
1294 1085 1383 1111 Sive
1405 1072 1456 1111 ad
1479 1070 1610 1111 Pom-

163 1129 325 1182 peium,
349 1130 438 1170 sive
470 1131 513 1170 in
548 1129 822 1186 Hispaniam.
847 1129 888 1169 id
920 1128 1163 1183 cujusmodi
1189 1128 1257 1179 sit,
1282 1128 1389 1168 scire
1412 1143 1512 1169 saue
1539 1144 1609 1169 ve-

162 1185 252 1227 lim.
275 1201 374 1228 nam
406 1187 457 1227 ad
493 1187 549 1238 id,
572 1188 687 1242 quod
720 1186 925 1238 delibem,
960 1187 1159 1241 pertinet,
1191 1185 1226 1226 si
1259 1185 1327 1226 ille
1359 1196 1474 1225 certe
1508 1201 1608 1226 nus-

166 1257 295 1298 quam
327 1244 537 1295 discessit,
569 1244 809 1300 intelligere
842 1242 1041 1294 Cuaeum,
1066 1258 1150 1284 non
1183 1257 1274 1283 esse
1305 1242 1451 1284 faciles
1483 1245 1605 1285 *iobis
1619 1248 1651 1280 b.

165 1314 219 1341 ex
252 1300 380 1342 Italia
411 1302 570 1353 exitus,
592 1316 693 1342 cum
723 1316 773 1342 ea
794 1310 888 1341 tota
913 1301 1042 1341 armis
1075 1301 1373 1357 praesidiisque
1396 1311 1608 1353 teneatur,

163 1356 305 1400 hieme
337 1360 593 1415 praesertim.
621 1373 736 1410 nam,
771 1359 804 1399 si
838 1358 1109 1399 commodius
1143 1357 1243 1398 anui
1279 1367 1447 1413 tempus
1481 1367 1610 1411 esset,

164 1415 230 1456 vel
263 1415 401 1457 infero
434 1417 539 1457 mari
573 1416 721 1457 liceret
752 1417 830 1457 uti.
863 1431 978 1456 nunc
1009 1415 1117 1456 nibil
1151 1424 1310 1471 potest,
1333 1418 1412 1456 nisi
1439 1431 1610 1472 supero,

164 1473 346 1514 tramitti
369 1491 379 1525 ;
411 1489 497 1529 quo
530 1474 611 1515 iter
632 1475 911 1515 interclusum
935 1483 1013 1514 est.
1037 1488 1203 1528 quaeres
1224 1472 1358 1529 igitur
1376 1483 1419 1514 et
1441 1475 1494 1514 de
1518 1474 1613 1516 Do-

164 1532 289 1572 mitio
311 1541 355 1571 et
376 1532 429 1572 de
464 1531 660 1572 Lentulo.
721 1530 761 1572 A
786 1532 1019 1572 Brundisio
1043 1531 1159 1571 nulla
1181 1532 1322 1571 adnue
1346 1530 1461 1572 fama
1487 1546 1614 1574 vene-

162 1598 253 1630 rat:
287 1597 330 1629 et
363 1598 452 1629 erat
491 1589 562 1629 hic
593 1589 685 1630 dies
721 1603 791 1629 vn
835 1587 900 1629 Id.
937 1603 1024 1643 quo
1055 1588 1139 1638 die,
1169 1588 1510 1642 suspicabamur,
1539 1600 1616 1632 aut.

165 1646 304 1701 pridie
335 1646 615 1688 Brundisium
641 1647 807 1687 venisse
838 1645 1070 1687 Caesarem.
1095 1661 1192 1686 nam
1222 1645 1316 1686 Kal.
1338 1645 1468 1702 Arpis
1492 1662 1614 1688 man-

162 1713 291 1744 serat.
329 1706 401 1744 sed
440 1704 472 1744 si
516 1703 771 1745 Postumum
812 1703 960 1744 audire
993 1704 1135 1753 velles,
1180 1715 1480 1759 persecuturus
1522 1713 1615 1747 erat

165 1760 365 1803 Cnaeum.
391 1763 591 1802 transisse
618 1763 733 1803 enim
759 1761 854 1816 jam
888 1761 1083 1817 putabat,
1105 1762 1358 1815 conjectura
1383 1772 1615 1818 tempesta-

163 1828 256 1859 tum
279 1834 329 1860 ac
351 1820 531 1860 dierum.
555 1834 637 1875 ego
665 1830 816 1860 nautas
846 1833 946 1859 eum
978 1834 1063 1859 non
1099 1823 1301 1875 putabam
1339 1818 1612 1864 habiturum:

165 1876 234 1917 ille
261 1877 524 1927 confidebat,
546 1886 590 1918 et
612 1892 662 1918 eo
686 1878 839 1933 inzigiS‚
862 1877 983 1931 quod*
1004 1876 1151 1916 audita
1176 1876 1447 1917 naviculariis
1473 1879 1612 1918 bomi-

165 1934 231 1973 nis
254 1933 486 1975 liberalitas
509 1946 634 1976 esset.
658 1937 728 1976 sed
756 1944 847 1975 tota
870 1949 934 1974 res
960 1934 1223 1975 Brundisina
1247 1933 1340 1988 jum
1364 1949 1450 1989 quo
1480 1936 1612 1977 modo

165 1990 324 2032 habeat
346 2006 404 2043 se,
426 1992 589 2033 diutius
613 1993 777 2033 nescire
800 2006 885 2033 non
912 2006 1102 2048 possum.

598 2081 834 2123 CICERO
865 2081 1095 2123 ATTiCO
1128 2083 1172 2123 S.
1621 2099 1651 2135 4

166 2137 309 2192 EGO
343 2149 419 2190 etsi
462 2150 625 2191 tamdiu
664 2152 902 2205 requiesco,
936 2151 1142 2206 quamdiu
1177 2161 1251 2192 aut
1285 2151 1338 2192 ad
1373 2159 1414 2191 te
1452 2150 1611 2203 scribo,

164 2217 240 2248 aut
274 2217 367 2248 tuas
401 2208 563 2248 litteras
596 2207 719 2263 lego:
755 2218 897 2264 tamen
928 2220 970 2248 et
996 2209 1085 2263 ipse
1107 2223 1214 2264 egeo
1238 2217 1494 2263 argumento
1517 2209 1612 2264 epi-

163 2265 386 2315 stolarum,
409 2275 451 2306 et
485 2265 565 2305 tibi
599 2266 711 2306 idem
748 2265 942 2306 accidere
976 2276 1094 2305 certo
1129 2282 1232 2306 scio.
1265 2282 1362 2321 quae
1391 2268 1504 2307 enim
1542 2282 1611 2308 so-

162 2321 255 2363 luto
277 2323 423 2363 animo
452 2322 720 2364 familiariter
751 2324 879 2364 scribi
904 2322 1056 2373 solent,
1080 2325 1347 2379 temporibus
1374 2325 1437 2364 liis
1461 2329 1612 2365 citctu-

163 2380 348 2422 duntur:
383 2395 479 2435 quae
503 2392 646 2421 autem
671 2391 768 2421 sunt
803 2384 954 2422 'norum
979 2391 1238 2436 temporum,
1261 2398 1307 2422 ea
1330 2382 1424 2436 ¹jain
1447 2383 1611 2423 contri-

163 2437 319 2479 vimus.
344 2440 414 2479 sed
448 2447 605 2488 tamen,
630 2452 682 2478 ne
718 2452 786 2478 me
821 2448 960 2479 totum
996 2440 1253 2493 aegritudine
1284 2439 1452 2489 dedam,
1476 2440 1610 2481 sumsi

163 2495 269 2535 mihi
295 2495 500 2551 quasdam
528 2505 746 2551 tamquam
768 2499 881 2543 θέο-εις,
902 2511 998 2550 quae
1022 2505 1066 2536 et
1089 2496 1278 2552 politicae
1304 2507 1416 2546 sunt,
1436 2507 1477 2536 et
1503 2511 1613 2538 tesn-

167 2566 319 2608 porum
354 2553 534 2604 horum;
568 2562 614 2593 ut
645 2564 689 2594 et
721 2554 935 2594 abducam
971 2554 1161 2594 animum
1195 2555 1248 2594 ab
1272 2555 1470 2609 querelis,
1497 2570 1539 2596 et
1566 2571 1611 2596 in

165 2623 216 2650 eo
240 2611 348 2665 ipso,
371 2611 423 2651 de
446 2625 532 2666 quo
556 2611 712 2667 agitur,
736 2625 952 2652 exercear.
976 2625 1037 2651 ete
1062 2622 1160 2652 suut
1184 2611 1431 2667 hujus.1m‹n
1454 2630 1462 2654 :

216 2685 257 2719 Ei
274 2683 409 2732 μενετέον
437 2683 462 2719 ἓν
490 2685 533 2734 τῇ
559 2683 699 2735 wargida
727 2683 977 2736 τυξοιννοιμένῃ5
1011 2690 1264 2734 Τυραννουμένης
1284 2684 1311 2722 δ’
1333 2687 1442 2727 xis-57¹5,
1465 2689 1488 2721 εἰ
1507 2687 1613 2733 ταντῖ

164 2733 272 2787 τςᾶπῳ
301 2733 482 2786 τυραννίδος
509 2737 698 2773 ›amcino-n
725 2737 1013 2788 πςοιγμκτευτεόν,
1031 2738 1095 2788 κᾷν
1121 2747 1231 2789 μέλλῃ
1260 2736 1315 2774 διώ
1342 2742 1437 2775 τοῦτο
1458 2753 1527 2789 πεζι
1548 2739 1610 2791 ⁷⁶7¹?

164 2843 358 2875 Ciceronem
396 2844 438 2875 ad
478 2846 643 2876 Caesarem
691 2845 864 2877 traducere
908 2852 1098 2888 erepturum
1124 2848 1292 2888 Pompeio,
1309 2849 1402 2879 etsie
1418 2852 1538 2880 cetera.
1554 2846 1607 2880 cd.

163 2886 313 2933 yolebat:
338 2886 507 2927 eripiebat,
524 2888 675 2926 dicebat,
700 2889 864 2921 Caesarem
910 2890 1006 2923 Rom,
1025 2890 1125 2923 habet
1139 2890 1342 2922 Postumius.
