1940 3231
159 1192 190 1228 p.
209 1186 278 1219 107.

306 149 385 200 ὑπὸ
711 154 900 202 Eprsr.
927 157 1006 201 AD
1036 156 1324 208 ATTICUM,

305 264 358 305 ad
382 270 452 306 me
471 263 517 306 in
538 264 756 309 Albanum
779 268 923 310 venire
944 278 1006 310 111
1034 267 1181 309 Nonas
1202 268 1229 311 J
1234 282 1381 309 anuar.
1403 267 1492 321 sed,
1510 270 1662 311 amabo
1682 278 1738 323 te,

301 321 413 363 nihil
446 321 722 366 incommodo
745 325 992 367 valitudinis
1021 325 1187 366 feceris.
1219 325 1322 381 quid
1344 325 1457 366 enim
1481 335 1546 367 est,
1567 336 1736 369 tantum

301 378 349 420 in
387 392 486 432 uno,
523 389 598 422 aut
635 381 767 422 altero
801 383 898 424 die?
943 382 1211 423 Dolabellam
1249 383 1390 433 video,
1431 382 1568 425 Liviae
1612 393 1740 425 testa-

299 439 450 477 mento
483 443 583 479 cun'r'
615 438 783 479 dnobus
806 438 1089 480 coheredibus
1111 453 1202 480 esse
1224 440 1266 481 in
1290 440 1470 492 triente3
1504 441 1575 482 sed
1591 440 1738 496 juberi

297 495 467 535 mutare
489 502 662 536 nomen.
684 504 748 536 est
769 502 938 537 mma-mbo
957 500 1107 549 σκέμμα,
1126 506 1349 538 rectumne
1370 497 1422 538 sit
1440 498 1574 539 nobili
1596 497 1740 553 adole-

297 552 450 603 Scenti‚
473 557 639 593 mutare
671 566 828 593 nomen
860 552 1050 594 mulieris
1082 562 1355 596 testamento.
1388 554 1460 595 sed
1483 555 1526 596 id
1548 558 1735 605 97φιλοσ-ο-

295 609 434 663 &cinga
451 610 709 664 &nunquia-'opaea
733 624 832 651 cum
857 610 1055 661 sciemus,
1077 612 1117 643 98
1131 619 1339 665 quantum
1372 612 1492 667 quasi
1515 612 1571 653 sit
1592 612 1637 653 in
1659 612 1735 654 tri-

295 665 407 705 entis
431 666 599 706 triente.
660 665 789 713 Quod
813 667 972 724 putasti
998 666 1103 718 fore,
1126 674 1173 708 ut
1194 676 1309 720 ante,
1332 682 1460 724 quam
1483 669 1594 711 istuc
1618 669 1736 710 veni-

293 728 401 771 rem,
426 720 684 778 Pompeium
708 724 925 777 viderem3
954 724 1118 766 factum
1140 733 1205 765 est
1224 725 1297 766 ita.
1320 740 1420 767 nam
1445 740 1494 767 vr
1514 726 1611 768 Kal.
1629 727 1736 767 99ad

293 774 557 831 „Lavernium
579 794 648 821 me
676 793 932 823 consecutus
959 788 1037 822 est.
1061 796 1146 822 una
1169 781 1362 823 Formias
1384 783 1592 835 venimus,
1615 794 1658 824 et
1678 784 1734 825 ab

294 833 402 875 hora
434 845 589 879 octava
620 837 673 879 ad
704 852 927 895 vesperum
959 848 1122 880 secreto
1155 838 1357 880 collocuti
1381 852 1540 882 sumus.
1603 841 1735 888 Quod

293 892 466 946 quaeris,
489 907 625 949 ecqua
647 909 741 951 spes
769 896 1083 952 pacificationis
1106 895 1185 937 sit:
1218 906 1426 950 quantum
1454 910 1507 937 ex
1533 896 1732 953 Pompeii

292 948 430 990 multo
460 959 505 992 et
539 962 741 994 accurato
774 967 968 995 sermone
1002 952 1217 1009 perspexi,
1251 967 1305 993 ne
1328 952 1524 994 voluntas
1557 954 1731 1009 quidem

292 1011 372 1046 est.
392 1007 453 1048 sic
474 1008 590 1049 enim
611 1010 847 1062 existimat,
870 1011 903 1051 si
934 1010 1019 1060 ille,
1051 1010 1119 1050 vel
1151 1009 1328 1051 dimisso
1350 1010 1559 1061 exercitu,
1581 1012 1732 1054 consul

292 1062 432 1104 factus
456 1065 525 1116 sit,
547 1069 711 1120 ο-ΰιγχυο-ιν
729 1075 783 1113 τῆς
802 1071 970 1112 πολιτείαις
992 1067 1098 1108 fore.
1129 1075 1257 1122 atque
1289 1067 1418 1108 etiam
1450 1077 1586 1124 putat,
1613 1082 1728 1121 eum,

291 1128 391 1162 curn
423 1123 621 1175 audierit,
651 1130 802 1166 'contra
834 1138 878 1165 se
912 1124 1141 1182 diligenter
1172 1125 1324 1180 parari,
1347 1124 1614 1166 consulatum
1641 1125 1726 1167 hoc

292 1193 405 1219 anno
426 1180 739 1237 neglecturum,
772 1197 822 1223 ac
843 1181 988 1238 potius
1019 1181 1257 1223 exercitum
1282 1183 1633 1238 provinciamque
1662 1197 1726 1224 re-

271 1249 279 1260 ·
294 1238 525 1279 tenturum.
549 1237 613 1279 sin
632 1243 776 1280 autem
799 1239 868 1280 ille
887 1238 1069 1291 fureret3
1093 1238 1368 1280 vehementer
1386 1239 1604 1280 hominem
1622 1254 1729 1281 con-

286 1295 522 1346 temnebat,
544 1304 587 1336 et
609 1296 694 1336 suis
717 1305 760 1337 et
781 1296 1030 1352 reipublicae
1050 1296 1186 1351 copiis
1206 1293 1466 1337 confidebat.
1484 1297 1586 1351 quid
1603 1312 1722 1352 quae-

283 1351 370 1393 ris?
401 1353 480 1392 etsi
506 1352 612 1393 mihi
634 1354 785 1394 crebro
807 1359 894 1407 ξυνὸς
914 1356 1056 1398 ἐνυάλιος
1078 1354 1356 1405 occurrebat3
1388 1363 1531 1395 tamen
1553 1353 1726 1395 levabar

282 1422 400 1459 cura,
423 1409 560 1450 virum
586 1409 738 1451 fortem
764 1418 807 1451 et
829 1409 1030 1465 peritum,
1051 1418 1095 1450 et
1117 1409 1347 1466 plurimum
1372 1411 1628 1452 auctoritate
1651 1426 1723 1452 va-

280 1462 442 1506 lentem
475 1467 666 1518 audieus,
687 1473 867 1512 πολιτικῶς
901 1467 953 1507 de
984 1466 1100 1523 pacis
1124 1468 1333 1508 simulatae
1367 1468 1564 1523 periculis
1590 1469 1722 1509 disse-

281 1530 462 1564 rentem.
486 1523 749 1566 habebamus
779 1533 922 1565 autem
954 1524 996 1564 in
1025 1525 1223 1565 manibus
1246 1524 1427 1566 Antonii
1450 1526 1721 1576 concionem,

280 1578 476 1622 habitam
501 1595 530 1621 x
554 1581 653 1623 Kal.
675 1581 853 1623 Januar.
896 1581 940 1621 in
962 1595 1047 1636 qua
1075 1592 1165 1622 erat
1189 1582 1406 1623 accusatio
1427 1582 1624 1638 Pompeii
1649 1598 1719 1623 us-

279 1647 365 1692 que
397 1653 422 1678 a
452 1648 555 1695 toga
586 1654 708 1695 pura,
730 1637 901 1693 querela
926 1637 1046 1679 100de
1069 1639 1296 1690 damnatis,
1321 1649 1455 1679 terror
1475 1652 1717 1681 armorum:

277 1694 325 1734 in
349 1695 504 1750 quibus
534 1695 619 1748 ille,
641 1696 742 1751 quid
765 1710 928 1746 censeS‚
952 1696 1108 1747 aiebat,
1131 1696 1343 1737 facturum
1373 1711 1463 1736 esse
1491 1697 1646 1752 ipsum,
1676 1696 1712 1737 si

278 1750 324 1792 in
349 1753 662 1807 possessionem
685 1752 935 1809 reipublicae
960 1754 1138 1805 venerit,
1160 1768 1256 1794 cum
1278 1753 1373 1794 haec
1395 1763 1585 1809 quaestor
1606 1754 1715 1809 ejus,

277 1807 476 1851 infirmus
506 1818 551 1851 et
580 1812 720 1866 inops,
752 1810 907 1851 audeat
937 1810 1107 1853 dicere?
1138 1811 1241 1866 quid
1274 1810 1435 1852 multa?
1465 1821 1551 1851 non
1583 1811 1714 1852 modo

275 1879 365 1907 non
388 1877 591 1923 expetere
610 1880 760 1924 pacem
783 1868 925 1918 istam,
949 1868 1020 1909 sed
1040 1868 1169 1909 etiam
1195 1869 1344 1909 timere
1366 1868 1479 1909 visus
1501 1876 1579 1908 est.
1615 1871 1626 1898 ¹
1645 1867 1714 1909 Ex

275 1922 348 1964 illa
371 1933 515 1966 autem
538 1925 751 1967 sententia
773 1925 832 1965 ita
850 1924 1140 1980 relinquendae
1164 1925 1280 1966 urbis
1309 1933 1456 1966 movet
1479 1925 1713 1975 hominem,

274 1991 323 2022 ut
343 1990 464 2036 puto.
487 1981 595 2023 mihi
617 1992 761 2024 autem
785 1981 887 2023 illud
909 1983 1258 2023 molestissimum
1282 1992 1361 2032 est,
1380 1982 1494 2037 quod
1518 1981 1711 2024 solvendi

274 2043 375 2079 sunt
402 2040 522 2080 numi
545 2039 723 2091 Caesari,
746 2046 789 2080 et
812 2040 1147 2081 instrumentum
1182 2039 1389 2096 triumphi
1414 2053 1465 2080 eo
1484 2038 1710 2081 conferen-

273 2095 392 2137 duln.
411 2106 476 2137 est
494 2097 608 2138 enim
622 2101 781 2153 ἄμορφον,
799 2099 1103 2150 ἀντιπολιτευομὲνκ
1120 2098 1352 2152 χςεωφειλὲτην
1370 2111 1475 2138 eSSe.
1499 2097 1581 2138 Sed
1602 2096 1710 2148 llaec,

270 2162 316 2194 et
337 2153 473 2195 multa
495 2154 578 2196 alia
598 2167 761 2196 coram.

310 2286 352 2317 97
375 2285 614 2329 malacopan-130⁹]
639 2284 718 2316 Non
732 2283 785 2315 hic
809 2282 848 2314 de
861 2282 968 2324 philo·
1012 2283 1117 2314 vernii
1131 2283 1233 2314 etiam
1248 2282 1324 2314 alibi
1341 2284 1478 2314 mentio.

268 2325 384 2366 sophia
395 2328 623 2367 cogitandum,
636 2327 691 2358 sed
703 2330 754 2357 est
764 2327 968 2366 diligentius,
1058 2329 1116 2357 100
1138 2327 1177 2356 de
1198 2326 1379 2366 damnatis]
1405 2335 1450 2357 sc.
1472 2326 1507 2357 in
1533 2327 1707 2358 consulatu

269 2370 465 2400 accuratius.
494 2375 587 2411 patet
611 2381 629 2401 e
652 2370 802 2410 subjecta
825 2370 966 2406 ratione,
1011 2369 1080 2408 ejus
1096 2369 1209 2398 tertio.

268 2412 344 2448 qnae
364 2411 405 2442 ad
426 2413 495 2443 rem
516 2413 739 2453 pecuniariam
761 2412 918 2452 pertinet.
933 2416 967 2442 et
1056 2414 1068 2441 1
1095 2410 1155 2441 Ea·
1175 2412 1236 2441 illa
1258 2416 1370 2442 autem
1391 2411 1552 2441 sentencia
1572 2412 1623 2442 ita
1647 2414 1708 2443 rel.

262 2456 429 2493 ’φιλοσοφεῖν
461 2455 509 2485 sic
537 2455 671 2493 dicitur,
700 2463 760 2495 pro
791 2455 968 2494 diligenter
1009 2453 1113 2492 urbis]
1138 2453 1242 2484 Valde
1268 2454 1302 2484 in
1328 2453 1390 2485 hoc
1418 2453 1490 2483 loco
1513 2453 1707 2485 laborarunt

265 2496 472 2528 considerare
486 2507 567 2528 rem.
1008 2497 1067 2527 viri
1093 2495 1193 2526 docti.
1238 2496 1297 2527 Ed.
1325 2506 1373 2536 pr.
1396 2494 1493 2526 Rom.
1517 2495 1617 2525 habet
1636 2496 1704 2534 ira,

307 2540 348 2571 98
371 2535 533 2578 quantum
555 2541 597 2570 sit
621 2541 658 2569 in
680 2539 808 2570 trientis
828 2537 960 2577 triente]
1006 2538 1092 2578 quod
1120 2539 1193 2569 Asc.
1223 2538 1297 2569 Ald.
1326 2539 1383 2568 ἃς.
1409 2537 1514 2567 secuti
1540 2544 1629 2568 sunt.
1651 2538 1703 2569 ed.

264 2573 395 2620 Nempe
417 2582 443 2611 si
467 2581 640 2612 Dolabella
655 2590 722 2611 non
737 2580 847 2612 adibat
871 2581 963 2611 here-
1004 2582 1097 2611 sens.
1126 2584 1280 2611 neutrum
1307 2580 1417 2610 habet.
1441 2589 1479 2609 ex
1500 2580 1554 2608 ἱνα
1575 2579 1703 2611 factum

264 2621 418 2661 ditatem,
445 2624 532 2662 quod
559 2632 680 2654 nomen
706 2627 836 2654 mutare
858 2623 964 2654 nollet
1005 2624 1056 2654 es't
1079 2624 1141 2661 ita,
1159 2627 1197 2653 ut
1218 2627 1268 2653 est
1292 2622 1325 2652 in
1347 2631 1409 2652 scr.
1424 2621 1630 2660 quibusdam,
1645 2622 1702 2652 sed

263 2673 304 2694 ex
318 2668 534 2703 testamento,
550 2669 662 2696 tamen
677 2666 815 2696 fortasse
830 2665 963 2696 cohere-
1005 2666 1075 2696 sine
1103 2675 1210 2696 sensu.
1233 2665 1320 2704 quod
1345 2669 1457 2694 tamen
1473 2663 1634 2694 Gruterus
1650 2673 1700 2694 se-

263 2703 318 2736 des
334 2706 396 2747 ipsi
409 2706 627 2738 hereditatem
640 2707 870 2744 concederent,
880 2709 906 2738 si
919 2707 960 2738 ad
1003 2713 1099 2738 cutus
1135 2711 1197 2738 est.
1254 2705 1479 2744 Pantagathus
1515 2706 1700 2746 corrigebat

262 2758 318 2778 eos
340 2759 458 2789 parurn
475 2750 608 2788 rediret,
624 2749 798 2781 Dolabella
812 2750 853 2780 ab
868 2750 961 2781 here·
1002 2750 1083 2781 Alea
1107 2754 1217 2780 autem
1243 2749 1403 2779 sententia
1429 2758 1492 2778 non
1517 2750 1577 2779 rel.
1596 2748 1699 2786 urbis,

261 2789 366 2821 ditate
380 2792 524 2823 excluso.
1004 2792 1089 2831 quod
1106 2792 1228 2832 recepit
1249 2791 1442 2822 Lambinus.
1486 2790 1573 2820 Puto
1588 2800 1627 2820 ex
1641 2800 1700 2821 na-

303 2838 344 2868 99
368 2835 414 2864 ad
429 2833 647 2873 Lavernium]
677 2833 729 2864 Sic
744 2832 816 2864 edd.
832 2843 880 2874 pr.
893 2833 958 2864 Bo·
1000 2839 1075 2864 tum
1089 2843 1157 2864 esse
1169 2844 1186 2863 e
1202 2832 1406 2874 praecedente
1421 2836 1467 2863 est
1479 2845 1488 2861 .·
1503 2832 1697 2872 legendum-

261 2875 337 2911 sius,
349 2877 428 2910 fecit
442 2877 487 2907 L.
501 2877 670 2908 Avernum
694 2877 716 2907 i.
737 2887 767 2906 e.
784 2877 893 2906 lacum
915 2877 957 2906 A.
1000 2886 1062 2915 que
1080 2877 1147 2907 Illa
1169 2886 1200 2905 a.
1223 2876 1384 2906 sententia
1401 2884 1465 2905 nou
1479 2874 1697 2915 relinquendoe

262 2918 349 2959 quod
364 2919 525 2950 Gruterus
552 2924 684 2950 secutus
708 2922 770 2950 est.
814 2918 876 2950 Sed
893 2917 956 2949 La-
1000 2920 1101 2957 urbis,
1117 2928 1190 2958 quae
1204 2927 1281 2950 sane
1297 2922 1369 2949 erat
1383 2917 1561 2949 Ciceronis.
