1940 3231
214 1884 246 1920 ι’)-
262 1883 313 1916 99.

342 139 421 173 606

766 135 940 177 EPIST.
970 139 1047 177 AD
1072 139 1207 177 ATTl
1219 139 1358 183 CUM,

341 253 472 280 mune
492 246 556 281 est
577 255 675 282 cuin
697 240 911 283 omnibus.
935 243 1040 285 nihil
1072 243 1148 284 tibi
1175 242 1345 293 mando,
1368 252 1415 283 ut
1437 243 1489 284 de
1511 257 1562 284 eo
1592 246 1771 301 cogites·

341 296 445 337 illud
479 312 620 339 meum
652 300 869 354 proprium
893 303 1083 355 πςόίζλημα,
1107 315 1267 354 quaeso,
1299 299 1482 355 suscipe.
1514 301 1700 352 videsne,
1724 313 1770 345 ut

342 362 384 393 te
406 365 580 395 anctore
604 355 682 396 sim
706 357 725 386 6
740 366 967 412 utrumque
987 357 1270 412 complexus?
1301 355 1367 397 Ac
1389 356 1539 398 vellem
1567 372 1591 399 a
1612 359 1768 414 princi-

333 410 414 465 ·pio
438 421 478 452 te
500 412 667 452 audisse
690 413 947 454 amicissime
968 424 1229 465 monentem,

492 498 595 537 Ἀλλ’
612 501 682 548 ἐμὸν
699 498 800 537 §oron
817 502 920 550 θυμὸν
939 501 978 538 ἓν)
997 501 1142 541 &Sea-ow
1160 500 1290 543 ἵπειθες.

494 555 512 585 7
538 550 713 603 Παιτςίὸος.

339 630 411 672 sed
445 629 674 685 aliquando
698 639 840 672 tamen
876 632 1137 687 persuasisti,
1160 639 1207 673 ut
1236 632 1414 673 alterum
1447 631 1770 689 complecterer,

337 687 438 742 quia
457 687 509 727 de
534 702 602 728 me
622 697 713 727 erat
736 689 899 744 optime
924 689 1125 740 meritus;
1158 689 1352 740 alterum,
1384 690 1484 744 quia
1506 701 1671 731 tantum
1695 706 1768 732 va·

332 744 465 784 lebat.
491 743 604 785 8feci
640 744 786 800 igitur.
821 747 963 800 itaque
995 745 1117 786 effeci
1152 746 1269 786 omni
1302 747 1524 801 obsequio,
1548 757 1594 788 ut
1627 748 1766 789 neutri

331 800 505 840 illorum
530 801 756 856 quisquam
775 813 885 842 esset
908 816 974 842 me
991 803 1142 842 carior.
1165 806 1185 836 9
1199 802 1292 844 haec
1309 803 1423 843 enim
1440 805 1738 859 cogitabamus
1755 821 1766 856 3

336 870 416 897 nec
438 857 560 909 mihi,
582 858 818 912 conjuncto
840 873 938 900 cum
964 858 1188 913 PompeiO,
1212 859 1302 900 fore
1332 873 1501 900 necesse
1524 875 1698 916 peccare
1722 861 1767 902 in

335 913 556 969 republica
588 914 844 969 aliquandog
879 929 970 965 nec,
1003 930 1101 956 cum
1129 915 1299 957 Caesare
1323 916 1536 967 sentienti,
1571 932 1768 974 pugnan-

334 970 435 1011 dum
472 985 562 1011 esse
598 986 696 1012 cum
730 972 963 1028 Pompeio:
1017 981 1136 1012 tanta
1167 982 1257 1013 erat
1298 972 1462 1013 illorum
1496 973 1763 1029 conjunctio-

335 1041 450 1068 nunc
470 1028 703 1083 impendet,
728 1039 773 1070 ut
805 1040 848 1069 et
882 1037 926 1069 tu
957 1029 1160 1079 ostendis,
1183 1038 1225 1069 et
1247 1044 1329 1085 ego
1354 1030 1492 1079 video,
1514 1045 1678 1072 summa
1701 1032 1766 1072 in-

334 1094 399 1124 ter
426 1099 498 1125 eos
532 1086 768 1127 contentio.
804 1101 870 1127 me
907 1095 1049 1126 autem
1083 1096 1261 1141 uterque
1291 1096 1485 1127 numerat
1515 1102 1652 1138 suum,
1681 1086 1764 1128 nisi

332 1140 445 1182 forte
466 1142 637 1183 simulat
658 1143 776 1183 alter.
801 1157 898 1183 nam
922 1142 1155 1199 Pompeius
1185 1158 1270 1184 non
1302 1143 1472 1184 dubitat
1504 1148 1621 1196 (vere
1649 1146 1763 1187 enim

326 1198 516 1253 judicat)
547 1214 610 1250 ea,
633 1215 729 1254 quae
752 1200 804 1240 de
827 1200 1046 1256 republica
1068 1214 1181 1241 nunc
1204 1201 1373 1250 sentiat,
1394 1200 1498 1240 mihi
1526 1201 1644 1242 valde
1667 1216 1765 1257 pro-

335 1257 440 1296 bari.
463 1255 684 1311 utriusque
716 1268 858 1297 autem
889 1257 1036 1312 accepi
1063 1257 1275 1312 ejusmodi
1297 1257 1459 1298 litteras
1483 1258 1632 1298 eodem
1659 1267 1766 1299 tem-

333 1327 452 1368 pore,
474 1328 559 1367 quo
586 1324 703 1365 tuas3
736 1325 783 1354 ut
802 1323 950 1355 neuter
969 1328 1223 1369 quemquam
1245 1316 1436 1355 omnium
1459 1314 1587 1369 pluris
1610 1314 1763 1369 facere,

333 1384 461 1424 quam
493 1384 575 1420 me,
605 1370 832 1411 videretur.

893 1371 1052 1411 Verum
1087 1372 1187 1426 quid
1223 1375 1376 1427 agam?
1408 1386 1493 1411 non
1524 1386 1670 1426 quaero
1693 1372 1764 1414 illa

330 1426 496 1476 ultima,
518 1427 570 1478 (si
594 1428 708 1467 enim
730 1428 879 1468 castris
902 1442 965 1468 res
989 1438 1173 1483 geretur,
1199 1429 1323 1469 video
1359 1443 1456 1469 cum
1491 1428 1623 1469 altero
1647 1429 1761 1472 vinci

331 1483 463 1523 satius
500 1497 603 1533 esse,
626 1499 752 1539 quam
786 1500 883 1526 cum
915 1485 1047 1525 altero
1084 1486 1287 1536 vincere,)
1318 1486 1388 1526 sed
1421 1484 1504 1535 illa,
1540 1500 1636 1540 quae
1671 1495 1762 1528 tum

324 1550 528 1595 ⁸agentur,
551 1555 649 1581 cum
673 1556 852 1593 venero3
885 1556 938 1582 ne
970 1542 1078 1582 ratio
1111 1543 1300 1583 absentis
1330 1542 1552 1592 habeatur,
1572 1551 1618 1583 ut
1639 1557 1762 1583 exer-

326 1597 464 1638 eitum
501 1597 706 1638 dimittat.
752 1612 833 1640 D1c
871 1598 937 1639 M.
974 1598 1144 1639 Tmm.
1189 1599 1289 1654 quid
1331 1599 1500 1640 dicam?
1542 1608 1760 1654 exspecta,

327 1654 484 1694 amabo
512 1665 565 1704 te,
586 1654 685 1694 dum
709 1654 905 1696 Atticum
925 1656 1205 1698 conveniam?
1237 1671 1321 1697 non
1353 1667 1416 1696 est
1448 1655 1566 1696 loeus
1596 1655 1648 1696 ad
1678 1665 1761 1696 ter·

328 1710 648 1766 giversandum.
681 1722 831 1753 contra
855 1712 1097 1754 Caesarem?
1129 1713 1201 1753 ubi
1238 1713 1318 1753 illae
1354 1722 1449 1753 sunt
1483 1714 1624 1753 densae
1654 1712 1760 1753 dex-

329 1771 461 1810 terae?
508 1782 605 1808 nam
639 1778 686 1809 ut
719 1769 777 1809 illi
813 1770 895 1810 hoc
930 1770 1090 1820 liceret,
1124 1770 1286 1825 adjuvi,
1322 1773 1545 1824 ¹01·ogatus
1578 1770 1632 1809 ab
1665 1764 1782 1825 ipso*

329 1823 552 1865 Ravenna:
575 1826 627 1866 de
652 1826 795 1867 Coelio
819 1827 991 1866 tribuno
1017 1826 1165 1882 plebis.
1188 1828 1241 1868 ab
1266 1827 1357 1883 ipso
1381 1828 1552 1867 autem?
1582 1826 1711 1867 etiam
1735 1842 1761 1868 a

330 1880 366 1914 (Ἴ

337 1896 467 1922 υηεεο
499 1893 660 1933 nostro,
690 1884 777 1923 llin
809 1883 880 1923 iilo
904 1883 1051 1924 divino
1077 1885 1203 1924 tertio
1238 1883 1477 1925 consulatu.
1508 1882 1629 1923 aliter
1663 1898 1758 1924 sen-

305 1940 450 1979 ‘sero?
480 1935 628 1992 Zibkopam
651 1954 734 1980 non
771 1939 1027 1996 Pompeium
1061 1941 1204 1992 modo,
1238 1942 1307 1981 sed
1332 1949 1462 1996 Τξῶοις,
1491 1947 1550 1982 καὶ
1569 1943 1757 1996 Τςωέὸκςι

325 2000 538 2050 Πελυὲοίμκς
564 2019 621 2050 μοι
645 2005 771 2053 reaia-oq
804 2003 965 2051 ἐλεγχείην
992 2005 1184 2043 καταθήσει.
1218 1999 1340 2053 quis?
1372 2008 1417 2038 tu
1454 1998 1543 2053 ipse
1579 1997 1757 2049 scilicet,

327 2053 523 2095 laudator
546 2065 589 2095 et
611 2054 823 2096 factorum
847 2065 890 2095 et
910 2056 1165 2112 scriptorum
1189 2069 1396 2095 meorum.
1451 2057 1487 2086 152
1502 2053 1630 2095 Hanc
1652 2068 1756 2111 ergo.

323 2167 494 2203 orationis,
510 2172 655 2208 putoque
678 2167 852 2207 legendum
875 2178 943 2199 esse
965 2173 1017 2198 ac-

319 2218 393 2248 que.
412 2218 487 2239 nam
503 2220 566 2248 age
582 2211 615 2240 in
627 2210 687 2240 tali
700 2211 804 2240 forma
818 2214 866 2240 est
877 2210 938 2248 fac,
955 2210 1017 2240 fin—

322 2260 374 2289 ge,
398 2251 484 2290 quod
506 2254 594 2291 sequi
621 2253 717 2283 debet
740 2253 918 2292 responsio,
945 2262 1018 2291 quoe

324 2291 377 2322 hic
394 2293 484 2323 nulla
499 2300 559 2324 est.

364 2335 384 2364 6
406 2335 594 2375 utrumque]
631 2335 821 2375 Pompeium
850 2340 884 2366 et
911 2336 1019 2367 Caesa·

321 2385 404 2412 rem,
433 2378 518 2416 quod
544 2384 577 2408 et
604 2387 624 2407 a
645 2378 825 2416 glossatore
854 2378 886 2407 in
917 2378 1017 2409 libros

321 2419 477 2457 quosdam
493 2420 630 2460 scriptos
651 2420 792 2460 irrepsit,
808 2424 918 2458 estque
934 2425 967 2450 et
984 2421 1017 2450 in

321 2459 393 2490 edd.
409 2470 457 2499 pr.
471 2461 566 2492 Rom.
581 2462 671 2491 Jens.
688 2463 747 2492 διο,

364 2506 383 2535 7
407 2502 569 2546 Πατρίδος]
602 2502 692 2539 ἕνεκα,
725 2513 788 2544 qua
814 2504 862 2535 nil
889 2503 1016 2534 dulcius

319 2549 383 2575 est.

364 2590 382 2616 Β
393 2585 467 2625 feci
491 2588 615 2625 igitur.-
651 2589 761 2626 itaque
789 2587 896 2628 effeci]
930 2587 1014 2618 Dedi

318 2627 413 2667 effeci
428 2639 466 2658 ex
482 2629 553 2659 edd.
577 2630 667 2659 JenS.
691 2631 764 2660 Asc.
784 2630 856 2660 Aldi
874 2632 931 2661 Sec.
955 2640 1014 2670 pro

306 2670 394 2709 jeci,
413 2670 497 2710 quod
512 2677 560 2701 est
582 2682 600 2701 a
614 2672 772 2701 victorio.
817 2671 878 2701 Sed
893 2676 924 2702 et
940 2676 1014 2712 post

317 2711 411 2751 effeci
437 2712 550 2743 delevi.
578 2713 707 2752 quidam
738 2714 946 2750 recentiores,
975 2719 1013 2744 ut

315 2756 454 2791 Brutus,
470 2756 569 2785 etiam
585 2760 682 2794 alque
695 2765 753 2794 pro
771 2756 893 2794 itaque.
923 2757 1013 2785 Grae-

317 2797 385 2826 vius
400 2796 546 2827 malebat
564 2797 659 2836 idque
680 2795 771 2836 qff'eci
787 2807 814 2826 o.
833 2807 859 2826 o.
903 2797 966 2827 Sed
979 2797 1016 2827 id

314 2839 395 2869 mihi
425 2838 519 2870 valde
546 2839 692 2879 languet.
731 2838 847 2870 melius
877 2843 927 2870 est
956 2843 1007 2869 at-

312 2890 382 2919 rpace.
718 2900 720 2902 v

1102 2173 1121 2202 9
1145 2169 1210 2198 Itaec
1230 2169 1315 2198 enim
1339 2168 1574 2207 cogitabamus,
1594 2175 1653 2197 nec
1674 2168 1757 2200 mihi

1062 2210 1136 2249 δια]
1163 2211 1240 2241 Non
1255 2210 1362 2250 placet
1385 2210 1454 2240 haec
1469 2209 1573 2240 forma
1587 2209 1758 2252 orationis,

1064 2253 1244 2292 praesertim
1268 2253 1302 2282 in
1326 2252 1493 2282 Cicerone.
1538 2250 1629 2280 Solet
1647 2251 1755 2282 dicere

1061 2295 1106 2324 sic
1121 2296 1208 2325 euim
1224 2296 1282 2324 διο.
1314 2294 1376 2323 Sed
1390 2293 1469 2323 mihi
1486 2293 1584 2322 etiam
1603 2292 1636 2322 in
1663 2303 1754 2324 mene

1059 2340 1127 2366 tem
1141 2337 1230 2366 venit
1243 2348 1249 2364 ε
1269 2335 1341 2365 Nec
1353 2336 1438 2366 enim
1448 2335 1670 2373 cogitabamus
1689 2335 1757 2376 (vel

1060 2377 1257 2417 cogitabam)
1277 2378 1358 2408 mihi
1373 2379 1431 2408 &c.

1106 2424 1143 2450 10
1166 2420 1316 2458 Rogatus
1340 2420 1381 2449 ab
1405 2419 1470 2458 ipso
1485 2417 1665 2458 Ravennoe]
1704 2418 1753 2450 Ue

1062 2463 1166 2494 Coelio
1188 2461 1416 2502 persuaderem
1438 2461 1476 2490 de
1499 2459 1670 2499 rogatione
1691 2460 1749 2493 illa

1060 2514 1120 2544 pro
1133 2505 1260 2535 Caesare
1276 2502 1417 2533 ferenda.
1729 2528 1733 2529 ⁷

1105 2549 1114 2576 l
1127 2550 1137 2576 1
1164 2548 1198 2576 z'n
1212 2547 1267 2575 illo
1283 2545 1390 2575 divino
1405 2545 1498 2574 tertio
1513 2542 1699 2584 consulatu]
1726 2544 1750 2577 i.

1057 2597 1108 2625 ρο,
1122 2598 1185 2627 quo
1199 2589 1358 2617 Caesarem
1377 2586 1518 2625 reliquit.

1103 2633 1138 2660 1‘2
1166 2629 1263 2660 Hanc
1287 2637 1345 2666 ego
1365 2627 1520 2667 plagam]
1552 2627 1646 2658 Edidi
1675 2637 1750 2660 eum

1057 2671 1185 2701 Graevio
1211 2680 1300 2708 ergo,
1327 2671 1381 2708 qui
1407 2671 1453 2700 sic
1475 2670 1509 2699 in
1531 2670 1595 2700 Ms.
1618 2669 1750 2702 Baniol.

1057 2714 1190 2753 reperit:
1209 2722 1269 2752 ego
1283 2711 1404 2741 dudum
1418 2722 1455 2742 ex
1470 2722 1502 2741 re
1515 2712 1560 2741 sie
1574 2711 1750 2750 legendum

1050 2755 1207 2794 judicavi.
1251 2754 1296 2784 At
1310 2753 1434 2793 sicjam
1458 2753 1509 2784 ed.
1524 2753 1620 2784 Rom.
1635 2753 1749 2786 habet.

1055 2806 1155 2836 -per
1169 2797 1245 2826 duos
1269 2805 1340 2835 svp.
1356 2795 1404 2827 M.
1429 2806 1510 2827 cons.
1537 2805 1654 2838 nempe
1670 2794 1749 2828 dum

1053 2839 1157 2870 abfuit
1172 2838 1288 2869 Roma.
