1940 3231
308 160 384 194 686
721 153 903 192 EPIST.
930 154 1007 192 AD
1033 153 1320 201 ATTICUM,

180 275 210 305 Ρ·
231 268 298 296 150·
313 260 452 301 ferre?
484 259 644 301 Omnia
664 258 840 301 misera:
873 260 945 301 sed
974 260 1058 301 hoc
1089 261 1195 302 nihil
1226 259 1444 313 miserius;
1467 261 1734 318 3P0mpeius

266 318 371 359 a·N.
395 317 596 373 Magium
629 316 681 357 de
718 331 822 371 pace
854 318 995 369 misit3
1027 327 1069 359 et
1103 327 1244 359 tamen
1283 328 1589 374 oppugnatur,
1620 320 1735 374 quod

309 390 392 431 ego
418 390 502 415 non
525 374 747 415 credebam
766 390 774 414 :
808 374 880 413 sed
909 374 1046 415 'nabeo
1068 390 1092 416 a
1115 375 1252 416 Balbo
1282 376 1459 426 litteras,
1482 390 1662 431 quarum
1683 375 1737 417 ad

311 443 352 472 te
387 431 632 486 exemplum
671 429 792 470 misi:
825 430 918 485 lege
950 446 1113 485 quaeso,
1145 443 1188 473 et
1221 433 1323 474 illud
1371 433 1567 474 infimam
1605 440 1739 488 caput

310 490 443 546 ipsius
476 488 600 530 Balbi
632 487 801 540 optimi,
831 488 898 527 cui
933 487 1091 528 Cnaeus
1122 499 1266 530 noster
1295 490 1452 541 locum,
1484 489 1558 530 ubi
1591 489 1740 530 hortos

311 546 560 594 aedificaret,
592 543 724 583 dedit.
759 557 886 597 quem
923 545 991 584 cui
1026 546 1221 587 nostrum
1254 562 1341 588 non
1375 561 1488 603 saepe
1521 546 1743 602 praetulit?

311 602 466 658 Itaque
496 601 624 642 miser
654 609 890 654 torquetur.
914 601 1001 652 sed,
1026 616 1078 642 ne
1111 603 1173 643 bis
1196 605 1341 645 eadem
1373 605 1504 660 legaS,
1527 604 1578 645 ad
1602 604 1740 659 ipsam

310 671 355 703 te
377 658 603 715 epistolam
628 656 789 711 rejicio.
813 671 931 712 spem
954 667 1096 700 autem
1120 661 1236 715 pacis
1258 661 1396 702 habeo
1419 661 1593 702 nullam.
1647 659 1739 701 Do-

311 716 463 760 labella
493 715 578 756 suis
610 714 776 766 litteris,
801 714 949 755 Idibus
982 714 1116 756 Mart.
1147 717 1272 769 datis,
1294 732 1457 759 merum
1489 718 1646 759 bellum
1678 716 1741 757 lo-

312 775 472 830 quitur.
502 786 749 814 maneamus
780 786 883 828 ergo
915 772 957 812 in
990 772 1060 813 illa
1091 774 1237 816 eadem
1273 776 1484 816 sententia
1514 776 1669 816 misera
1696 782 1741 815 et

312 833 563 888 desperata:
595 829 767 884 quando
789 828 872 870 hoc
894 830 1090 870 miserius
1111 845 1203 872 esse
1225 831 1331 873 nihil
1355 841 1510 888 potest.

616 911 853 954 BALBUS
886 911 1191 955 CICERONI
1227 914 1360 956 IMP.
1393 916 1437 956 S.

314 971 540 1025 CAESAR
575 981 699 1021 nobis
735 980 896 1021 litteras
938 982 1164 1036 perbreves
1207 983 1337 1034 misit,
1374 998 1552 1038 quarum
1595 999 1741 1025 exem-

313 1041 430 1097 plum
455 1038 702 1094 subscripsi.
726 1037 935 1078 brevitate
956 1039 1150 1093 epistolae
1176 1040 1283 1081 scire
1305 1040 1480 1096 poteriS,
1501 1055 1596 1081 eum
1621 1041 1743 1082 valde

313 1113 404 1140 esse
433 1098 682 1146 distentum,
704 1094 777 1150 qui
811 1104 929 1135 tanta
958 1096 1010 1136 de
1042 1110 1085 1136 re
1118 1107 1203 1137 tam
1238 1097 1422 1139 breviter
1452 1098 1683 1154 scripserit.
1705 1099 1740 1139 si

312 1156 416 1212 quid
439 1163 647 1211 praeterea
671 1152 769 1193 novi
792 1151 936 1203 fuerit,
960 1154 1103 1193 statim
1127 1154 1207 1194 tibi
1230 1155 1429 1196 scribam.

594 1235 811 1278 CAESAR
843 1233 1034 1278 OPPIO
1067 1237 1392 1280 CORNELIO
1425 1238 1469 1280 S.

313 1300 382 1355 A.
406 1312 463 1354 D.
489 1326 559 1353 vn
604 1310 667 1351 Id.
691 1309 826 1350 Mart.
860 1309 1137 1352 Brundisium
1173 1312 1295 1354 veni:
1327 1312 1377 1353 ad
1401 1326 1571 1353 murum
1606 1319 1748 1354 castra.

314 1371 453 1430 posui.
516 1367 748 1424 Pompeius
780 1376 844 1407 est
876 1367 1109 1409 Brundisii.
1142 1369 1259 1410 misit
1289 1369 1342 1410 ad
1369 1384 1437 1410 me
1461 1369 1518 1410 N.
1542 1368 1745 1425 Magium

314 1429 366 1470 de
389 1442 508 1484 pace.
531 1440 627 1481 quae
652 1425 742 1466 visa
773 1433 886 1474 sunt,
912 1425 1126 1480 respondi.
1149 1425 1234 1467 hoc
1258 1441 1332 1467 vos
1364 1426 1509 1468 statim
1543 1427 1649 1468 scire
1672 1441 1747 1468 vo-

313 1487 387 1528 lui.
411 1499 508 1527 cum
540 1484 584 1524 in
617 1496 735 1538 spem
759 1496 928 1532 venem,
949 1482 1001 1523 de
1031 1483 1346 1539 compositione
1369 1483 1528 1540 aliquid
1551 1498 1620 1525 me
1641 1499 1746 1526 con-

314 1544 454 1593 ficere,
479 1541 624 1582 statim
648 1554 721 1581 vos
744 1540 945 1580 certiores
969 1539 1139 1580 faciam.

371 1598 604 1646 Quomodo
626 1611 694 1637 me
718 1611 829 1637 nunc
855 1606 992 1652 putas,
1013 1597 1068 1637 mi
1094 1597 1262 1648 Cicero,
1286 1597 1488 1652 torqueri,
1513 1606 1743 1653 postquam

312 1672 454 1699 rursus
487 1656 529 1696 in
561 1669 680 1710 spem
711 1654 826 1709 pacis
853 1653 961 1704 veni,
994 1667 1046 1694 ne
1073 1668 1158 1709 qua
1189 1669 1252 1695 res
1284 1669 1430 1695 eorum
1463 1656 1744 1711 compositio-

314 1728 411 1755 nem
434 1712 668 1769 impediat?
700 1724 897 1765 namque,
920 1711 1034 1765 quod
1066 1714 1217 1752 absens
1250 1711 1390 1753 facere
1412 1727 1600 1767 possum,
1622 1722 1743 1767 opto.

313 1771 428 1827 quod
452 1771 486 1811 si
510 1784 594 1811 una
614 1783 764 1819 essem,
786 1768 946 1822 aliquid
970 1768 1148 1809 fortasse
1170 1768 1377 1825 proficere
1399 1784 1568 1825 possem
1593 1770 1741 1811 videri.

313 1843 428 1870 nunc
449 1835 774 1883 exspectatione
795 1839 977 1866 cruclor.

255 1918 301 1954 14
745 1908 981 1951 CICERO
1013 1908 1239 1951 ATTICO
1272 1910 1316 1951 S.

267 1970 624 2023 ¹1.INIISERAM
658 1978 708 2019 ad
747 1989 788 2019 te
822 1993 937 2019 vi111
983 1978 1079 2019 Kal.
1111 1979 1357 2034 exemplum
1390 1976 1584 2034 epistolae
1616 1978 1740 2020 Balbi

312 2040 365 2080 ad
398 2054 478 2089 me,
509 2050 551 2078 et
583 2036 765 2077 Caesaris
797 2036 848 2076 ad
881 2050 1003 2087 eum3
1027 2038 1159 2076 4ecce
1192 2037 1270 2077 tibi
1303 2036 1453 2077 eodem
1487 2036 1556 2076 die
1590 2035 1742 2092 Capua

313 2096 474 2137 litteras
506 2094 692 2151 [accepi]
724 2094 778 2134 ab
812 2093 868 2140 Q.
894 2093 1058 2134 Pedio:
1094 2093 1308 2134 Caesarem
1341 2093 1392 2133 ad
1432 2107 1475 2133 se
1509 2092 1646 2149 pridie
1678 2093 1745 2135 Id.

314 2153 449 2195 Mart.
473 2153 637 2194 misisse
662 2151 744 2191 hoc
771 2150 995 2206 exemplo:
1031 2149 1250 2206 Pompeius
1278 2165 1316 2191 se
1347 2149 1492 2205 oppido
1526 2156 1646 2192 tenet.
1677 2165 1748 2192 ποθ

314 2211 524 2266 adportas
545 2215 676 2250 castra
698 2207 900 2248 habemus.
920 2221 1113 2248 conamur
1130 2223 1227 2263 opus
1246 2222 1452 2264 magnum,
1468 2213 1506 2248 et
1527 2206 1746 2248 mullorum

315 2268 484 2319 dierum,
509 2272 677 2322 propter
706 2264 967 2306 altitudinem
995 2265 1132 2306 maris.
1163 2264 1232 2305 sed
1260 2273 1394 2306 tamen
1423 2263 1530 2305 nihil
1547 2271 1616 2315 est,
1638 2264 1749 2320 quod

307 2323 677 2381 potiusfacz'amus.
700 2322 751 2363 ab
775 2329 942 2377 utroque
955 2329 1101 2376 portus
1121 2338 1245 2362 cornu
1267 2321 1386 2363 moles
1392 2321 1587 2378 jacimus,
1608 2329 1655 2362 ut
1672 2329 1746 2363 aut

315 2382 432 2423 illum
453 2380 750 2438 quamprimum
776 2380 976 2436 trajicere,
998 2378 1106 2434 qnod
1125 2379 1245 2420 habet
1278 2378 1494 2421 Brundisii
1523 2378 1745 2433 copiarum,

317 2454 517 2496 cogamus,
538 2445 611 2479 aut
642 2437 751 2478 exitu
775 2436 1076 2491 prohibeamus.
1138 2437 1224 2478 Ubi
1256 2447 1320 2477 est
1355 2436 1426 2477 illa
1457 2450 1557 2491 pax,
1587 2435 1639 2476 de
1663 2451 1749 2491 qua

319 2496 478 2537 Balbus
521 2496 748 2551 scripserat
789 2493 976 2549 torqueri
1018 2496 1089 2535 se?
1132 2494 1285 2549 ecquid
1328 2494 1550 2534 acerbius?
1591 2494 1746 2548 ecquid

317 2553 561 2595 crudelius?
601 2561 729 2606 atque
763 2566 860 2593 eum
900 2551 1017 2606 loqui
1043 2551 1244 2606 5quidam
1287 2556 1480 2596 αὐθεντικῦς
1522 2551 1748 2605 narrabat,

358 2702 377 2729 3
401 2697 577 2738 Pompeius
593 2697 641 2727 N.
657 2695 832 2735 sung-ium]
847 2696 1008 2736 Legatum
1052 2706 1112 2734 que
1127 2695 1220 2726 uncis
1237 2695 1364 2725 inclusi.
1411 2695 1538 2726 Contra
1557 2695 1589 2725 in
1606 2704 1690 2735 seqq.
1709 2697 1749 2726 li-

316 2751 423 2772 suum.
439 2740 478 2770 de
494 2739 694 2780 praenomine
711 2749 740 2768 v.
759 2738 852 2769 Clav.
1052 2742 1140 2768 teras
1153 2737 1283 2768 additur
1299 2742 1370 2777 post
1385 2738 1505 2768 misisse
1521 2738 1553 2767 in
1567 2737 1639 2768 edd.
1654 2738 1747 2769 Jens.

358 2787 379 2814 4
400 2793 469 2813 ecce
484 2783 553 2819 tibi,
568 2782 675 2812 eodem
690 2781 741 2810 die
761 2780 872 2819 Capua
897 2780 1010 2810 literas
1052 2779 1125 2810 Ald.
1145 2781 1201 2809 ἃς.
1224 2780 1335 2809 omisit
1359 2779 1447 2810 vict.
1466 2785 1499 2810 ct
1523 2781 1615 2811 abest
1633 2781 1673 2811 ab
1695 2780 1747 2814 ed,

316 2825 436 2865 accepi]
467 2835 536 2855 eece
558 2825 615 2854 tibi
637 2833 702 2854 non
727 2823 852 2862 patitur
874 2822 1009 2851 verbum
1056 2822 1149 2852 Rom.
1167 2826 1339 2862 potestque
1354 2821 1506 2861 intelligi.

316 2868 436 2906 accepi.
454 2877 530 2898 nam
545 2867 614 2897 haec
629 2865 772 2896 formula
792 2873 920 2904 semper
942 2865 1010 2894 sine
1096 2866 1113 2894 5
1137 2865 1271 2903 quida-m
1293 2864 1365 2895 αὐθ.
1392 2864 1571 2904 narrabat]
1602 2864 1749 2895 Graevius

316 2910 413 2940 ‘verbo
429 2915 490 2941 est.
506 2910 575 2940 sine
591 2909 688 2940 dubio
708 2915 758 2938 cst
779 2906 898 2947 glossa.
942 2905 1008 2936 lta·
1054 2906 1195 2937 correxit
1217 2908 1415 2944 narrabant,
1432 2907 1485 2937 sed
1508 2907 1577 2938 sine
1596 2907 1700 2942 libris,
1715 2912 1749 2936 e!
