1940 3231
329 137 406 171 608
752 132 930 172 EPIST.
957 133 1035 172 AD
1062 133 1345 177 ATTICUM.

332 237 402 286 rit,
427 236 498 277 sed
530 244 711 288 tantum,
740 237 1097 294 supplicationem
1127 252 1223 279 eum
1253 237 1357 279 mihi
1387 251 1472 277 non
1507 236 1756 280 decrevisse.

334 293 483 334 Redeo
505 295 555 335 ad
582 294 776 335 Hirrum,
798 309 993 350 coeperas
1015 310 1111 335 eum
1136 294 1240 335 mihi
1266 294 1457 351 placare:
1491 293 1661 348 perfice.
1683 294 1758 335 ha-

333 351 408 391 bes
432 351 642 402 Scrofam,
666 352 795 392 habes
819 351 985 392 Silium.
1008 353 1060 392 ad
1085 366 1156 392 eos
1186 366 1267 408 ego
1289 351 1418 392 etiam
1440 361 1565 390 antea
1595 350 1760 406 scripsi,

332 417 376 448 et.
397 408 450 448 ad
474 408 613 463 ipsum
638 408 831 448 Hirrum.
866 408 1055 448 Locutus
1077 409 1191 448 enim
1213 419 1303 449 erat
1325 423 1422 450 cum
1446 407 1496 447 iis
1520 407 1761 456 commode,

333 479 377 505 se
414 465 603 520 potuisse
634 465 854 519 impedire,
889 465 961 504 sed
998 464 1208 506 noluisse:
1250 478 1467 506 assensum
1503 473 1643 504 tamen
1674 471 1764 504 esse

335 521 508 571 Catoni,
530 521 791 561 amicissimo
815 534 936 570 meo3
958 535 1053 561 cum
1077 522 1110 561 is
1135 521 1611 562 honorificentissimam
1634 521 1677 560 in
1696 534 1765 561 me

333 578 588 618 sententiam
624 577 829 627 dixisset3
878 591 957 617 nec
990 592 1058 618 me
1091 579 1141 618 ad
1177 592 1220 618 se
1254 578 1357 619 ullas
1392 578 1553 618 litteras
1585 577 1765 626 misisse,

334 649 433 675 cum
466 634 517 674 ad
540 647 687 674 omnes
710 634 942 674 mitterem.
1001 634 1161 675 Verum
1194 634 1379 675 dicebat.
1438 634 1505 674 Ad
1528 649 1626 674 eum
1648 634 1762 674 enim

335 691 486 739 solum,
509 699 552 730 et
584 690 636 730 ad
673 689 971 746 Crassipedem
1005 706 1089 732 non
1126 691 1391 746 scripseram.
1425 691 1569 746 Atque
1599 692 1692 731 haec
1713 690 1766 730 de

335 749 459 788 rebus
493 746 749 787 forensibus.
813 748 1055 788 Redeamus
1088 748 1278 789 domum.
1303 751 1339 779 211
1357 748 1581 803 dijungerc
1614 762 1682 788 me
1712 747 1766 787 ab

335 804 406 844 illo
433 803 546 844 volo.
609 804 749 844 Mirus
772 816 836 844 est
857 808 1014 860 φυςοίτης,
1040 819 1266 860 germanus
1287 807 1327 836 22
1345 805 1572 845 Lartidius.

579 876 687 916 ἀλλὰ,
707 877 752 911 ’τοὶ
764 875 819 924 μὲν
839 875 1068 927 τζοτετῖκχθοιι
1088 876 1229 925 ἐάσομεν,
1253 875 1428 925 hydropem(
1442 892 1512 928 mg,

337 945 499 1000 reliqua
521 944 816 1000 expediamus.
850 945 950 985 Hoc
976 944 1176 999 primum,
1198 959 1283 999 quo
1306 944 1486 984 accessit
1508 959 1609 985 cura
1631 943 1767 984 doiori

337 1017 462 1043 meo:
497 1002 567 1042 sed
595 1001 675 1042 hoc
710 1011 867 1052 tamen,
891 1002 1098 1056 quidquid
1129 1011 1206 1052 est,
1229 1003 1268 1032 23
1286 1000 1568 1052 Praecianum,
1591 1015 1688 1041 cum
1720 1001 1771 1041 iis

338 1059 593 1107 rationibus,
617 1073 720 1113 quas
755 1059 822 1099 ilie
856 1073 970 1098 meas
1002 1067 1173 1108 tractat,
1198 1058 1421 1099 admisceri
1447 1058 1559 1098 nolo.
1588 1058 1769 1112 Scripsi

339 1117 390 1157 ad
414 1115 673 1165 Terentiam,
699 1115 847 1171 scripsi
869 1116 997 1155 etiam
1022 1115 1074 1156 ad
1098 1115 1253 1170 ipsum,
1270 1129 1352 1164 me,
1371 1114 1579 1170 quidquid
1603 1129 1771 1170 possem

340 1187 583 1223 numorum,
617 1173 668 1212 ad
697 1182 949 1228 apparatum
975 1173 1131 1226 sperati
1161 1172 1367 1227 triumphi
1389 1174 1429 1203 2⁴
1442 1171 1494 1212 ad
1516 1180 1556 1212 te
1578 1171 1772 1211 redactu-

341 1244 450 1271 rum.
499 1232 539 1259 25
556 1229 644 1269 Ista
669 1240 773 1285 puto
795 1233 962 1282 ἄμεμπτοι
985 1230 1099 1270 fore:
1132 1244 1277 1270 verum
1300 1241 1346 1269 ut
1368 1228 1546 1270 iubebit.
1589 1228 1630 1259 26
1644 1227 1774 1268 Hane

341 1300 512 1341 quoque
549 1286 715 1341 suscipe
746 1300 906 1336 curam,
939 1286 1300 1341 quemadmodum
1334 1286 1618 1341 experiamur.
1643 1284 1696 1325 id
1730 1294 1774 1325 et

342 1343 567 1384 ostendisti
593 1343 848 1397 quibusdam
881 1342 1047 1394 litteris,
1069 1358 1123 1384 ex
1150 1343 1282 1399 Epiro
1305 1358 1358 1384 an
1381 1343 1562 1384 Athenis
1585 1342 1708 1392 datis,
1731 1351 1774 1382 et

344 1402 387 1441 in
410 1415 460 1441 eo
482 1414 564 1456 ego
591 1410 631 1440 te
653 1399 885 1454 adjuvabo.

305 1478 332 1513 2
775 1472 1008 1515 CICERO
1039 1473 1268 1515 ATTICO
1299 1474 1344 1514 S.

215 1542 247 1572 P·
265 1532 335 1601 ¹⁰2³·
352 1529 767 1582 BRUNDISIUM
788 1541 979 1581 venimus
1002 1556 1088 1582 vn.
1109 1541 1289 1582 Kalend.
1312 1540 1542 1581 Decembr.
1565 1539 1627 1580 usi
1651 1542 1688 1572 27
1703 1548 1775 1579 tua

300 1592 553 1640 ‘'felicitate
586 1598 839 1653 navigandi:
874 1598 934 1638 ita
966 1598 1072 1639 belle
1092 1599 1216 1638 nobis
1240 1598 1358 1638 flavit
1382 1599 1435 1637 ab
1460 1596 1592 1651 Epiro
1613 1595 1777 1636 lenissi-

346 1671 442 1696 mus
467 1654 783 1695 Onchesmites.
820 1654 948 1695 Hunc
970 1657 1231 1707 σπονδειάζοντα,
1256 1655 1288 1694 si
1312 1655 1381 1695 CUi
1406 1654 1518 1694 Voles
1539 1659 1598 1694 τῶν
1618 1657 1779 1708 νεωτὲξων,

347 1715 387 1744 528
404 1727 478 1768 pro
503 1723 576 1752 tuo
600 1712 786 1752 venditu.
849 1711 1094 1752 Invalitudo
1127 1723 1199 1752 tua
1221 1726 1288 1752 me
1311 1711 1430 1751 valde
1453 1710 1698 1750 conturbat.
1722 1709 1779 1748 si-

348 1770 558 1825 gnificant
589 1769 701 1809 enim
727 1779 811 1809 tuae
835 1768 1004 1819 litterae,
1029 1778 1068 1809 te
1093 1783 1262 1824 prorsus
1285 1768 1490 1809 laborare.
1512 1781 1594 1822 ego
1617 1776 1777 1814 autem,

349 1841 447 1867 cum
486 1826 633 1877 seiam,
666 1840 792 1880 quam
836 1827 891 1866 sis
934 1825 1071 1876 fortis,
1110 1826 1402 1866 vehementius
1445 1838 1535 1865 esse
1572 1823 1777 1879 quiddam

1087 1955 1388 2011 habitururnfquod
1410 1975 1577 2010 queratur.
1621 1968 1684 2000 Sed
1705 1968 1738 1999 id
1752 1968 1787 1999 ei

1087 2015 1225 2044 liberum
1243 2015 1298 2051 sit,
1316 2015 1474 2043 irascatur
1489 2022 1548 2043 nec
1565 2021 1616 2042 ne.

1130 2057 1169 2086 26
1193 2056 1241 2086 H.
1257 2067 1285 2095 q.
1299 2065 1429 2093 curam,
1442 2053 1714 2094 quemadmodum
1729 2061 1785 2081 ex-

391 2100 431 2129 (Ζῖ
471 2096 658 2135 Lartidius]
709 2096 866 2126 Imitatur
901 2096 1043 2134 Lam-tis,
1084 2099 1271 2137 perimitur]
1317 2097 1468 2127 Arbitror
1497 2097 1537 2127 ad
1568 2096 1783 2126 Philotimum

350 2140 488 2180 Ulyssis.
1089 2140 1251 2180 pertinere
1265 2151 1274 2177 3
1298 2138 1571 2178 quemadmodum
1587 2147 1662 2168 eum
1679 2145 1784 2179 remo-

390 1974 426 2002 ‘21
453 1970 510 2011 dij.
538 1981 587 2001 me
610 1971 720 2000 abillo
746 1970 828 2010 volo]
854 1971 879 2001 Α
905 1971 1043 2002 Philoti-

349 2013 564 2086 ῗοῖοὶίὺωτυ,
595 2023 693 2053 opera
728 2014 796 2052 ejus
827 2014 874 2043 uti
904 2015 1044 2054 amplius

392 2185 431 2214 93
458 2179 685 2219 Proecicmum]
712 2179 885 2210 Hereditas
909 2180 1046 2210 Praecia-

351 2233 405 2254 na.
424 2235 454 2253 v.
472 2224 556 2263 Epp.
574 2223 633 2258 Vi,
648 2226 679 2256 9.

393 2269 434 2296 24
457 2266 501 2295 ad
521 2269 551 2295 te
576 2263 805 2302 redacturum]
832 2264 877 2293 ml
897 2268 938 2300 te,
957 2268 993 2293 ut
1010 2268 1047 2293 tu

351 2319 422 2338 eam
436 2308 569 2347 recipias
582 2312 615 2337 et
624 2314 740 2337 serveS.
756 2305 865 2345 paullo
876 2306 987 2336 durius
998 2306 1048 2335 hi(-

352 2355 467 2380 sonat:
505 2358 539 2379 et
563 2349 644 2379 mihi
669 2347 835 2378 interdum
864 2358 921 2388 pro
944 2348 1051 2387 glossa

352 2396 540 2432 suspectum
563 2391 638 2422 fuit.
684 2390 717 2419 Si
732 2395 816 2419 esset
833 2399 893 2429 per
909 2395 951 2429 te,
969 2391 1050 2421 bene

352 2434 498 2464 haberet.

396 2479 435 2505 25
460 2475 530 2505 Ista
551 2478 634 2514 puto
660 2473 810 2512 ἄμεμπτα.
826 2472 921 2513 fore]
947 2473 1048 2504 Recte

354 2519 430 2547 ista.
447 2516 520 2546 edd.
539 2521 619 2546 vett.
636 2518 696 2547 ita.
742 2516 893 2546 Graecum
910 2525 975 2545 non
993 2515 1049 2546 ha-

356 2561 436 2590 bent
450 2558 522 2588 edd.
537 2568 587 2597 pr.
633 2559 742 2588 Prima
763 2557 936 2588 Cratandri
953 2557 1051 2587 habet

357 2610 500 2642 graecum
511 2600 644 2629 verbum
657 2610 666 2636 ;
677 2600 732 2629 sed
746 2601 883 2638 ἀμενηνὰ,
895 2600 980 2638 quod
990 2600 1050 2630 fal-

356 2653 393 2674 so
408 2641 572 2674 Victorius
597 2641 677 2671 dicit
701 2651 721 2670 a
736 2642 907 2672 Germanis
928 2643 1052 2672 «ditum

358 2696 418 2725 pro
429 2685 588 2724 ἄμεμπτα.
604 2692 662 2712 nec
671 2682 900 2721 dubitandum,
913 2684 943 2713 id
957 2695 974 2714 e
990 2685 1054 2714 MS.

356 2732 505 2758 sumtum
520 2735 598 2756 esse.
612 2734 670 2754 nec
684 2724 717 2753 'id
731 2725 861 2764 repetiit
880 2726 1056 2766 Hervagia-

358 2780 414 2805 na,
429 2769 484 2799 sed
500 2772 624 2798 veteres
638 2771 751 2796 secuta
765 2772 826 2796 est.
852 2768 971 2798 Sensus
984 2774 1052 2798 est:

358 2813 434 2852 quia
450 2812 496 2841 ita
520 2819 587 2840 rem
604 2807 676 2847 ago,
699 2813 737 2837 ut
750 2809 780 2838 >ei
807 2819 872 2839 non
890 2810 992 2839 alium
1016 2810 1055 2840 li-

1089 2192 1161 2212 vere
1179 2183 1264 2211 bono
1288 2181 1427 2220 quodam
1455 2181 1551 2211 modo
1567 2191 1586 2210 a
1610 2189 1642 2209 re
1671 2184 1784 2208 nostra

1090 2224 1276 2264 pecuniaria
1315 2223 1585 2258 administranda,
1617 2227 1651 2251 et
1686 2230 1784 2259 pecu-

1091 2267 1179 2296 niam
1204 2271 1363 2301 nostram,
1389 2275 1485 2303 quam
1503 2265 1535 2294 in
1560 2263 1708 2293 manibus
1724 2263 1784 2293 ha-

1092 2309 1159 2344 bet,
1187 2309 1215 2337 ei
1240 2315 1432 2346 extorquere
1458 2307 1627 2347 possimus
1651 2305 1785 2344 quidam

1092 2350 1131 2379 de
1152 2350 1320 2389 triumpho
1336 2349 1476 2388 petendo
1492 2347 1704 2387 intelligunt:
1728 2346 1785 2377 sed

1093 2393 1120 2421 ei
1139 2402 1204 2422 non
1219 2391 1420 2421 conveniunt
1436 2391 1626 2430 sequentia:
1650 2390 1786 2419 ostendi·

1093 2435 1134 2463 sti
1150 2434 1342 2473 quibusdam
1368 2435 1481 2468 [iterim
1501 2437 1532 2462 et
1556 2433 1591 2461 in
1616 2441 1650 2460 eo
1673 2441 1731 2469 ego
1755 2435 1786 2460 te

1092 2475 1266 2516 arljuvclbo.
1290 2485 1484 2514 quamquain
1501 2480 1534 2503 et
1557 2474 1589 2502 in
1606 2472 1662 2502 illa
1686 2473 1787 2502 ratio-

1094 2528 1134 2547 ne
1150 2528 1215 2547 non
1240 2517 1330 2547 video
1352 2526 1482 2547 sensum
1506 2525 1618 2545 corum
1642 2524 1789 2545 commo-

1094 2560 1170 2589 dum
1186 2560 1274 2589 satis.

1137 2605 1176 2635 Ξῖ
1200 2598 1453 2640 tuaselicitale]
1485 2598 1558 2637 Qua
1583 2604 1621 2628 tu
1649 2608 1683 2629 es
1710 2607 1789 2628 usus

1098 2644 1146 2673 vel
1164 2644 1211 2673 uti
1235 2643 1342 2673 soles?
1374 2651 1415 2671 an
1432 2640 1507 2679 quia
1529 2647 1645 2670 ventus
1669 2641 1724 2670 ille
1739 2650 1790 2670 se-

1098 2685 1223 2715 cundus
1252 2685 1342 2715 flavit
1366 2684 1406 2714 ab
1431 2683 1544 2722 Epiro,
1567 2690 1602 2712 ct
1633 2683 1723 2722 quasi
1750 2684 1790 2713 ab

1098 2727 1210 2757 Attico
1225 2727 1236 2755 ?

1141 2772 1180 2799 28
1201 2778 1261 2807 pro
1288 2772 1343 2798 tito
1368 2766 1513 2805 vendita]
1544 2766 1621 2796 Non
1643 2765 1790 2796 dubitavi

1099 2811 1143 2840 sic
1161 2811 1254 2840 cdere
1277 2810 1315 2840 de
1338 2809 1518 2839 certissimo
1534 2809 1565 2840 δ.
1584 2808 1619 2838 Ρ.
1635 2808 1791 2839 Gronovii

357 2854 500 2889 bertum,
515 2850 696 2882 similemve
720 2851 871 2890 praesuro,
888 2856 969 2890 puto
985 2861 1051 2882 non
1091 2852 1228 2891 judicio,
1245 2862 1303 2893 pro
1317 2851 1452 2881 vendito.
