1940 3231
726 106 933 145 LIBER
960 106 1012 145 Π,

503 210 762 253 MARCUS
797 211 854 258 Q.
887 207 1116 251 FRATRI
1150 209 1195 250 S.

146 265 527 321 EPISTOLAM
567 279 679 320 hanc
715 279 915 327 convicio
954 277 1247 333 efflagitarunt
1282 277 1469 318 codicilli
1512 281 1590 321 tui.

145 350 252 377 nam
283 352 347 378 res
378 337 550 391 quidem
583 337 691 392 ipsa,
713 346 756 376 et
785 336 820 376 is
842 336 947 386 dies,
970 349 1056 390 quo
1081 345 1123 375 tu
1147 350 1190 375 es
1220 334 1453 390 profectus,
1485 338 1591 378 nihil

146 393 256 434 mihi
275 394 327 434 ad
345 394 617 435 scribendum
636 394 878 448 argumenti
893 407 994 433 sane
1015 392 1160 432 dabat.
1213 392 1296 433 Sed
1310 393 1590 447 quemadmo-

147 451 252 492 dum
287 466 432 492 coram
462 466 558 493 cum
593 465 753 502 sumus,
777 465 915 491 sermo
944 450 1067 491 uobis
1095 450 1241 490 deesse
1268 464 1353 490 non
1385 449 1507 499 solet,
1530 452 1591 493 sic

147 508 344 563 epistolae
376 518 535 549 nostrae
566 508 726 548 debent
751 508 964 550 interdum
988 507 1240 547 halucinari.
1301 506 1592 548 Tenediorum

145 564 284 619 igitur
311 566 484 606 libertas
515 565 652 606 securi
684 564 874 606 Tenedia
897 564 1077 621 praecisa
1098 573 1177 604 est.
1210 578 1306 604 cum
1331 579 1403 605 eos
1435 575 1594 620 praeter

147 636 235 672 me,
268 632 310 662 et
346 622 567 672 Bibulum,
600 632 642 662 et
678 622 910 672 Calidium,
940 633 984 663 et
1015 621 1251 661 Favonium
1288 636 1415 662 nemo
1443 622 1592 663 defen-

145 679 280 720 deret.
340 682 379 710 58
399 679 465 720 De
498 690 538 720 te
568 680 707 736 magis
737 681 791 720 ab
822 678 972 735 Sipylo
997 679 1159 719 mentio
1182 690 1246 718 est
1269 679 1508 720 honorifica
1530 680 1594 721 fa-

145 746 230 787 cta,
259 751 358 777 cum
385 747 427 777 te
452 752 581 777 unum
605 737 799 778 dicerent
831 740 871 770 59
887 736 1166 792 postulationi
1193 735 1240 776 L.
1274 737 1411 777 Sextii
1438 737 1593 778 Pansae

143 793 370 836 restitisse.
434 794 629 849 Reliquis
659 794 825 845 diebus,
848 794 881 834 si
905 794 1008 848 quid
1032 793 1127 843 erit,
1150 793 1263 848 quod
1291 805 1331 834 te
1355 795 1461 835 scire
1484 810 1592 850 opus

147 851 218 901 sit,
240 860 315 892 aut
348 851 517 892 etiamsi
550 851 657 892 nihil
687 852 783 902 erit,
808 862 949 892 tamen
981 851 1166 891 scribam
1197 851 1391 905 quotidie
1415 851 1638 907 aliquid-b,

144 907 264 950 Prid.
310 908 376 950 Id.
421 923 560 964 neque
604 909 699 960 tibi,
736 923 874 964 neque
914 908 1160 963 Pomponio
1197 909 1339 948 deero.
1403 908 1592 950 Lucretii

144 965 363 1022 po'e'mata,
390 975 437 1006 ut
471 966 638 1016 scribis,
660 967 777 1006 6Oita
808 974 933 1007 sunt:
968 980 1052 1005 non
1089 964 1233 1005 multis
1268 965 1503 1007 luminibus
1530 968 1595 1007 in-

144 1024 280 1079 genii,
313 1024 460 1064 mulrae
494 1034 635 1064 tamen
671 1024 790 1064 artis.
852 1023 935 1064 Sed
971 1037 1069 1063 cum
1108 1023 1287 1073 veneris,
1322 1023 1357 1053 ‘5¹
1379 1024 1514 1064 virum
1551 1035 1594 1065 te

144 1081 325 1136 putabo,
359 1082 390 1122 si
426 1083 466 1111 62
482 1080 673 1122 Sallustii
709 1080 1000 1138 Empedoclea
1036 1079 1213 1136 legeris:
1248 1080 1468 1122 hominem
1503 1097 1591 1123 non

147 1139 326 1196 putabO.
389 1137 506 1179 Vale.

1516 110 1589 148 921

663 1239 1067 1277 ARGUMENTUM.

146 1303 333 1344 Quomodo
352 1303 475 1351 Appio
497 1302 644 1338 Consuli
662 1304 853 1345 restiterit,
873 1308 908 1338 et
934 1315 1013 1338 cum
1035 1304 1174 1339 Caesare
1193 1315 1262 1351 per
1280 1304 1423 1340 litteras
1442 1303 1592 1351 jocatus

693 1357 756 1396 sit,
777 1360 1044 1392 commemorat.

518 1421 780 1464 MARCUS
815 1423 872 1469 Q.
906 1421 1137 1463 FRATRI
1171 1423 1216 1464 S.

142 1480 183 1515 63
199 1479 475 1533 GAUDEO
509 1492 587 1532 tibi
617 1491 835 1546 jucundas
865 1505 956 1532 esse
986 1505 1101 1532 meas
1125 1490 1311 1533 litteras:
1345 1507 1424 1534 nec
1447 1502 1591 1536 tamen

142 1548 390 1590 habuissem
421 1549 637 1590 scribendi
667 1563 781 1590 nunc
808 1549 982 1604 quidem
1008 1549 1140 1590 ullum
1165 1561 1485 1605 argumentum,
1511 1553 1592 1594 nisi

142 1616 238 1647 tuas
261 1606 538 1662 accepissem.
572 1621 670 1646 nam
694 1606 804 1661 prid.
838 1605 903 1646 Id.
927 1621 1024 1647 cum
1048 1605 1217 1662 Appius
1242 1618 1435 1648 senatum
1462 1609 1594 1651 infre-

143 1673 347 1719 quentem
382 1664 612 1720 coegisset,
637 1673 806 1704 tantum
841 1663 925 1703 fuit
958 1663 1111 1719 frigus,
1135 1673 1182 1703 ut
1209 1665 1358 1720 populi
1391 1667 1592 1708 convicio

142 1731 321 1762 coaetus
344 1721 398 1762 sit
422 1737 498 1762 nos
521 1722 753 1762 dimittere.
816 1720 884 1762 De
908 1720 1208 1777 Commageno
1232 1737 1346 1778 rege,
1366 1725 1481 1778 quod
1505 1739 1595 1766 rem

144 1787 281 1819 totam
303 1779 602 1828 discusseram,
629 1779 810 1819 mirifice
832 1778 937 1819 mihi
962 1789 1004 1819 et
1029 1793 1102 1834 per
1127 1793 1185 1828 se,
1217 1790 1259 1819 ct
1294 1795 1367 1836 per
1402 1781 1594 1838 Pompo-

144 1836 266 1877 nium
288 1836 329 1866 64
344 1836 560 1877 blanditur
580 1836 767 1891 Appius.
830 1836 961 1876 Videt
981 1837 1112 1887 enim,
1135 1836 1219 1877 hoc
1241 1852 1399 1893 genere
1420 1839 1593 1882 dicendi

144 1893 178 1934 si
203 1903 299 1934 utar
321 1893 364 1934 in
388 1894 557 1946 ceteris,
578 1894 619 1924 65
638 1893 921 1934 Februarium
945 1893 1131 1934 sterilem
1151 1894 1371 1938 futurum:
1405 1911 1592 1953 eumque

143 1950 226 1992 lusi
254 1951 408 2007 jocose
442 1952 571 1993 satis:
604 1966 744 2007 neque
778 1950 914 1992 solnm
949 1951 1052 1992 illud
1074 1952 1114 1982 66
1129 1953 1294 1993 extorsi
1317 1955 1591 2010 oppidulum,

144 2009 259 2064 quod
287 2018 378 2050 erat
412 2009 602 2065 positum
636 2010 679 2051 in
714 2008 935 2065 Euphrate
965 2009 1004 2042 Gr
1020 2018 1063 2049 et
1085 2009 1348 2066 Zeugmate:
1383 2013 1456 2053 secl
1483 2028 1595 2070 prae-

1609 1249 1659 1286 12

187 2192 227 2221 58
249 2189 305 2222 De
325 2193 357 2220 te
372 2190 480 2229 magis
495 2190 536 2220 ab
560 2189 685 2231 Sipylo]
713 2191 787 2223 Hoc
802 2193 850 2223 vi-

143 2233 269 2263 tiosum
285 2237 347 2263 est.
385 2233 552 2263 Victorius
569 2234 724 2273 corrigit:
749 2235 804 2265 De
818 2240 850 2265 te

144 2275 357 2314 lllagnetihus
378 2284 401 2305 a
424 2275 549 2315 Sipylo,
565 2276 724 2316 probante
747 2277 848 2309 Lam-

143 2317 224 2348 bino
239 2323 273 2348 et
290 2318 373 2348 aliis.

189 2363 228 2395 59
237 2361 453 2400 postulationi
468 2361 510 2391 L.
528 2360 634 2391 Sextii
650 2360 711 2401 P.]
739 2362 851 2392 Publi-

145 2403 232 2439 cani‚
248 2408 287 2433 ut
304 2405 432 2443 opinor.

187 2445 229 2475 60
252 2446 313 2476 lica
333 2451 409 2476 sunt
433 2455 478 2476 m.
502 2446 692 2485 [caninibus]
720 2447 781 2477 lita
798 2457 852 2477 ve-

144 2496 219 2517 rum
239 2498 309 2518 esse
332 2498 398 2519 non
424 2493 546 2529 potest,
563 2488 643 2519 adeo
659 2489 815 2520 abhorret
831 2500 851 2520 a

146 2530 334 2561 luminibus.
379 2531 546 2561 Victorius
561 2531 709 2569 corrigit,
724 2542 787 2561 non
802 2533 852 2562 ila

148 2582 193 2603 m.
209 2574 244 2609 l.‚
260 2573 346 2612 quod
358 2573 442 2603 bene
455 2573 612 2603 convenit
633 2583 719 2613 seqq.
742 2576 854 2604 multoe

148 2618 261 2645 tamen
272 2616 366 2647 artis.
379 2616 428 2645 ita
441 2620 491 2645 est
504 2616 538 2645 in
550 2615 602 2646 ed.
617 2616 708 2646 aens.
725 2617 852 2654 malim,

147 2661 186 2687 ut
204 2657 328 2694 scribis,
343 2659 392 2688 ita
406 2661 502 2688 sunt:
524 2668 588 2688 non
604 2660 718 2689 mrdtis
732 2660 812 2689 lum.
828 2661 853 2690 τ’.

150 2700 211 2730 ἃς.
242 2709 303 2731 nec
330 2700 476 2730 dubitavi
507 2701 556 2731 ita
583 2701 692 2731 cdere.
721 2702 853 2741 quidam

149 2741 232 2772 Mss.
249 2744 351 2773 etiam
367 2742 493 2772 addunt
507 2747 543 2773 at
558 2748 635 2773 ante
652 2746 776 2775 mzcltre.

193 2785 231 2814 61
257 2787 368 2815 virum
392 2789 424 2815 te
444 2786 685 2825 p.—]zominem
707 2797 771 2817 non
791 2797 857 2826 pu-

147 2827 240 2866 tabo]
274 2827 460 2862 Patientem
484 2827 604 2858 laboris
628 2834 662 2859 et
687 2829 859 2866 molestiae,

152 2869 208 2901 scd
238 2869 308 2900 sine
339 2879 437 2902 sensu
472 2870 704 2911 humanitatis,
741 2872 860 2914 pulcri,

893 2191 1023 2221 venusti
1041 2191 1101 2222 Sco.

937 2234 978 2263 62
1006 2233 1160 2264 Sallustii
1189 2233 1421 2278 Empedoclea]
1453 2239 1598 2272 Carmen

891 2276 930 2306 de
958 2275 1167 2316 philosophia
1194 2278 1414 2318 Empedoclie,
1438 2282 1599 2322 scriptum

891 2319 1051 2349 brevitate
1069 2320 1205 2349 molesta
1222 2326 1256 2351 et
1272 2323 1421 2359 obscura,
1437 2326 1568 2364 opinor.

937 2362 977 2392 63
1014 2361 1161 2401 Gaudeo]
1196 2363 1291 2394 Har-,c
1318 2367 1490 2405 epistolam
1520 2378 1598 2400 cum

893 2405 994 2434 tertia
1007 2405 1270 2443 conjungendam
1287 2414 1383 2447 putat
1400 2410 1596 2441 Pontedera.

935 2447 976 2477 64
1012 2446 1182 2477 blanditur
1209 2448 1312 2489 Aps-L]
1350 2452 1496 2491 Captaus
1525 2462 1599 2491 gra-

892 2489 975 2519 tiam
1001 2498 1119 2524 meam,
1136 2494 1174 2519 ut
1197 2500 1238 2520 ne
1253 2492 1337 2522 idern
1363 2503 1460 2533 porro
1479 2488 1598 2526 faciam

895 2531 928 2561 in
956 2540 1031 2570 rege
1058 2531 1228 2573 Commag.
1254 2540 1288 2564 et
1314 2535 1386 2565 aliis
1412 2537 1600 2576 legatorum

895 2584 1008 2604 cauSlS.

938 2617 980 2647 65
1007 2616 1228 2649 Februarium
1255 2621 1399 2651 sterilem
1415 2620 1599 2661 fusurum]

897 2659 979 2696 Sibi,
1004 2670 1047 2690 sc.
1073 2661 1106 2690 in
1130 2663 1320 2692 muneribus
1342 2664 1537 2704 accipiendis
1560 2666 1602 2694 ab

898 2711 972 2741 rege
997 2709 1031 2733 et
1057 2703 1139 2738 aliis,
1162 2705 1215 2742 qni
1244 2715 1302 2745 per
1327 2705 1452 2745 legatos
1479 2706 1606 2745 aliquid

897 2751 1050 2784 peterent
1065 2756 1085 2775 a
1099 2752 1229 2776 senatu.

942 2788 983 2818 6‘0·
998 2789 1118 2818 extorsi
1134 2789 1337 2829 oppidulum]
1358 2790 1454 2829 Quod
1470 2791 1606 2831 petebat

901 2840 968 2860 rex.
992 2831 1098 2867 effeci,
1113 2840 1154 2860 ne
1170 2832 1236 2869 regi
1252 2833 1497 2866 concederetur.

945 2874 985 2908 67
1008 2878 1038 2905 et
1053 2873 1256 2914 Zeugmate]
1280 2885 1308 2906 v.
1324 2875 1416 2906 Clav.
