1940 3231
721 128 926 169 LIBER
968 127 1015 165 V.
1510 130 1586 166 569

140 252 259 283 *esset
289 238 341 281 de
371 254 466 282 mea
502 235 738 278 domestica
770 242 814 273 et
843 233 1036 273 maxima
1064 243 1168 270 cura
1197 228 1380 280 loeutus,
1407 239 1450 270 et
1481 231 1586 285 quid

153 299 232 339 tibi
256 306 366 338 esset
395 297 548 337 visum.
579 292 733 333 amabo
763 298 819 339 te,
842 289 1046 330 incumbe
1068 286 1111 327 in
1134 300 1225 326 eam
1250 301 1352 336 rem,
1378 295 1420 326 et
1444 288 1496 327 ad
1518 303 1587 328 me

152 355 306 405 scribe,
329 357 346 388 7
362 354 463 409 quid
488 362 531 392 et
552 349 702 406 possit,
724 355 767 387 et
795 356 843 387 tu
866 359 1054 387 censeas.
1116 342 1238 383 Idem
1262 343 1447 398 scripsit,
1471 342 1588 384 Hor-

153 413 340 452 tensium
359 412 411 452 de
429 405 700 465 proroganda
717 412 864 445 nostra
887 401 1109 459 provincia
1129 399 1290 441 dixisse
1306 399 1449 440 nescio
1470 400 1588 454 quid.

151 469 260 510 mihi
283 468 326 508 in
359 468 570 514 Cumano,
591 461 937 518 diligentissime,
967 474 1025 511 se,
1048 467 1110 510 ut,
1133 459 1265 499 annui
1288 471 1490 506 essemUS,
1517 456 1592 496 de-

153 525 387 574 fensurum,
411 528 640 577 receperat.
689 520 723 559 si
760 519 993 574 quicquam
1029 530 1097 557 me
1131 530 1263 567 amas,
1294 515 1411 556 hunc
1447 513 1593 554 locum

154 582 289 623 muni.
319 580 405 621 dici
427 593 512 619 non
546 585 703 633 potest,
725 590 851 631 quam
886 575 1047 615 invitus
1078 589 1103 614 a
1130 573 1254 613 vobis
1276 573 1429 613 absim.
1460 580 1504 610 et
1535 570 1593 610 si-

154 638 243 680 mul
266 637 375 677 hanc
397 635 578 691 gloriam
606 634 792 689 justitiae
822 641 866 673 et
887 631 1163 672 abstinentias
1195 629 1285 670 fore
1316 628 1593 670 illustriorem

154 708 292 751 spere,
315 694 348 734 si
371 695 460 734 cito
483 692 812 733 decesserimus:
851 690 890 730 id
915 689 1029 743 quod
1055 687 1262 728 Scaevolae
1285 685 1487 741 contigit,
1517 684 1592 739 qui

153 751 263 793 solos
286 764 440 791 novem
464 763 628 789 menses
647 748 764 788 Asize
787 745 974 802 praefuit.
1035 744 1203 800 Appius
1227 753 1384 792 noster,
1404 757 1502 784 cum
1522 756 1593 782 me

153 808 383 850 adventare
424 807 602 855 videret,
634 804 852 860 profectus
882 812 947 844 est
977 801 1158 843 Tarsum
1191 816 1324 857 usque
1362 799 1589 841 Laodicea.

154 865 214 907 ibi
236 863 378 905 forum
401 864 508 920 agit,
527 877 626 904 cum
649 877 731 917 ego
754 863 834 902 sim
866 861 907 901 in
935 860 1179 915 provincia3
1211 874 1338 914 quaxn
1359 859 1450 913 ejus
1478 855 1633 910 inju-b.

153 922 262 963 riam
285 936 369 962 non
392 922 594 962 insector.
618 922 719 960 satis
738 919 852 960 enim
876 918 1013 958 habeo
1033 915 1197 972 negotii
1218 918 1260 956 in
1284 914 1482 956 sanandis
1501 912 1592 953 vul-

153 979 343 1031 neribus,
365 994 462 1034 quae
486 987 585 1018 sunt
603 977 806 1032 imposita
829 975 1078 1030 provinciae.
1110 973 1242 1028 quod,
1261 973 1316 1014 do
1336 985 1526 1028 operam,
1547 980 1595 1011 ut

155 1036 313 1082 faciam
350 1050 478 1091 quam
512 1034 693 1075 minima
731 1033 841 1073 illius
877 1031 1153 1072 contumelia.
1202 1031 1274 1071 sed
1305 1030 1388 1071 hoe
1423 1028 1594 1069 8Bmto

155 1103 304 1134 nostro
341 1092 467 1133 velim
511 1092 643 1142 dicas,
677 1091 797 1131 illum
829 1089 982 1130 fecisse
1020 1103 1105 1128 non
1148 1087 1270 1139 belle,
1302 1088 1374 1142 qui
1408 1086 1598 1128 adventu

155 1165 268 1201 meo,
292 1165 420 1206 quam
444 1149 694 1205 longissime
717 1147 921 1203 potuerit,
941 1145 1198 1186 discesserit.

597 1234 833 1278 CICERO
863 1233 1093 1275 ATTICO
1126 1234 1171 1275 S.
1615 1251 1664 1294 13

164 1297 363 1356 QUAM
386 1304 536 1346 vellem
561 1303 716 1345 Romae
749 1317 876 1354 esseS‚
899 1303 935 1343 si
967 1301 1078 1342 forte
1109 1317 1196 1344 non
1217 1317 1286 1345 es:
1318 1302 1459 1344 9nihil
1483 1302 1600 1357 enim

161 1363 267 1406 certi
292 1363 573 1413 habebamus,
593 1362 674 1403 nisi
698 1361 916 1417 accepisse
946 1374 1024 1400 nos
1051 1369 1143 1401 tuas
1166 1360 1329 1402 litteras
1352 1377 1389 1402 a.
1412 1361 1454 1402 d.
1478 1375 1598 1402 xnu

165 1422 264 1463 Kal.
297 1421 418 1462 Sext.
448 1421 596 1461 datas:
629 1419 673 1460 in
704 1419 861 1474 quibus
892 1418 1102 1473 scriptum
1136 1427 1261 1469 esset,
1286 1428 1327 1459 te
1352 1419 1395 1460 in
1420 1418 1602 1474 Epirum

164 1478 325 1520 iturum
356 1478 526 1518 circiter
560 1477 658 1518 Kal.
691 1475 893 1517 Sextiles.
926 1475 1015 1525 sed,
1042 1475 1131 1515 sive
1163 1475 1318 1517 Romae
1349 1491 1408 1527 es,
1437 1478 1527 1517 sive
1557 1476 1603 1517 in

162 1535 311 1591 Epiro,
331 1535 480 1575 Parthi
502 1533 753 1590 Euphraten
773 1531 1035 1574 transierunt
1053 1532 1162 1573 duce
1182 1532 1364 1585 Pacoro,
1400 1536 1436 1563 ¹0
1451 1533 1605 1584 Orodi,

160 1593 274 1649 regis
296 1592 573 1643 Parthorum,
594 1591 699 1641 filio,
722 1590 891 1632 cunctis
909 1589 996 1630 fere
1018 1589 1172 1645 copiis.
1209 1590 1392 1632 Bibulus
1412 1591 1606 1632 nondum

163 1650 418 1691 audiebatur
449 1663 541 1690 esse
579 1648 624 1690 in
658 1648 798 1703 Syria.
861 1646 1037 1688 Cassius
1077 1648 1120 1687 in
1159 1648 1323 1704 oppido
1355 1648 1606 1690 Antiochiae

162 1722 262 1749 cum
295 1707 414 1748 omni
443 1706 654 1748 exercitu.
687 1721 766 1747 nos
804 1705 849 1746 in
883 1704 1165 1760 Cappadocia
1197 1706 1250 1746 ad
1283 1705 1473 1747 Taurum
1507 1720 1607 1747 cum

163 1764 360 1818 egrercitu
391 1764 444 1806 ad
483 1763 703 1820 Cybistra.
743 1762 880 1804 hostis
914 1762 960 1803 in
993 1761 1299 1817 Cyrrhestica3
1341 1779 1438 1820 quae
1469 1763 1608 1819 Syriae

164 1836 264 1879 pars
296 1822 498 1878 proxima
527 1831 592 1862 est
627 1821 865 1877 provinciae
887 1833 1012 1861 meae.
1043 1819 1110 1860 his
1145 1820 1198 1861 de
1224 1822 1348 1863 rebus
1381 1820 1531 1878 scripsi
1555 1820 1610 1861 ad

163 1887 382 1921 senatum:
419 1894 524 1935 quas
548 1878 727 1929 litteras,
755 1878 789 1918 si
814 1877 970 1918 Romae
1005 1891 1064 1927 eS,
1091 1877 1272 1930 videbis,
1302 1887 1483 1934 putesne
1512 1878 1608 1920 red-

166 1936 343 1988 dendas‚
366 1944 410 1977 et
440 1936 591 1987 multa,
620 1936 755 1976 immo
786 1935 957 1976 omnia:
990 1948 1174 1989 quorum
1199 1939 1397 1986 κεφάλαιον,
1419 1950 1474 1977 ne
1503 1935 1609 1990 quid

164 1994 278 2035 inter
309 2008 422 2035 caesa
448 2003 493 2034 et
521 2002 736 2049 porrecta,
765 2001 814 2034 ut
843 1992 980 2043 aiunt,
1012 1992 1153 2033 oneris
1186 1993 1292 2033 mihi
1325 1993 1506 2034 addatur
1534 2001 1611 2033 aut

168 2050 393 2106 temporiS.
424 2051 550 2091 nobis
572 2050 702 2101 enim,
725 2050 806 2091 hac
837 2049 1090 2091 infirmitate
1118 2051 1350 2101 exercitus,
1373 2050 1522 2106 inopia
1542 2064 1611 2090 so-

168 2109 352 2161 ciorum,
395 2108 636 2163 praesertim
682 2107 889 2157 fidelium,
932 2107 1221 2148 certissimum
1263 2108 1503 2149 subsidium
1544 2116 1611 2148 est

169 2166 324 2207 hiems.
362 2179 413 2205 ea
450 2165 484 2205 si
520 2164 699 2215 venerit,
727 2179 808 2206 nec
847 2165 908 2206 illi
946 2174 1046 2205 ante
1080 2165 1124 2205 in
1162 2179 1303 2206 meam
1339 2165 1610 2221 provinciam

170 2222 434 2273 transierint,
466 2236 597 2263 unum
633 2236 796 2274 vereor,
825 2220 880 2263 n'e
911 2231 1099 2273 senatus,
1130 2231 1308 2278 propter
1347 2223 1608 2264 urbanarum

170 2294 313 2322 rerum
339 2289 520 2331 metum,
543 2278 804 2336 Pompeium
838 2282 871 2310 11
894 2278 1004 2320 nolit
1026 2279 1260 2321 dimittere.
1291 2280 1445 2336 quodsi
1477 2280 1607 2321 alium
1620 2277 1718 2348 {7³-

213 2429 232 2459 7
255 2425 335 2466 quid
354 2429 385 2456 et
401 2426 504 2465 possit
516 2429 547 2456 ec
562 2430 599 2456 m
608 2425 751 2465 censeas]
770 2426 873 2466 possit
915 2425 998 2456 bene
1020 2425 1201 2458 cohaerent.
1226 2436 1304 2457 nam
1327 2426 1410 2457 illud
1432 2427 1518 2458 nihil
1535 2429 1619 2458 certa·

171 2468 367 2510 intelligunt
367 2468 463 2509 fieri.
492 2468 556 2499 Sed
571 2468 604 2498 id
617 2473 667 2499 est
683 2469 718 2499 in
732 2478 871 2500 censeas.
916 2468 1112 2499 habebamus
1134 2477 1197 2506 est,
1215 2469 1298 2499 nihil
1318 2470 1399 2500 certi
1422 2470 1618 2509 sciebamus,

173 2511 252 2549 quia
273 2511 308 2540 in
331 2510 395 2540 hoc
410 2510 543 2542 additur
568 2515 618 2548 tn,
635 2510 764 2541 videtur
780 2515 814 2542 et
839 2512 873 2541 in
916 2520 1135 2550 cognoramus
1156 2513 1285 2541 nunciis
1307 2516 1366 2543 aut
1389 2512 1506 2549 literiS,
1523 2512 1562 2543 de
1579 2523 1619 2544 ea

174 2553 279 2593 primo
295 2553 444 2583 membro
457 2562 640 2594 pronomen
653 2553 765 2583 fuisse.
787 2554 874 2584 forte
917 2562 965 2589 re,
980 2554 1096 2584 Romae
1110 2554 1165 2590 sit,
1181 2563 1240 2584 nec
1258 2564 1310 2585 ne.
1341 2554 1404 2585 Sed
1417 2555 1447 2584 εἰ
1461 2563 1528 2585 non
1540 2564 1619 2585 con-

178 2595 308 2635 scripsit
332 2595 470 2625 Cicero:
499 2596 579 2635 quid
598 2596 654 2626 ille
662 2597 765 2635 possit
787 2600 818 2626 et
842 2600 878 2626 tu
920 2597 1024 2632 venit,
1049 2597 1112 2625 nisi
1138 2597 1294 2636 accepisse
1316 2607 1372 2627 nos
1396 2601 1421 2627 t.
1451 2598 1473 2626 l.
1508 2598 1620 2636 itaque

176 2646 315 2667 censeas.
326 2638 374 2667 ita
387 2639 531 2677 primum
542 2637 719 2668 referretur
730 2637 771 2668 ad
780 2638 874 2668 illud:
922 2638 1003 2668 mihi
1016 2638 1114 2668 verba
1128 2640 1284 2678 accepisse
1294 2650 1350 2670 nos
1363 2642 1514 2679 suspecta
1527 2644 1619 2676 sunt,

178 2688 250 2717 quoe
261 2683 339 2710 esset
354 2680 393 2709 (le
409 2689 609 2710 mea—eura
622 2684 729 2710 tecum
743 2682 878 2718 locutus,
922 2680 1040 2720 quibus
1055 2679 1171 2710 deletis
1185 2682 1299 2712 omnia
1311 2682 1412 2723 plana
1426 2681 1551 2712 forent.

181 2721 323 2751 alterum
340 2721 381 2751 ad
394 2721 475 2752 hoc:
499 2723 580 2762 quid
593 2723 651 2752 tibi
665 2727 745 2753 esset
758 2724 878 2754 visum.
969 2725 1006 2752 10
1032 2723 1146 2761 Orodi]
1165 2733 1197 2754 v.
1214 2723 1255 2754 ad
1269 2735 1320 2764 ep.
1335 2727 1385 2755 ⁶21.

220 2765 239 2793 8
263 2763 374 2794 Bruto
398 2765 521 2804 nostro]
559 2765 687 2803 Marco,
723 2765 778 2804 qui
811 2766 877 2796 suit
966 2768 998 2795 11
1026 2767 1107 2795 nolit
1118 2767 1297 2806 dimittere]
1335 2767 1386 2797 Ad
1402 2765 1525 2796 bellum
1542 2776 1621 2797 con-

178 2803 275 2844 Appii
287 2814 398 2844 gener.
919 2811 974 2838 tra
986 2807 1125 2838 Parthos
1148 2808 1340 2848 gerendum,
1357 2814 1415 2838 aut
1436 2808 1471 2839 in
1486 2809 1620 2849 provin-

206 2851 241 2894 ·9
263 2848 347 2877 nihil
366 2849 448 2880 certi
469 2849 679 2885 habebamus,
704 2849 768 2879 nisi
789 2857 878 2879 acce·
920 2851 1006 2881 ciam
1021 2849 1133 2888 aliam,
1146 2861 1177 2882 v.
1193 2850 1279 2882 infra
1293 2861 1343 2891 ep.
1361 2852 1410 2881 21.

173 2897 262 2928 pesse
280 2894 429 2922 noctuas
455 2892 567 2923 literas
591 2891 666 2932 &c.]
707 2891 785 2923 Non
807 2891 878 2922 haec
