<?xml version="1.0" encoding="UTF-8"?>
<!DOCTYPE html PUBLIC "-//W3C//DTD XHTML 1.0 Transitional//EN"
    "http://www.w3.org/TR/xhtml1/DTD/xhtml1-transitional.dtd">
<html xmlns="http://www.w3.org/1999/xhtml" xml:lang="en" lang="en">
 <head>
  <title>
</title>
<meta http-equiv="Content-Type" content="text/html;charset=utf-8" />
  <meta name='ocr-system' content='tesseract 3.04.00' />
  <meta name='ocr-capabilities' content='ocr_page ocr_carea ocr_par ocr_line ocrx_word'/>
</head>
<body>
  <div class='ocr_page' id='page_1' title='image "./p2operaomnia03ciceuoft_0359.png"; bbox 0 0 1940 3231; ppageno 0'>
   <div class='ocr_carea' id='block_1_1' title="bbox 692 163 1588 212">
    <p class='ocr_par' dir='ltr' id='par_1_1' title="bbox 692 163 1588 212">
     <span class='ocr_line' id='line_1_1' title="bbox 692 163 1588 212; baseline -0.001 -8"><span class='ocrx_word' id='word_1_1' title='bbox 692 163 896 204; x_wconf 89' lang='lat' dir='ltr'>LIBER</span> <span class='ocrx_word' id='word_1_2' title='bbox 933 163 1047 203; x_wconf 87' lang='lat' dir='ltr'><strong>XIII.</strong></span> <span class='ocrx_word' id='word_1_3' title='bbox 1511 172 1588 212; x_wconf 71' lang='lat'>783</span> 
     </span>
    </p>
   </div>
   <div class='ocr_carea' id='block_1_2' title="bbox 147 267 1634 1335">
    <p class='ocr_par' dir='ltr' id='par_1_2' title="bbox 147 267 1634 1335">
     <span class='ocr_line' id='line_1_2' title="bbox 151 267 1634 327; baseline 0.003 -20"><span class='ocrx_word' id='word_1_4' title='bbox 151 270 294 318; x_wconf 71' lang='grc' dir='ltr'><strong><em>φώησυ.</em></strong></span> <span class='ocrx_word' id='word_1_5' title='bbox 313 269 534 311; x_wconf 82' lang='lat' dir='ltr'>biennium</span> <span class='ocrx_word' id='word_1_6' title='bbox 556 269 778 327; x_wconf 85' lang='lat' dir='ltr'>praeteriit,</span> <span class='ocrx_word' id='word_1_7' title='bbox 798 283 894 308; x_wconf 87' lang='lat' dir='ltr'>cum</span> <span class='ocrx_word' id='word_1_8' title='bbox 915 267 984 309; x_wconf 91' lang='lat' dir='ltr'>ille</span> <span class='ocrx_word' id='word_1_9' title='bbox 1012 271 1256 314; x_wconf 61' lang='grc' dir='ltr'><strong><em>Καλλιππίδης</em></strong></span> <span class='ocrx_word' id='word_1_10' title='bbox 1278 271 1450 314; x_wconf 84' lang='lat' dir='ltr'>assiduo</span> <span class='ocrx_word' id='word_1_11' title='bbox 1461 288 1587 315; x_wconf 82' lang='lat' dir='ltr'>cursu</span> <span class='ocrx_word' id='word_1_12' title='bbox 1600 281 1634 312; x_wconf 86' lang='lat' dir='ltr'>b.</span> 
     </span>
     <span class='ocr_line' id='line_1_3' title="bbox 151 325 1589 384; baseline 0.005 -19"><span class='ocrx_word' id='word_1_13' title='bbox 151 325 347 368; x_wconf 83' lang='lat' dir='ltr'>cubitum</span> <span class='ocrx_word' id='word_1_14' title='bbox 373 327 532 368; x_wconf 87' lang='lat' dir='ltr'>nullum</span> <span class='ocrx_word' id='word_1_15' title='bbox 559 325 827 384; x_wconf 77' lang='lat' dir='ltr'>processerit.</span> <span class='ocrx_word' id='word_1_16' title='bbox 859 340 940 381; x_wconf 84' lang='lat' dir='ltr'>ego</span> <span class='ocrx_word' id='word_1_17' title='bbox 965 335 1108 365; x_wconf 85' lang='lat' dir='ltr'>autem</span> <span class='ocrx_word' id='word_1_18' title='bbox 1138 340 1203 366; x_wconf 88' lang='lat' dir='ltr'>me</span> <span class='ocrx_word' id='word_1_19' title='bbox 1230 329 1428 381; x_wconf 83' lang='lat' dir='ltr'>parabam</span> <span class='ocrx_word' id='word_1_20' title='bbox 1452 331 1504 371; x_wconf 85' lang='lat' dir='ltr'>ad</span> <span class='ocrx_word' id='word_1_21' title='bbox 1530 332 1589 382; x_wconf 90' lang='lat' dir='ltr'>id,</span> 
     </span>
     <span class='ocr_line' id='line_1_4' title="bbox 151 383 1590 441; baseline 0.004 -19"><span class='ocrx_word' id='word_1_22' title='bbox 151 383 264 436; x_wconf 84' lang='lat' dir='ltr'>quod</span> <span class='ocrx_word' id='word_1_23' title='bbox 292 384 360 425; x_wconf 90' lang='lat' dir='ltr'>ille</span> <span class='ocrx_word' id='word_1_24' title='bbox 383 385 487 425; x_wconf 79' lang='lat' dir='ltr'>mihi</span> <span class='ocrx_word' id='word_1_25' title='bbox 512 383 710 431; x_wconf 80' lang='lat' dir='ltr'>misisset,</span> <span class='ocrx_word' id='word_1_26' title='bbox 734 392 780 422; x_wconf 86' lang='lat' dir='ltr'>ut</span> <span class='ocrx_word' id='word_1_27' title='bbox 802 385 891 433; x_wconf 64' lang='grc' dir='ltr'>αὐτῷ</span> <span class='ocrx_word' id='word_1_28' title='bbox 909 385 954 432; x_wconf 65' lang='grc' dir='ltr'>τῷ</span> <span class='ocrx_word' id='word_1_29' title='bbox 968 384 1084 435; x_wconf 53' lang='lat' dir='ltr'>(aia-gog.</span> <span class='ocrx_word' id='word_1_30' title='bbox 1103 389 1160 423; x_wconf 69' lang='grc' dir='ltr'>καὶ</span> <span class='ocrx_word' id='word_1_31' title='bbox 1180 386 1284 430; x_wconf 63' lang='grc' dir='ltr'><strong><em>λώϊον,</em></strong></span> <span class='ocrx_word' id='word_1_32' title='bbox 1308 386 1340 424; x_wconf 91' lang='lat' dir='ltr'>si</span> <span class='ocrx_word' id='word_1_33' title='bbox 1367 387 1494 426; x_wconf 87' lang='lat' dir='ltr'>modo</span> <span class='ocrx_word' id='word_1_34' title='bbox 1514 402 1590 441; x_wconf 86' lang='lat' dir='ltr'>po-</span> 
     </span>
     <span class='ocr_line' id='line_1_5' title="bbox 151 437 1591 490; baseline 0.006 -15"><span class='ocrx_word' id='word_1_35' title='bbox 151 441 341 483; x_wconf 81' lang='lat' dir='ltr'>tuissem,</span> <span class='ocrx_word' id='word_1_36' title='bbox 368 456 478 482; x_wconf 74' lang='lat' dir='ltr'>nam.</span> <span class='ocrx_word' id='word_1_37' title='bbox 501 440 581 481; x_wconf 84' lang='lat' dir='ltr'>boc</span> <span class='ocrx_word' id='word_1_38' title='bbox 601 440 732 480; x_wconf 85' lang='lat' dir='ltr'>etiam</span> <span class='ocrx_word' id='word_1_39' title='bbox 757 437 977 482; x_wconf 76' lang='lat' dir='ltr'>Hesiodus</span> <span class='ocrx_word' id='word_1_40' title='bbox 1000 438 1220 490; x_wconf 80' lang='lat' dir='ltr'>adscribit,</span> <span class='ocrx_word' id='word_1_41' title='bbox 1241 442 1313 480; x_wconf 61' lang='grc' dir='ltr'>αἴκε</span> <span class='ocrx_word' id='word_1_42' title='bbox 1331 443 1452 485; x_wconf 65' lang='grc' dir='ltr'>δύνηαι.</span> <span class='ocrx_word' id='word_1_43' title='bbox 1477 457 1591 484; x_wconf 89' lang='lat' dir='ltr'>nunc</span> 
     </span>
     <span class='ocr_line' id='line_1_6' title="bbox 151 493 1592 552; baseline 0.003 -17"><span class='ocrx_word' id='word_1_44' title='bbox 151 495 263 537; x_wconf 88' lang='lat' dir='ltr'>illam</span> <span class='ocrx_word' id='word_1_45' title='bbox 298 499 666 552; x_wconf 66' lang='grc' dir='ltr'>πεςὶτελῦνο-ὑντοιξιν,</span> <span class='ocrx_word' id='word_1_46' title='bbox 692 511 792 536; x_wconf 84' lang='lat' dir='ltr'>sane</span> <span class='ocrx_word' id='word_1_47' title='bbox 828 493 933 534; x_wconf 88' lang='lat' dir='ltr'>mihi</span> <span class='ocrx_word' id='word_1_48' title='bbox 970 495 1210 549; x_wconf 86' lang='lat' dir='ltr'>probatam,</span> <span class='ocrx_word' id='word_1_49' title='bbox 1248 496 1399 548; x_wconf 85' lang='lat' dir='ltr'>Bruto,</span> <span class='ocrx_word' id='word_1_50' title='bbox 1436 509 1480 539; x_wconf 92' lang='lat' dir='ltr'>ut</span> <span class='ocrx_word' id='word_1_51' title='bbox 1513 500 1592 540; x_wconf 81' lang='lat' dir='ltr'>tibi</span> 
     </span>
     <span class='ocr_line' id='line_1_7' title="bbox 150 552 1592 608; baseline 0.003 -15"><span class='ocrx_word' id='word_1_52' title='bbox 150 553 326 608; x_wconf 78' lang='lat' dir='ltr'>placuit,</span> <span class='ocrx_word' id='word_1_53' title='bbox 349 552 681 608; x_wconf 81' lang='lat' dir='ltr'>despondimus:</span> <span class='ocrx_word' id='word_1_54' title='bbox 717 554 845 608; x_wconf 84' lang='lat' dir='ltr'>idque</span> <span class='ocrx_word' id='word_1_55' title='bbox 878 563 920 592; x_wconf 87' lang='lat' dir='ltr'>tu</span> <span class='ocrx_word' id='word_1_56' title='bbox 958 566 1053 591; x_wconf 89' lang='lat' dir='ltr'>eum</span> <span class='ocrx_word' id='word_1_57' title='bbox 1086 568 1169 594; x_wconf 91' lang='lat' dir='ltr'>non</span> <span class='ocrx_word' id='word_1_58' title='bbox 1206 554 1314 594; x_wconf 90' lang='lat' dir='ltr'>nolle</span> <span class='ocrx_word' id='word_1_59' title='bbox 1351 555 1454 595; x_wconf 83' lang='lat' dir='ltr'>mihi</span> <span class='ocrx_word' id='word_1_60' title='bbox 1489 557 1592 597; x_wconf 85' lang='lat' dir='ltr'>scri-</span> 
     </span>
     <span class='ocr_line' id='line_1_8' title="bbox 150 608 1592 668; baseline 0.003 -19"><span class='ocrx_word' id='word_1_61' title='bbox 150 610 289 665; x_wconf 83' lang='lat' dir='ltr'>psisti.</span> <span class='ocrx_word' id='word_1_62' title='bbox 312 623 414 665; x_wconf 85' lang='lat' dir='ltr'>ergo</span> <span class='ocrx_word' id='word_1_63' title='bbox 441 608 551 648; x_wconf 90' lang='lat' dir='ltr'>illam</span> <span class='ocrx_word' id='word_1_64' title='bbox 577 609 794 661; x_wconf 67' lang='grc' dir='ltr'>ἀκοιὲημικὴν,</span> <span class='ocrx_word' id='word_1_65' title='bbox 820 610 861 649; x_wconf 91' lang='lat' dir='ltr'>in</span> <span class='ocrx_word' id='word_1_66' title='bbox 884 623 969 663; x_wconf 85' lang='lat' dir='ltr'>qua</span> <span class='ocrx_word' id='word_1_67' title='bbox 993 609 1202 661; x_wconf 84' lang='lat' dir='ltr'>homines,</span> <span class='ocrx_word' id='word_1_68' title='bbox 1226 610 1389 652; x_wconf 89' lang='lat' dir='ltr'>nobiles</span> <span class='ocrx_word' id='word_1_69' title='bbox 1415 612 1472 652; x_wconf 88' lang='lat' dir='ltr'>illi</span> <span class='ocrx_word' id='word_1_70' title='bbox 1496 613 1592 668; x_wconf 88' lang='lat' dir='ltr'>qui-</span> 
     </span>
     <span class='ocr_line' id='line_1_9' title="bbox 150 665 1593 722; baseline 0.003 -15"><span class='ocrx_word' id='word_1_71' title='bbox 150 667 262 716; x_wconf 90' lang='lat' dir='ltr'>dem,</span> <span class='ocrx_word' id='word_1_72' title='bbox 287 666 357 707; x_wconf 87' lang='lat' dir='ltr'>sed</span> <span class='ocrx_word' id='word_1_73' title='bbox 383 665 496 706; x_wconf 84' lang='lat' dir='ltr'>nullo</span> <span class='ocrx_word' id='word_1_74' title='bbox 523 666 651 706; x_wconf 84' lang='lat' dir='ltr'>modo</span> <span class='ocrx_word' id='word_1_75' title='bbox 677 665 900 722; x_wconf 83' lang='lat' dir='ltr'>philologi,</span> <span class='ocrx_word' id='word_1_76' title='bbox 921 666 1047 706; x_wconf 86' lang='lat' dir='ltr'>nimis</span> <span class='ocrx_word' id='word_1_77' title='bbox 1069 678 1192 708; x_wconf 87' lang='lat' dir='ltr'>acute</span> <span class='ocrx_word' id='word_1_78' title='bbox 1216 668 1461 722; x_wconf 86' lang='lat' dir='ltr'>loquuntur,</span> <span class='ocrx_word' id='word_1_79' title='bbox 1485 673 1526 700; x_wconf 84' lang='lat'>44</span> <span class='ocrx_word' id='word_1_80' title='bbox 1539 669 1593 712; x_wconf 87' lang='lat' dir='ltr'>ad</span> 
     </span>
     <span class='ocr_line' id='line_1_10' title="bbox 149 721 1594 779; baseline 0.003 -15"><span class='ocrx_word' id='word_1_81' title='bbox 149 723 384 764; x_wconf 79' lang='lat' dir='ltr'>Varronem</span> <span class='ocrx_word' id='word_1_82' title='bbox 410 722 730 763; x_wconf 84' lang='lat' dir='ltr'>transferamus.</span> <span class='ocrx_word' id='word_1_83' title='bbox 753 724 910 763; x_wconf 83' lang='lat' dir='ltr'>etenim</span> <span class='ocrx_word' id='word_1_84' title='bbox 937 732 1034 762; x_wconf 87' lang='lat' dir='ltr'>sunt</span> <span class='ocrx_word' id='word_1_85' title='bbox 1058 721 1257 774; x_wconf 64' lang='grc' dir='ltr'>Ἀντιόχεια,</span> <span class='ocrx_word' id='word_1_86' title='bbox 1282 740 1378 779; x_wconf 84' lang='lat' dir='ltr'>quae</span> <span class='ocrx_word' id='word_1_87' title='bbox 1405 728 1483 768; x_wconf 90' lang='lat' dir='ltr'>iste</span> <span class='ocrx_word' id='word_1_88' title='bbox 1505 727 1594 768; x_wconf 86' lang='lat' dir='ltr'>val-</span> 
     </span>
     <span class='ocr_line' id='line_1_11' title="bbox 149 779 1594 835; baseline 0.003 -14"><span class='ocrx_word' id='word_1_89' title='bbox 149 781 202 821; x_wconf 88' lang='lat' dir='ltr'>de</span> <span class='ocrx_word' id='word_1_90' title='bbox 226 780 392 834; x_wconf 88' lang='lat' dir='ltr'>probat.</span> <span class='ocrx_word' id='word_1_91' title='bbox 444 783 484 810; x_wconf 77' lang='lat'>45</span> <span class='ocrx_word' id='word_1_92' title='bbox 501 779 657 822; x_wconf 88' lang='lat' dir='ltr'>Catulo</span> <span class='ocrx_word' id='word_1_93' title='bbox 689 790 730 820; x_wconf 92' lang='lat' dir='ltr'>et</span> <span class='ocrx_word' id='word_1_94' title='bbox 767 779 946 820; x_wconf 87' lang='lat' dir='ltr'>Lucullo</span> <span class='ocrx_word' id='word_1_95' title='bbox 982 779 1083 819; x_wconf 86' lang='lat' dir='ltr'>alibi</span> <span class='ocrx_word' id='word_1_96' title='bbox 1120 794 1402 835; x_wconf 80' lang='lat' dir='ltr'>reponemus3</span> <span class='ocrx_word' id='word_1_97' title='bbox 1436 784 1495 825; x_wconf 88' lang='lat' dir='ltr'>ita</span> <span class='ocrx_word' id='word_1_98' title='bbox 1529 795 1594 825; x_wconf 87' lang='lat' dir='ltr'>ta-</span> 
     </span>
     <span class='ocr_line' id='line_1_12' title="bbox 148 836 1592 893; baseline 0.004 -16"><span class='ocrx_word' id='word_1_99' title='bbox 148 851 262 885; x_wconf 88' lang='lat' dir='ltr'>men,</span> <span class='ocrx_word' id='word_1_100' title='bbox 296 837 329 877; x_wconf 90' lang='lat' dir='ltr'>si</span> <span class='ocrx_word' id='word_1_101' title='bbox 370 847 413 876; x_wconf 88' lang='lat' dir='ltr'>tu</span> <span class='ocrx_word' id='word_1_102' title='bbox 459 836 542 878; x_wconf 86' lang='lat' dir='ltr'>hoc</span> <span class='ocrx_word' id='word_1_103' title='bbox 582 837 761 893; x_wconf 84' lang='lat' dir='ltr'>probas:</span> <span class='ocrx_word' id='word_1_104' title='bbox 806 838 943 891; x_wconf 85' lang='lat' dir='ltr'>deque</span> <span class='ocrx_word' id='word_1_105' title='bbox 979 851 1030 877; x_wconf 82' lang='lat' dir='ltr'>eo</span> <span class='ocrx_word' id='word_1_106' title='bbox 1067 837 1168 877; x_wconf 81' lang='lat' dir='ltr'>mihi</span> <span class='ocrx_word' id='word_1_107' title='bbox 1208 841 1414 880; x_wconf 76' lang='lat' dir='ltr'>rescribas</span> <span class='ocrx_word' id='word_1_108' title='bbox 1449 841 1592 883; x_wconf 90' lang='lat' dir='ltr'>velim.</span> 
     </span>
     <span class='ocr_line' id='line_1_13' title="bbox 147 893 1594 949; baseline 0.003 -15"><span class='ocrx_word' id='word_1_109' title='bbox 147 894 190 924; x_wconf 77' lang='lat'>46</span> <span class='ocrx_word' id='word_1_110' title='bbox 205 893 273 934; x_wconf 87' lang='lat' dir='ltr'>De</span> <span class='ocrx_word' id='word_1_111' title='bbox 298 894 535 934; x_wconf 81' lang='lat' dir='ltr'>Brinniana</span> <span class='ocrx_word' id='word_1_112' title='bbox 556 895 757 935; x_wconf 75' lang='lat' dir='ltr'>auctione</span> <span class='ocrx_word' id='word_1_113' title='bbox 780 894 927 949; x_wconf 87' lang='lat' dir='ltr'>accepi</span> <span class='ocrx_word' id='word_1_114' title='bbox 948 893 1188 935; x_wconf 83' lang='lat' dir='ltr'>a-Vestorio</span> <span class='ocrx_word' id='word_1_115' title='bbox 1210 896 1386 938; x_wconf 76' lang='lat' dir='ltr'>litteras,</span> <span class='ocrx_word' id='word_1_116' title='bbox 1407 898 1482 949; x_wconf 85' lang='lat' dir='ltr'>ait,</span> <span class='ocrx_word' id='word_1_117' title='bbox 1502 899 1594 940; x_wconf 87' lang='lat' dir='ltr'>sine</span> 
     </span>
     <span class='ocr_line' id='line_1_14' title="bbox 149 950 1594 1006; baseline 0.005 -16"><span class='ocrx_word' id='word_1_118' title='bbox 149 950 236 991; x_wconf 87' lang='lat' dir='ltr'>ulla</span> <span class='ocrx_word' id='word_1_119' title='bbox 259 952 552 992; x_wconf 83' lang='lat' dir='ltr'>controversia</span> <span class='ocrx_word' id='word_1_120' title='bbox 575 955 613 985; x_wconf 80' lang='lat'>47</span> <span class='ocrx_word' id='word_1_121' title='bbox 631 965 715 992; x_wconf 89' lang='lat' dir='ltr'>rem</span> <span class='ocrx_word' id='word_1_122' title='bbox 752 951 803 992; x_wconf 88' lang='lat' dir='ltr'>ad</span> <span class='ocrx_word' id='word_1_123' title='bbox 841 965 906 991; x_wconf 91' lang='lat' dir='ltr'>me</span> <span class='ocrx_word' id='word_1_124' title='bbox 929 965 1020 992; x_wconf 86' lang='lat' dir='ltr'>esse</span> <span class='ocrx_word' id='word_1_125' title='bbox 1053 951 1250 994; x_wconf 85' lang='lat' dir='ltr'>collatam</span> <span class='ocrx_word' id='word_1_126' title='bbox 1275 953 1451 1006; x_wconf 72' lang='lat' dir='ltr'>(Romae</span> <span class='ocrx_word' id='word_1_127' title='bbox 1478 956 1594 997; x_wconf 84' lang='lat' dir='ltr'>vide-</span> 
     </span>
     <span class='ocr_line' id='line_1_15' title="bbox 151 1007 1592 1063; baseline 0.003 -14"><span class='ocrx_word' id='word_1_128' title='bbox 151 1007 266 1059; x_wconf 91' lang='lat' dir='ltr'>licet,</span> <span class='ocrx_word' id='word_1_129' title='bbox 289 1018 362 1049; x_wconf 86' lang='lat' dir='ltr'>aut</span> <span class='ocrx_word' id='word_1_130' title='bbox 386 1009 428 1049; x_wconf 91' lang='lat' dir='ltr'>in</span> <span class='ocrx_word' id='word_1_131' title='bbox 461 1008 706 1049; x_wconf 83' lang='lat' dir='ltr'>Tusculano</span> <span class='ocrx_word' id='word_1_132' title='bbox 731 1023 797 1048; x_wconf 87' lang='lat' dir='ltr'>me</span> <span class='ocrx_word' id='word_1_133' title='bbox 829 1009 919 1048; x_wconf 83' lang='lat' dir='ltr'>fore</span> <span class='ocrx_word' id='word_1_134' title='bbox 943 1012 1220 1063; x_wconf 84' lang='lat' dir='ltr'>putaverunt)</span> <span class='ocrx_word' id='word_1_135' title='bbox 1252 1026 1289 1051; x_wconf 87' lang='lat' dir='ltr'>a.</span> <span class='ocrx_word' id='word_1_136' title='bbox 1324 1011 1366 1052; x_wconf 91' lang='lat' dir='ltr'>d.</span> <span class='ocrx_word' id='word_1_137' title='bbox 1392 1026 1465 1053; x_wconf 81' lang='lat' dir='ltr'>nx</span> <span class='ocrx_word' id='word_1_138' title='bbox 1494 1013 1592 1055; x_wconf 89' lang='lat' dir='ltr'>Kal.</span> 
     </span>
     <span class='ocr_line' id='line_1_16' title="bbox 153 1065 1593 1122; baseline 0.003 -16"><span class='ocrx_word' id='word_1_139' title='bbox 153 1065 307 1112; x_wconf 84' lang='lat' dir='ltr'>Quint.</span> <span class='ocrx_word' id='word_1_140' title='bbox 330 1066 444 1106; x_wconf 87' lang='lat' dir='ltr'>dices</span> <span class='ocrx_word' id='word_1_141' title='bbox 470 1067 601 1121; x_wconf 78' lang='lat' dir='ltr'>igitur</span> <span class='ocrx_word' id='word_1_142' title='bbox 627 1066 688 1106; x_wconf 88' lang='lat' dir='ltr'>vel</span> <span class='ocrx_word' id='word_1_143' title='bbox 723 1065 863 1106; x_wconf 87' lang='lat' dir='ltr'>amico</span> <span class='ocrx_word' id='word_1_144' title='bbox 888 1076 977 1115; x_wconf 88' lang='lat' dir='ltr'>tuo,</span> <span class='ocrx_word' id='word_1_145' title='bbox 1007 1065 1050 1105; x_wconf 90' lang='lat' dir='ltr'>S.</span> <span class='ocrx_word' id='word_1_146' title='bbox 1075 1065 1223 1107; x_wconf 87' lang='lat' dir='ltr'>Vettio</span> <span class='ocrx_word' id='word_1_147' title='bbox 1247 1067 1445 1110; x_wconf 87' lang='lat' dir='ltr'>coheredi</span> <span class='ocrx_word' id='word_1_148' title='bbox 1481 1085 1593 1122; x_wconf 89' lang='lat' dir='ltr'>meo,</span> 
     </span>
     <span class='ocr_line' id='line_1_17' title="bbox 153 1122 1594 1178; baseline 0.004 -15"><span class='ocrx_word' id='word_1_149' title='bbox 153 1123 220 1163; x_wconf 90' lang='lat' dir='ltr'>vel</span> <span class='ocrx_word' id='word_1_150' title='bbox 245 1123 435 1164; x_wconf 86' lang='lat' dir='ltr'>Labeoni</span> <span class='ocrx_word' id='word_1_151' title='bbox 460 1134 621 1172; x_wconf 87' lang='lat' dir='ltr'>nostro,</span> <span class='ocrx_word' id='word_1_152' title='bbox 657 1122 845 1178; x_wconf 86' lang='lat' dir='ltr'>paullum</span> <span class='ocrx_word' id='word_1_153' title='bbox 876 1122 1094 1178; x_wconf 84' lang='lat' dir='ltr'>proferant</span> <span class='ocrx_word' id='word_1_154' title='bbox 1116 1126 1388 1177; x_wconf 80' lang='lat' dir='ltr'>auctionem3</span> <span class='ocrx_word' id='word_1_155' title='bbox 1421 1141 1489 1167; x_wconf 89' lang='lat' dir='ltr'>me</span> <span class='ocrx_word' id='word_1_156' title='bbox 1510 1128 1594 1169; x_wconf 88' lang='lat' dir='ltr'>cir-</span> 
     </span>
     <span class='ocr_line' id='line_1_18' title="bbox 153 1179 1594 1226; baseline 0.003 -5"><span class='ocrx_word' id='word_1_157' title='bbox 153 1181 261 1221; x_wconf 81' lang='lat' dir='ltr'>citer</span> <span class='ocrx_word' id='word_1_158' title='bbox 295 1180 443 1221; x_wconf 84' lang='lat' dir='ltr'>Nonas</span> <span class='ocrx_word' id='word_1_159' title='bbox 479 1181 521 1220; x_wconf 90' lang='lat' dir='ltr'>in</span> <span class='ocrx_word' id='word_1_160' title='bbox 555 1179 798 1220; x_wconf 87' lang='lat' dir='ltr'>Tusculano</span> <span class='ocrx_word' id='word_1_161' title='bbox 830 1179 936 1220; x_wconf 88' lang='lat' dir='ltr'>fore.</span> <span class='ocrx_word' id='word_1_162' title='bbox 958 1182 998 1210; x_wconf 79' lang='lat'>48</span> <span class='ocrx_word' id='word_1_163' title='bbox 1013 1194 1112 1219; x_wconf 86' lang='lat' dir='ltr'>cum</span> <span class='ocrx_word' id='word_1_164' title='bbox 1139 1180 1294 1223; x_wconf 81' lang='lat' dir='ltr'>Pisone</span> <span class='ocrx_word' id='word_1_165' title='bbox 1319 1182 1492 1225; x_wconf 83' lang='lat' dir='ltr'>Erotem</span> <span class='ocrx_word' id='word_1_166' title='bbox 1519 1185 1594 1226; x_wconf 86' lang='lat' dir='ltr'>ba-</span> 
     </span>
     <span class='ocr_line' id='line_1_19' title="bbox 155 1236 1594 1296; baseline 0.003 -18"><span class='ocrx_word' id='word_1_167' title='bbox 155 1237 243 1278; x_wconf 87' lang='lat' dir='ltr'>bes.</span> <span class='ocrx_word' id='word_1_168' title='bbox 306 1236 374 1278; x_wconf 91' lang='lat' dir='ltr'>De</span> <span class='ocrx_word' id='word_1_169' title='bbox 415 1237 668 1293; x_wconf 80' lang='lat' dir='ltr'>Scapulanis</span> <span class='ocrx_word' id='word_1_170' title='bbox 704 1236 837 1278; x_wconf 85' lang='lat' dir='ltr'>hortis</span> <span class='ocrx_word' id='word_1_171' title='bbox 873 1245 967 1277; x_wconf 88' lang='lat' dir='ltr'>toto</span> <span class='ocrx_word' id='word_1_172' title='bbox 1004 1247 1177 1293; x_wconf 86' lang='lat' dir='ltr'>pectore</span> <span class='ocrx_word' id='word_1_173' title='bbox 1210 1240 1467 1296; x_wconf 56' lang='lat' dir='ltr'>cogitemus</span> <span class='ocrx_word' id='word_1_174' title='bbox 1502 1242 1594 1284; x_wconf 90' lang='lat' dir='ltr'>dies</span> 
     </span>
     <span class='ocr_line' id='line_1_20' title="bbox 156 1295 289 1335; baseline 0.008 -1"><span class='ocrx_word' id='word_1_175' title='bbox 156 1295 289 1335; x_wconf 87' lang='lat' dir='ltr'>adest.</span> 
     </span>
    </p>
   </div>
   <div class='ocr_carea' id='block_1_3' title="bbox 584 1361 1155 1404">
    <p class='ocr_par' dir='ltr' id='par_1_3' title="bbox 584 1361 1155 1404">
     <span class='ocr_line' id='line_1_21' title="bbox 584 1361 1155 1404; baseline 0 0"><span class='ocrx_word' id='word_1_176' title='bbox 584 1361 818 1404; x_wconf 80' lang='lat' dir='ltr'><strong>CICERO</strong></span> <span class='ocrx_word' id='word_1_177' title='bbox 849 1361 1079 1404; x_wconf 91' lang='lat' dir='ltr'><strong>ATTICO</strong></span> <span class='ocrx_word' id='word_1_178' title='bbox 1111 1363 1155 1404; x_wconf 85' lang='lat' dir='ltr'>S.</span> 
     </span>
    </p>
   </div>
   <div class='ocr_carea' id='block_1_4' title="bbox 153 1417 1727 2174">
    <p class='ocr_par' dir='ltr' id='par_1_4' title="bbox 153 1417 1727 2174">
     <span class='ocr_line' id='line_1_22' title="bbox 154 1417 1594 1485; baseline 0.004 -15"><span class='ocrx_word' id='word_1_179' title='bbox 154 1417 520 1471; x_wconf 87' lang='lat' dir='ltr'><strong>COMMOTUS</strong></span> <span class='ocrx_word' id='word_1_180' title='bbox 555 1431 639 1471; x_wconf 88' lang='lat' dir='ltr'>tuis</span> <span class='ocrx_word' id='word_1_181' title='bbox 673 1430 841 1480; x_wconf 80' lang='lat' dir='ltr'>litteris,</span> <span class='ocrx_word' id='word_1_182' title='bbox 872 1430 986 1485; x_wconf 82' lang='lat' dir='ltr'>quod</span> <span class='ocrx_word' id='word_1_183' title='bbox 1024 1430 1075 1471; x_wconf 88' lang='lat' dir='ltr'>ad</span> <span class='ocrx_word' id='word_1_184' title='bbox 1109 1446 1176 1472; x_wconf 88' lang='lat' dir='ltr'>me</span> <span class='ocrx_word' id='word_1_185' title='bbox 1202 1432 1254 1472; x_wconf 79' lang='lat' dir='ltr'>(le</span> <span class='ocrx_word' id='word_1_186' title='bbox 1276 1431 1469 1475; x_wconf 88' lang='lat' dir='ltr'>Varrone</span> <span class='ocrx_word' id='word_1_187' title='bbox 1491 1435 1594 1476; x_wconf 89' lang='lat' dir='ltr'>scri-</span> 
     </span>
     <span class='ocr_line' id='line_1_23' title="bbox 155 1487 1595 1542; baseline 0.004 -15"><span class='ocrx_word' id='word_1_188' title='bbox 155 1500 314 1542; x_wconf 88' lang='lat' dir='ltr'>pseras,</span> <span class='ocrx_word' id='word_1_189' title='bbox 339 1498 475 1527; x_wconf 89' lang='lat' dir='ltr'>totam</span> <span class='ocrx_word' id='word_1_190' title='bbox 499 1487 778 1528; x_wconf 81' lang='lat' dir='ltr'>Academiam</span> <span class='ocrx_word' id='word_1_191' title='bbox 813 1489 867 1528; x_wconf 83' lang='lat' dir='ltr'>ab</span> <span class='ocrx_word' id='word_1_192' title='bbox 903 1487 1150 1528; x_wconf 86' lang='lat' dir='ltr'>hominibus</span> <span class='ocrx_word' id='word_1_193' title='bbox 1185 1490 1461 1532; x_wconf 81' lang='lat' dir='ltr'>nobilissimis</span> <span class='ocrx_word' id='word_1_194' title='bbox 1497 1494 1595 1533; x_wconf 84' lang='lat' dir='ltr'>abs-</span> 
     </span>
     <span class='ocr_line' id='line_1_24' title="bbox 156 1544 1596 1600; baseline 0.004 -15"><span class='ocrx_word' id='word_1_195' title='bbox 156 1544 250 1595; x_wconf 86' lang='lat' dir='ltr'>tuli,</span> <span class='ocrx_word' id='word_1_196' title='bbox 276 1544 556 1600; x_wconf 82' lang='lat' dir='ltr'>transtulique</span> <span class='ocrx_word' id='word_1_197' title='bbox 590 1545 640 1586; x_wconf 89' lang='lat' dir='ltr'>ad</span> <span class='ocrx_word' id='word_1_198' title='bbox 678 1556 869 1585; x_wconf 83' lang='lat' dir='ltr'>nostrum</span> <span class='ocrx_word' id='word_1_199' title='bbox 904 1544 1106 1595; x_wconf 85' lang='lat' dir='ltr'>sodalem,</span> <span class='ocrx_word' id='word_1_200' title='bbox 1128 1549 1168 1580; x_wconf 83' lang='lat'>49</span> <span class='ocrx_word' id='word_1_201' title='bbox 1182 1558 1224 1587; x_wconf 89' lang='lat' dir='ltr'>et</span> <span class='ocrx_word' id='word_1_202' title='bbox 1250 1563 1304 1588; x_wconf 87' lang='lat' dir='ltr'>ex</span> <span class='ocrx_word' id='word_1_203' title='bbox 1344 1549 1512 1590; x_wconf 89' lang='lat' dir='ltr'>duobus</span> <span class='ocrx_word' id='word_1_204' title='bbox 1545 1550 1596 1590; x_wconf 90' lang='lat' dir='ltr'>li-</span> 
     </span>
     <span class='ocr_line' id='line_1_25' title="bbox 155 1602 1596 1661; baseline 0.004 -19"><span class='ocrx_word' id='word_1_205' title='bbox 155 1602 243 1642; x_wconf 84' lang='lat' dir='ltr'>bris</span> <span class='ocrx_word' id='word_1_206' title='bbox 282 1602 444 1642; x_wconf 90' lang='lat' dir='ltr'>contuli</span> <span class='ocrx_word' id='word_1_207' title='bbox 490 1604 532 1642; x_wconf 92' lang='lat' dir='ltr'>in</span> <span class='ocrx_word' id='word_1_208' title='bbox 570 1612 768 1657; x_wconf 88' lang='lat' dir='ltr'>quatuor.</span> <span class='ocrx_word' id='word_1_209' title='bbox 817 1603 1065 1658; x_wconf 84' lang='lat' dir='ltr'>grandiores</span> <span class='ocrx_word' id='word_1_210' title='bbox 1101 1614 1199 1644; x_wconf 88' lang='lat' dir='ltr'>sunt</span> <span class='ocrx_word' id='word_1_211' title='bbox 1238 1605 1429 1657; x_wconf 86' lang='lat' dir='ltr'>omnino,</span> <span class='ocrx_word' id='word_1_212' title='bbox 1465 1622 1596 1661; x_wconf 87' lang='lat' dir='ltr'>quam</span> 
     </span>
     <span class='ocr_line' id='line_1_26' title="bbox 155 1658 1596 1719; baseline 0.006 -21"><span class='ocrx_word' id='word_1_213' title='bbox 155 1669 276 1699; x_wconf 87' lang='lat' dir='ltr'>erant</span> <span class='ocrx_word' id='word_1_214' title='bbox 300 1658 386 1710; x_wconf 89' lang='lat' dir='ltr'>illi;</span> <span class='ocrx_word' id='word_1_215' title='bbox 420 1659 490 1699; x_wconf 89' lang='lat' dir='ltr'>sed</span> <span class='ocrx_word' id='word_1_216' title='bbox 517 1669 659 1700; x_wconf 87' lang='lat' dir='ltr'>tamen</span> <span class='ocrx_word' id='word_1_217' title='bbox 685 1659 818 1700; x_wconf 75' lang='lat' dir='ltr'>multa</span> <span class='ocrx_word' id='word_1_218' title='bbox 840 1660 1046 1700; x_wconf 83' lang='lat' dir='ltr'>detracta.</span> <span class='ocrx_word' id='word_1_219' title='bbox 1079 1669 1122 1700; x_wconf 89' lang='lat' dir='ltr'>tu</span> <span class='ocrx_word' id='word_1_220' title='bbox 1148 1671 1291 1702; x_wconf 85' lang='lat' dir='ltr'>autem</span> <span class='ocrx_word' id='word_1_221' title='bbox 1317 1663 1421 1704; x_wconf 90' lang='lat' dir='ltr'>mihi</span> <span class='ocrx_word' id='word_1_222' title='bbox 1446 1679 1596 1719; x_wconf 91' lang='lat' dir='ltr'>perve-</span> 
     </span>
     <span class='ocr_line' id='line_1_27' title="bbox 153 1715 1595 1777; baseline 0.005 -21"><span class='ocrx_word' id='word_1_223' title='bbox 153 1715 228 1756; x_wconf 88' lang='lat' dir='ltr'>lim</span> <span class='ocrx_word' id='word_1_224' title='bbox 252 1717 428 1765; x_wconf 85' lang='lat' dir='ltr'>scribas,</span> <span class='ocrx_word' id='word_1_225' title='bbox 452 1719 491 1746; x_wconf 84' lang='lat'>50</span> <span class='ocrx_word' id='word_1_226' title='bbox 505 1716 579 1771; x_wconf 74' lang='lat' dir='ltr'>qui</span> <span class='ocrx_word' id='word_1_227' title='bbox 604 1716 864 1757; x_wconf 77' lang='lat' dir='ltr'>intellexeris</span> <span class='ocrx_word' id='word_1_228' title='bbox 895 1716 1013 1757; x_wconf 89' lang='lat' dir='ltr'>illum</span> <span class='ocrx_word' id='word_1_229' title='bbox 1042 1717 1161 1758; x_wconf 87' lang='lat' dir='ltr'>velle.</span> <span class='ocrx_word' id='word_1_230' title='bbox 1194 1718 1296 1760; x_wconf 87' lang='lat' dir='ltr'>illud</span> <span class='ocrx_word' id='word_1_231' title='bbox 1323 1735 1421 1761; x_wconf 85' lang='lat' dir='ltr'>vero</span> <span class='ocrx_word' id='word_1_232' title='bbox 1446 1722 1595 1777; x_wconf 88' lang='lat' dir='ltr'>utique</span> 
     </span>
     <span class='ocr_line' id='line_1_28' title="bbox 155 1773 1596 1830; baseline 0.004 -16"><span class='ocrx_word' id='word_1_233' title='bbox 155 1774 263 1814; x_wconf 88' lang='lat' dir='ltr'>scire</span> <span class='ocrx_word' id='word_1_234' title='bbox 283 1773 428 1830; x_wconf 85' lang='lat' dir='ltr'>cupio,</span> <span class='ocrx_word' id='word_1_235' title='bbox 451 1788 578 1828; x_wconf 87' lang='lat' dir='ltr'>quem</span> <span class='ocrx_word' id='word_1_236' title='bbox 602 1774 861 1815; x_wconf 85' lang='lat' dir='ltr'>intellexeris</span> <span class='ocrx_word' id='word_1_237' title='bbox 885 1775 938 1815; x_wconf 86' lang='lat' dir='ltr'>ab</span> <span class='ocrx_word' id='word_1_238' title='bbox 961 1788 1012 1814; x_wconf 88' lang='lat' dir='ltr'>eo</span> <span class='ocrx_word' id='word_1_239' title='bbox 1033 1778 1306 1828; x_wconf 65' lang='grc' dir='ltr'>ζηλοτυπεῖο-θοιι,</span> <span class='ocrx_word' id='word_1_240' title='bbox 1329 1780 1364 1807; x_wconf 87' lang='lat'>5¹</span> <span class='ocrx_word' id='word_1_241' title='bbox 1383 1779 1462 1819; x_wconf 86' lang='lat' dir='ltr'>nisi</span> <span class='ocrx_word' id='word_1_242' title='bbox 1483 1779 1596 1820; x_wconf 90' lang='lat' dir='ltr'>forte</span> 
     </span>
     <span class='ocr_line' id='line_1_29' title="bbox 159 1830 1595 1888; baseline 0.005 -16"><span class='ocrx_word' id='word_1_243' title='bbox 159 1830 357 1872; x_wconf 85' lang='lat' dir='ltr'>Brutum.</span> <span class='ocrx_word' id='word_1_244' title='bbox 383 1831 422 1871; x_wconf 91' lang='lat' dir='ltr'>id</span> <span class='ocrx_word' id='word_1_245' title='bbox 458 1831 598 1872; x_wconf 87' lang='lat' dir='ltr'>hercle</span> <span class='ocrx_word' id='word_1_246' title='bbox 633 1832 832 1872; x_wconf 85' lang='lat' dir='ltr'>restabat.</span> <span class='ocrx_word' id='word_1_247' title='bbox 863 1832 934 1872; x_wconf 86' lang='lat' dir='ltr'>sed</span> <span class='ocrx_word' id='word_1_248' title='bbox 958 1842 1099 1871; x_wconf 86' lang='lat' dir='ltr'>tamen</span> <span class='ocrx_word' id='word_1_249' title='bbox 1124 1833 1231 1872; x_wconf 88' lang='lat' dir='ltr'>scire</span> <span class='ocrx_word' id='word_1_250' title='bbox 1254 1835 1473 1888; x_wconf 86' lang='lat' dir='ltr'>pervelim.</span> <span class='ocrx_word' id='word_1_251' title='bbox 1497 1836 1595 1878; x_wconf 86' lang='lat' dir='ltr'>libri</span> 
     </span>
     <span class='ocr_line' id='line_1_30' title="bbox 156 1888 1595 1943; baseline 0.005 -14"><span class='ocrx_word' id='word_1_252' title='bbox 156 1888 330 1943; x_wconf 85' lang='lat' dir='ltr'>quidem</span> <span class='ocrx_word' id='word_1_253' title='bbox 353 1890 393 1919; x_wconf 73' lang='lat'>52</span> <span class='ocrx_word' id='word_1_254' title='bbox 408 1889 467 1928; x_wconf 85' lang='lat' dir='ltr'>ita</span> <span class='ocrx_word' id='word_1_255' title='bbox 489 1889 702 1939; x_wconf 82' lang='lat' dir='ltr'>exierunt,</span> <span class='ocrx_word' id='word_1_256' title='bbox 725 1889 825 1942; x_wconf 91' lang='lat' dir='ltr'>(nisi</span> <span class='ocrx_word' id='word_1_257' title='bbox 850 1888 961 1929; x_wconf 88' lang='lat' dir='ltr'>forte</span> <span class='ocrx_word' id='word_1_258' title='bbox 984 1903 1052 1929; x_wconf 90' lang='lat' dir='ltr'>me</span> <span class='ocrx_word' id='word_1_259' title='bbox 1074 1903 1167 1929; x_wconf 87' lang='lat' dir='ltr'>com</span> <span class='ocrx_word' id='word_1_260' title='bbox 1178 1890 1315 1930; x_wconf 87' lang='lat' dir='ltr'>munis</span> <span class='ocrx_word' id='word_1_261' title='bbox 1333 1898 1499 1940; x_wconf 58' lang='grc' dir='ltr'>φιλαυτία</span> <span class='ocrx_word' id='word_1_262' title='bbox 1521 1895 1595 1935; x_wconf 87' lang='lat' dir='ltr'>de-</span> 
     </span>
     <span class='ocr_line' id='line_1_31' title="bbox 157 1945 1594 2005; baseline 0.003 -18"><span class='ocrx_word' id='word_1_263' title='bbox 157 1945 300 2001; x_wconf 91' lang='lat' dir='ltr'>cipit,)</span> <span class='ocrx_word' id='word_1_264' title='bbox 319 1954 365 1986; x_wconf 90' lang='lat' dir='ltr'>ut</span> <span class='ocrx_word' id='word_1_265' title='bbox 384 1945 425 1986; x_wconf 91' lang='lat' dir='ltr'>in</span> <span class='ocrx_word' id='word_1_266' title='bbox 447 1946 517 1986; x_wconf 87' lang='lat' dir='ltr'>tali</span> <span class='ocrx_word' id='word_1_267' title='bbox 540 1961 693 2002; x_wconf 84' lang='lat' dir='ltr'>genere</span> <span class='ocrx_word' id='word_1_268' title='bbox 714 1961 766 1986; x_wconf 93' lang='lat' dir='ltr'>ne</span> <span class='ocrx_word' id='word_1_269' title='bbox 785 1947 898 2002; x_wconf 86' lang='lat' dir='ltr'>apud</span> <span class='ocrx_word' id='word_1_270' title='bbox 924 1946 1102 1986; x_wconf 84' lang='lat' dir='ltr'>Graecos</span> <span class='ocrx_word' id='word_1_271' title='bbox 1117 1946 1289 2001; x_wconf 88' lang='lat' dir='ltr'>quidem</span> <span class='ocrx_word' id='word_1_272' title='bbox 1312 1948 1449 1990; x_wconf 86' lang='lat' dir='ltr'>simile</span> <span class='ocrx_word' id='word_1_273' title='bbox 1467 1951 1594 2005; x_wconf 87' lang='lat' dir='ltr'>quid·</span> 
     </span>
     <span class='ocr_line' id='line_1_32' title="bbox 157 2003 1727 2065; baseline 0.006 -23"><span class='ocrx_word' id='word_1_274' title='bbox 157 2018 302 2058; x_wconf 88' lang='lat' dir='ltr'>quam.</span> <span class='ocrx_word' id='word_1_275' title='bbox 345 2012 388 2043; x_wconf 90' lang='lat' dir='ltr'>tu</span> <span class='ocrx_word' id='word_1_276' title='bbox 432 2003 547 2044; x_wconf 87' lang='lat' dir='ltr'>illam</span> <span class='ocrx_word' id='word_1_277' title='bbox 582 2004 799 2059; x_wconf 82' lang='lat' dir='ltr'>jacturam</span> <span class='ocrx_word' id='word_1_278' title='bbox 848 2004 957 2045; x_wconf 87' lang='lat' dir='ltr'>feres</span> <span class='ocrx_word' id='word_1_279' title='bbox 1000 2018 1124 2058; x_wconf 86' lang='lat' dir='ltr'>aequo</span> <span class='ocrx_word' id='word_1_280' title='bbox 1158 2004 1318 2056; x_wconf 83' lang='lat' dir='ltr'>animo,</span> <span class='ocrx_word' id='word_1_281' title='bbox 1355 2008 1469 2060; x_wconf 88' lang='lat' dir='ltr'>quod</span> <span class='ocrx_word' id='word_1_282' title='bbox 1507 2007 1727 2065; x_wconf 68' lang='lat' dir='ltr'>illa‚p,203‚</span> 
     </span>
     <span class='ocr_line' id='line_1_33' title="bbox 157 2059 1634 2116; baseline 0.006 -17"><span class='ocrx_word' id='word_1_283' title='bbox 157 2062 196 2091; x_wconf 84' lang='lat'>53</span> <span class='ocrx_word' id='word_1_284' title='bbox 210 2074 307 2115; x_wconf 85' lang='lat' dir='ltr'>quae</span> <span class='ocrx_word' id='word_1_285' title='bbox 331 2059 462 2100; x_wconf 84' lang='lat' dir='ltr'>habes</span> <span class='ocrx_word' id='word_1_286' title='bbox 493 2061 545 2100; x_wconf 90' lang='lat' dir='ltr'>de</span> <span class='ocrx_word' id='word_1_287' title='bbox 577 2061 866 2111; x_wconf 83' lang='lat' dir='ltr'>Academicis,</span> <span class='ocrx_word' id='word_1_288' title='bbox 899 2061 1056 2101; x_wconf 87' lang='lat' dir='ltr'>frustra</span> <span class='ocrx_word' id='word_1_289' title='bbox 1082 2061 1298 2116; x_wconf 86' lang='lat' dir='ltr'>descripta</span> <span class='ocrx_word' id='word_1_290' title='bbox 1320 2074 1432 2105; x_wconf 86' lang='lat' dir='ltr'>sunt.</span> <span class='ocrx_word' id='word_1_291' title='bbox 1457 2066 1634 2108; x_wconf 81' lang='lat' dir='ltr'>multoa-</span> 
     </span>
     <span class='ocr_line' id='line_1_34' title="bbox 158 2116 1595 2174; baseline 0.007 -17"><span class='ocrx_word' id='word_1_292' title='bbox 158 2126 301 2158; x_wconf 84' lang='lat' dir='ltr'>tamen</span> <span class='ocrx_word' id='word_1_293' title='bbox 327 2116 420 2158; x_wconf 87' lang='lat' dir='ltr'>haec</span> <span class='ocrx_word' id='word_1_294' title='bbox 453 2128 578 2158; x_wconf 88' lang='lat' dir='ltr'>erunt</span> <span class='ocrx_word' id='word_1_295' title='bbox 602 2118 906 2174; x_wconf 84' lang='lat' dir='ltr'>splendidiora,</span> <span class='ocrx_word' id='word_1_296' title='bbox 931 2118 1138 2170; x_wconf 86' lang='lat' dir='ltr'>breviora,</span> <span class='ocrx_word' id='word_1_297' title='bbox 1162 2118 1353 2161; x_wconf 83' lang='lat' dir='ltr'>meliora.</span> <span class='ocrx_word' id='word_1_298' title='bbox 1375 2136 1490 2165; x_wconf 90' lang='lat' dir='ltr'>nunc</span> <span class='ocrx_word' id='word_1_299' title='bbox 1519 2139 1595 2167; x_wconf 86' lang='lat' dir='ltr'>au-</span> 
     </span>
    </p>
   </div>
   <div class='ocr_carea' id='block_1_5' title="bbox 1609 1381 1660 1417">
    <p class='ocr_par' dir='ltr' id='par_1_5' title="bbox 1609 1381 1660 1417">
     <span class='ocr_line' id='line_1_35' title="bbox 1609 1381 1660 1417; baseline 0.02 -1"><span class='ocrx_word' id='word_1_300' title='bbox 1609 1381 1660 1417; x_wconf 78' lang='lat'>13</span> 
     </span>
    </p>
   </div>
   <div class='ocr_carea' id='block_1_6' title="bbox 197 2245 854 2287">
    <p class='ocr_par' dir='ltr' id='par_1_6' title="bbox 197 2245 854 2287">
     <span class='ocr_line' id='line_1_36' title="bbox 197 2245 854 2287; baseline 0.002 -9"><span class='ocrx_word' id='word_1_301' title='bbox 197 2247 240 2278; x_wconf 76' lang='lat'>44</span> <span class='ocrx_word' id='word_1_302' title='bbox 253 2247 300 2277; x_wconf 83' lang='lat' dir='ltr'>ad</span> <span class='ocrx_word' id='word_1_303' title='bbox 311 2245 492 2278; x_wconf 81' lang='lat' dir='ltr'>Varronem</span> <span class='ocrx_word' id='word_1_304' title='bbox 507 2246 762 2287; x_wconf 58' lang='lat' dir='ltr'>transferamus]</span> <span class='ocrx_word' id='word_1_305' title='bbox 780 2250 854 2279; x_wconf 81' lang='lat' dir='ltr'>Ser-</span> 
     </span>
    </p>
   </div>
   <div class='ocr_carea' id='block_1_7' title="bbox 156 2252 1599 2322">
    <p class='ocr_par' dir='ltr' id='par_1_7' title="bbox 156 2252 1599 2322">
     <span class='ocr_line' id='line_1_37' title="bbox 896 2252 1599 2292; baseline 0.01 -14"><span class='ocrx_word' id='word_1_306' title='bbox 896 2259 971 2279; x_wconf 87' lang='lat' dir='ltr'>cum</span> <span class='ocrx_word' id='word_1_307' title='bbox 994 2253 1133 2288; x_wconf 81' lang='lat' dir='ltr'>utroque</span> <span class='ocrx_word' id='word_1_308' title='bbox 1155 2259 1250 2289; x_wconf 81' lang='lat' dir='ltr'>agere</span> <span class='ocrx_word' id='word_1_309' title='bbox 1278 2252 1399 2291; x_wconf 80' lang='lat' dir='ltr'>possis:</span> <span class='ocrx_word' id='word_1_310' title='bbox 1424 2263 1499 2284; x_wconf 89' lang='lat' dir='ltr'>cum</span> <span class='ocrx_word' id='word_1_311' title='bbox 1526 2254 1599 2292; x_wconf 80' lang='lat' dir='ltr'>ino,</span> 
     </span>
     <span class='ocr_line' id='line_1_38' title="bbox 156 2288 855 2322; baseline 0.001 -2"><span class='ocrx_word' id='word_1_312' title='bbox 156 2299 212 2320; x_wconf 88' lang='lat' dir='ltr'>mo</span> <span class='ocrx_word' id='word_1_313' title='bbox 227 2295 277 2320; x_wconf 87' lang='lat' dir='ltr'>est</span> <span class='ocrx_word' id='word_1_314' title='bbox 300 2289 338 2319; x_wconf 87' lang='lat' dir='ltr'>de</span> <span class='ocrx_word' id='word_1_315' title='bbox 362 2288 465 2320; x_wconf 80' lang='lat' dir='ltr'>altera</span> <span class='ocrx_word' id='word_1_316' title='bbox 488 2291 631 2320; x_wconf 86' lang='lat' dir='ltr'>editione</span> <span class='ocrx_word' id='word_1_317' title='bbox 645 2291 855 2322; x_wconf 77' lang='lat' dir='ltr'>Academico-</span> 
     </span>
    </p>
   </div>
   <div class='ocr_carea' id='block_1_8' title="bbox 897 2291 1600 2333">
    <p class='ocr_par' dir='ltr' id='par_1_8' title="bbox 897 2291 1600 2333">
     <span class='ocr_line' id='line_1_39' title="bbox 897 2291 1600 2333; baseline 0.01 -12"><span class='ocrx_word' id='word_1_318' title='bbox 897 2291 936 2322; x_wconf 90' lang='lat' dir='ltr'>de</span> <span class='ocrx_word' id='word_1_319' title='bbox 959 2301 1052 2328; x_wconf 85' lang='lat' dir='ltr'>auro,</span> <span class='ocrx_word' id='word_1_320' title='bbox 1076 2301 1151 2321; x_wconf 79' lang='lat' dir='ltr'>cuin</span> <span class='ocrx_word' id='word_1_321' title='bbox 1176 2291 1250 2330; x_wconf 87' lang='lat' dir='ltr'>hoc,</span> <span class='ocrx_word' id='word_1_322' title='bbox 1265 2295 1343 2333; x_wconf 91' lang='lat' dir='ltr'>quid</span> <span class='ocrx_word' id='word_1_323' title='bbox 1365 2295 1458 2325; x_wconf 88' lang='lat' dir='ltr'>nobis</span> <span class='ocrx_word' id='word_1_324' title='bbox 1481 2296 1600 2328; x_wconf 88' lang='lat' dir='ltr'>debea-</span> 
     </span>
    </p>
   </div>
   <div class='ocr_carea' id='block_1_9' title="bbox 156 2332 860 2921">
    <p class='ocr_par' dir='ltr' id='par_1_9' title="bbox 156 2332 857 2499">
     <span class='ocr_line' id='line_1_40' title="bbox 158 2332 855 2372; baseline 0 -9"><span class='ocrx_word' id='word_1_325' title='bbox 158 2342 244 2369; x_wconf 82' lang='lat' dir='ltr'>rum,</span> <span class='ocrx_word' id='word_1_326' title='bbox 261 2333 294 2361; x_wconf 87' lang='lat' dir='ltr'>in</span> <span class='ocrx_word' id='word_1_327' title='bbox 315 2342 380 2371; x_wconf 88' lang='lat' dir='ltr'>qua</span> <span class='ocrx_word' id='word_1_328' title='bbox 405 2343 422 2362; x_wconf 88' lang='lat' dir='ltr'>e</span> <span class='ocrx_word' id='word_1_329' title='bbox 445 2332 571 2362; x_wconf 86' lang='lat' dir='ltr'>duobus</span> <span class='ocrx_word' id='word_1_330' title='bbox 590 2333 692 2369; x_wconf 85' lang='lat' dir='ltr'>libris,</span> <span class='ocrx_word' id='word_1_331' title='bbox 715 2344 855 2372; x_wconf 83' lang='lat' dir='ltr'>quorum</span> 
     </span>
     <span class='ocr_line' id='line_1_41' title="bbox 156 2374 856 2415; baseline 0 -10"><span class='ocrx_word' id='word_1_332' title='bbox 156 2374 242 2405; x_wconf 87' lang='lat' dir='ltr'>alter</span> <span class='ocrx_word' id='word_1_333' title='bbox 257 2374 391 2411; x_wconf 82' lang='lat' dir='ltr'>Catulo,</span> <span class='ocrx_word' id='word_1_334' title='bbox 409 2374 494 2404; x_wconf 78' lang='lat' dir='ltr'>alter</span> <span class='ocrx_word' id='word_1_335' title='bbox 516 2375 655 2405; x_wconf 83' lang='lat' dir='ltr'>Lucullo</span> <span class='ocrx_word' id='word_1_336' title='bbox 681 2376 856 2415; x_wconf 85' lang='lat' dir='ltr'>inscriptus</span> 
     </span>
     <span class='ocr_line' id='line_1_42' title="bbox 156 2417 857 2456; baseline 0.003 -10"><span class='ocrx_word' id='word_1_337' title='bbox 156 2421 242 2454; x_wconf 81' lang='lat' dir='ltr'>erat,</span> <span class='ocrx_word' id='word_1_338' title='bbox 266 2417 343 2447; x_wconf 81' lang='lat' dir='ltr'>fecit</span> <span class='ocrx_word' id='word_1_339' title='bbox 360 2423 513 2456; x_wconf 86' lang='lat' dir='ltr'>quatuor,</span> <span class='ocrx_word' id='word_1_340' title='bbox 537 2427 654 2456; x_wconf 87' lang='lat' dir='ltr'>eosque</span> <span class='ocrx_word' id='word_1_341' title='bbox 675 2417 716 2448; x_wconf 88' lang='lat' dir='ltr'>ad</span> <span class='ocrx_word' id='word_1_342' title='bbox 738 2418 857 2448; x_wconf 74' lang='lat' dir='ltr'>varro-</span> 
     </span>
     <span class='ocr_line' id='line_1_43' title="bbox 159 2459 677 2499; baseline 0.002 -10"><span class='ocrx_word' id='word_1_343' title='bbox 159 2469 235 2490; x_wconf 90' lang='lat' dir='ltr'>nem</span> <span class='ocrx_word' id='word_1_344' title='bbox 252 2459 392 2499; x_wconf 81' lang='lat' dir='ltr'>scripsit.</span> <span class='ocrx_word' id='word_1_345' title='bbox 408 2459 448 2489; x_wconf 84' lang='lat' dir='ltr'>cf.</span> <span class='ocrx_word' id='word_1_346' title='bbox 465 2469 514 2498; x_wconf 83' lang='lat' dir='ltr'>ep.</span> <span class='ocrx_word' id='word_1_347' title='bbox 539 2462 586 2490; x_wconf 85' lang='lat'>13.</span> <span class='ocrx_word' id='word_1_348' title='bbox 604 2460 677 2490; x_wconf 87' lang='lat' dir='ltr'>init.</span> 
     </span>
    </p>

    <p class='ocr_par' dir='ltr' id='par_1_10' title="bbox 156 2501 860 2667">
     <span class='ocr_line' id='line_1_44' title="bbox 201 2501 853 2541; baseline 0.003 -10"><span class='ocrx_word' id='word_1_349' title='bbox 201 2503 242 2532; x_wconf 84' lang='lat'>45</span> <span class='ocrx_word' id='word_1_350' title='bbox 271 2501 386 2532; x_wconf 75' lang='lat' dir='ltr'>Catulo</span> <span class='ocrx_word' id='word_1_351' title='bbox 414 2506 445 2531; x_wconf 82' lang='lat' dir='ltr'>et</span> <span class='ocrx_word' id='word_1_352' title='bbox 472 2501 513 2532; x_wconf 89' lang='lat' dir='ltr'>L.</span> <span class='ocrx_word' id='word_1_353' title='bbox 543 2502 622 2532; x_wconf 82' lang='lat' dir='ltr'>alibi</span> <span class='ocrx_word' id='word_1_354' title='bbox 651 2501 853 2541; x_wconf 69' lang='lat' dir='ltr'>reponemus]</span> 
     </span>
     <span class='ocr_line' id='line_1_45' title="bbox 159 2543 859 2582; baseline 0.003 -9"><span class='ocrx_word' id='word_1_355' title='bbox 159 2552 205 2573; x_wconf 87' lang='lat' dir='ltr'>sc.</span> <span class='ocrx_word' id='word_1_356' title='bbox 227 2543 313 2582; x_wconf 87' lang='lat' dir='ltr'>quod</span> <span class='ocrx_word' id='word_1_357' title='bbox 339 2553 427 2574; x_wconf 90' lang='lat' dir='ltr'>nunc</span> <span class='ocrx_word' id='word_1_358' title='bbox 456 2544 664 2580; x_wconf 80' lang='lat' dir='ltr'>abstulimus,</span> <span class='ocrx_word' id='word_1_359' title='bbox 687 2546 859 2576; x_wconf 85' lang='lat' dir='ltr'>transtuli-</span> 
     </span>
     <span class='ocr_line' id='line_1_46' title="bbox 160 2585 860 2624; baseline 0.006 -10"><span class='ocrx_word' id='word_1_360' title='bbox 160 2595 297 2624; x_wconf 85' lang='lat' dir='ltr'>musque</span> <span class='ocrx_word' id='word_1_361' title='bbox 311 2585 352 2615; x_wconf 83' lang='lat' dir='ltr'>ad</span> <span class='ocrx_word' id='word_1_362' title='bbox 366 2586 561 2616; x_wconf 87' lang='lat' dir='ltr'>Varronem.</span> <span class='ocrx_word' id='word_1_363' title='bbox 586 2586 770 2617; x_wconf 87' lang='lat' dir='ltr'>Gronovius</span> <span class='ocrx_word' id='word_1_364' title='bbox 782 2598 860 2618; x_wconf 89' lang='lat' dir='ltr'>eon-</span> 
     </span>
     <span class='ocr_line' id='line_1_47' title="bbox 156 2627 723 2667; baseline 0.004 -11"><span class='ocrx_word' id='word_1_365' title='bbox 156 2627 293 2667; x_wconf 86' lang='lat' dir='ltr'>jiciebat</span> <span class='ocrx_word' id='word_1_366' title='bbox 315 2628 468 2658; x_wconf 81' lang='lat' dir='ltr'>Catulum</span> <span class='ocrx_word' id='word_1_367' title='bbox 484 2633 513 2659; x_wconf 79' lang='lat' dir='ltr'>ec</span> <span class='ocrx_word' id='word_1_368' title='bbox 530 2628 723 2659; x_wconf 83' lang='lat' dir='ltr'>Lucullum.</span> 
     </span>
    </p>

    <p class='ocr_par' dir='ltr' id='par_1_11' title="bbox 162 2669 860 2796">
     <span class='ocr_line' id='line_1_48' title="bbox 202 2669 860 2710; baseline 0.002 -11"><span class='ocrx_word' id='word_1_369' title='bbox 202 2670 244 2700; x_wconf 81' lang='lat'>46</span> <span class='ocrx_word' id='word_1_370' title='bbox 266 2669 321 2700; x_wconf 88' lang='lat' dir='ltr'>De</span> <span class='ocrx_word' id='word_1_371' title='bbox 345 2670 540 2701; x_wconf 74' lang='lat' dir='ltr'>Brinniana</span> <span class='ocrx_word' id='word_1_372' title='bbox 561 2671 724 2710; x_wconf 76' lang='lat' dir='ltr'>auctione]</span> <span class='ocrx_word' id='word_1_373' title='bbox 753 2671 860 2701; x_wconf 85' lang='lat' dir='ltr'>Bono-</span> 
     </span>
     <span class='ocr_line' id='line_1_49' title="bbox 162 2711 859 2752; baseline 0.001 -10"><span class='ocrx_word' id='word_1_374' title='bbox 162 2721 236 2742; x_wconf 84' lang='lat' dir='ltr'>rum</span> <span class='ocrx_word' id='word_1_375' title='bbox 253 2711 393 2748; x_wconf 87' lang='lat' dir='ltr'>Brinnii‚</span> <span class='ocrx_word' id='word_1_376' title='bbox 408 2713 440 2742; x_wconf 90' lang='lat' dir='ltr'>in</span> <span class='ocrx_word' id='word_1_377' title='bbox 454 2716 545 2752; x_wconf 82' lang='lat' dir='ltr'>eujus</span> <span class='ocrx_word' id='word_1_378' title='bbox 559 2713 731 2743; x_wconf 84' lang='lat' dir='ltr'>heredibus</span> <span class='ocrx_word' id='word_1_379' title='bbox 746 2713 859 2744; x_wconf 88' lang='lat' dir='ltr'>Cicero</span> 
     </span>
     <span class='ocr_line' id='line_1_50' title="bbox 162 2753 712 2796; baseline 0.002 -12"><span class='ocrx_word' id='word_1_380' title='bbox 162 2754 236 2784; x_wconf 84' lang='lat' dir='ltr'>fuit.</span> <span class='ocrx_word' id='word_1_381' title='bbox 252 2753 291 2783; x_wconf 91' lang='lat' dir='ltr'>de</span> <span class='ocrx_word' id='word_1_382' title='bbox 306 2756 467 2785; x_wconf 83' lang='lat' dir='ltr'>auctionis</span> <span class='ocrx_word' id='word_1_383' title='bbox 483 2755 533 2785; x_wconf 87' lang='lat' dir='ltr'>die</span> <span class='ocrx_word' id='word_1_384' title='bbox 546 2765 575 2784; x_wconf 93' lang='lat' dir='ltr'>v.</span> <span class='ocrx_word' id='word_1_385' title='bbox 592 2766 643 2796; x_wconf 78' lang='lat' dir='ltr'>cp.</span> <span class='ocrx_word' id='word_1_386' title='bbox 664 2758 712 2786; x_wconf 84' lang='lat'>14.</span> 
     </span>
    </p>

    <p class='ocr_par' dir='ltr' id='par_1_12' title="bbox 160 2797 859 2921">
     <span class='ocr_line' id='line_1_51' title="bbox 203 2797 859 2837; baseline 0.005 -12"><span class='ocrx_word' id='word_1_387' title='bbox 203 2798 243 2830; x_wconf 75' lang='lat'>47</span> <span class='ocrx_word' id='word_1_388' title='bbox 266 2805 338 2826; x_wconf 83' lang='lat' dir='ltr'>rem</span> <span class='ocrx_word' id='word_1_389' title='bbox 365 2797 411 2826; x_wconf 87' lang='lat' dir='ltr'>ad</span> <span class='ocrx_word' id='word_1_390' title='bbox 439 2807 489 2827; x_wconf 84' lang='lat' dir='ltr'>me</span> <span class='ocrx_word' id='word_1_391' title='bbox 514 2807 579 2827; x_wconf 79' lang='lat' dir='ltr'>esse</span> <span class='ocrx_word' id='word_1_392' title='bbox 607 2797 776 2837; x_wconf 82' lang='lat' dir='ltr'>collatam]</span> <span class='ocrx_word' id='word_1_393' title='bbox 810 2797 859 2828; x_wconf 91' lang='lat' dir='ltr'>Ut</span> 
     </span>
     <span class='ocr_line' id='line_1_52' title="bbox 162 2837 858 2877; baseline 0.006 -10"><span class='ocrx_word' id='word_1_394' title='bbox 162 2838 230 2877; x_wconf 85' lang='lat' dir='ltr'>ipse</span> <span class='ocrx_word' id='word_1_395' title='bbox 251 2837 424 2869; x_wconf 88' lang='lat' dir='ltr'>decernam</span> <span class='ocrx_word' id='word_1_396' title='bbox 439 2839 477 2870; x_wconf 88' lang='lat' dir='ltr'>de</span> <span class='ocrx_word' id='word_1_397' title='bbox 493 2839 544 2870; x_wconf 90' lang='lat' dir='ltr'>die</span> <span class='ocrx_word' id='word_1_398' title='bbox 560 2840 734 2877; x_wconf 86' lang='lat' dir='ltr'>auctionis,</span> <span class='ocrx_word' id='word_1_399' title='bbox 751 2846 785 2870; x_wconf 89' lang='lat' dir='ltr'>et</span> <span class='ocrx_word' id='word_1_400' title='bbox 801 2851 858 2871; x_wconf 85' lang='lat' dir='ltr'>au-</span> 
     </span>
     <span class='ocr_line' id='line_1_53' title="bbox 160 2881 367 2921; baseline 0 -11"><span class='ocrx_word' id='word_1_401' title='bbox 160 2883 273 2910; x_wconf 75' lang='lat' dir='ltr'>ctione</span> <span class='ocrx_word' id='word_1_402' title='bbox 287 2881 367 2921; x_wconf 86' lang='lat' dir='ltr'>ipsa.</span> 
     </span>
    </p>
   </div>
   <div class='ocr_carea' id='block_1_10' title="bbox 898 2338 1602 2925">
    <p class='ocr_par' dir='ltr' id='par_1_13' title="bbox 898 2338 1129 2373">
     <span class='ocr_line' id='line_1_54' title="bbox 898 2338 1129 2373; baseline 0.004 -10"><span class='ocrx_word' id='word_1_403' title='bbox 898 2338 966 2364; x_wconf 81' lang='lat' dir='ltr'>tur.</span> <span class='ocrx_word' id='word_1_404' title='bbox 983 2344 1013 2363; x_wconf 85' lang='lat' dir='ltr'>v.</span> <span class='ocrx_word' id='word_1_405' title='bbox 1030 2344 1080 2373; x_wconf 87' lang='lat' dir='ltr'>ep.</span> <span class='ocrx_word' id='word_1_406' title='bbox 1097 2338 1129 2367; x_wconf 85' lang='lat'>9.</span> 
     </span>
    </p>

    <p class='ocr_par' dir='ltr' id='par_1_14' title="bbox 900 2375 1600 2543">
     <span class='ocr_line' id='line_1_55' title="bbox 941 2375 1599 2419; baseline 0.008 -13"><span class='ocrx_word' id='word_1_407' title='bbox 941 2378 982 2410; x_wconf 82' lang='lat'>49</span> <span class='ocrx_word' id='word_1_408' title='bbox 1005 2380 1034 2406; x_wconf 79' lang='lat' dir='ltr'>et</span> <span class='ocrx_word' id='word_1_409' title='bbox 1051 2386 1090 2406; x_wconf 73' lang='lat' dir='ltr'>ex</span> <span class='ocrx_word' id='word_1_410' title='bbox 1105 2375 1226 2405; x_wconf 82' lang='lat' dir='ltr'>duobus</span> <span class='ocrx_word' id='word_1_411' title='bbox 1241 2377 1332 2407; x_wconf 84' lang='lat' dir='ltr'>libris</span> <span class='ocrx_word' id='word_1_412' title='bbox 1346 2387 1372 2408; x_wconf 86' lang='lat' dir='ltr'>c.</span> <span class='ocrx_word' id='word_1_413' title='bbox 1388 2379 1423 2408; x_wconf 83' lang='lat' dir='ltr'>in</span> <span class='ocrx_word' id='word_1_414' title='bbox 1435 2379 1482 2419; x_wconf 84' lang='lat' dir='ltr'>q.]</span> <span class='ocrx_word' id='word_1_415' title='bbox 1508 2380 1599 2411; x_wconf 81' lang='lat' dir='ltr'>Grae-</span> 
     </span>
     <span class='ocr_line' id='line_1_56' title="bbox 900 2418 1598 2463; baseline 0.01 -16"><span class='ocrx_word' id='word_1_416' title='bbox 900 2419 969 2448; x_wconf 88' lang='lat' dir='ltr'>vius</span> <span class='ocrx_word' id='word_1_417' title='bbox 986 2418 1179 2457; x_wconf 80' lang='lat' dir='ltr'>conjiciebat</span> <span class='ocrx_word' id='word_1_418' title='bbox 1196 2423 1227 2448; x_wconf 74' lang='lat' dir='ltr'>et</span> <span class='ocrx_word' id='word_1_419' title='bbox 1252 2420 1330 2449; x_wconf 77' lang='lat' dir='ltr'>duos</span> <span class='ocrx_word' id='word_1_420' title='bbox 1353 2421 1449 2451; x_wconf 76' lang='lat' dir='ltr'>libros</span> <span class='ocrx_word' id='word_1_421' title='bbox 1471 2432 1499 2453; x_wconf 84' lang='lat' dir='ltr'>c,</span> <span class='ocrx_word' id='word_1_422' title='bbox 1515 2423 1550 2453; x_wconf 78' lang='lat' dir='ltr'>in</span> <span class='ocrx_word' id='word_1_423' title='bbox 1565 2434 1598 2463; x_wconf 90' lang='lat' dir='ltr'>q.</span> 
     </span>
     <span class='ocr_line' id='line_1_57' title="bbox 900 2460 1600 2504; baseline 0.01 -14"><span class='ocrx_word' id='word_1_424' title='bbox 900 2460 998 2491; x_wconf 87' lang='lat' dir='ltr'>male.</span> <span class='ocrx_word' id='word_1_425' title='bbox 1026 2461 1166 2491; x_wconf 84' lang='lat' dir='ltr'>refertur</span> <span class='ocrx_word' id='word_1_426' title='bbox 1188 2460 1228 2490; x_wconf 87' lang='lat' dir='ltr'>ad</span> <span class='ocrx_word' id='word_1_427' title='bbox 1248 2462 1476 2493; x_wconf 85' lang='lat' dir='ltr'>Academiam:</span> <span class='ocrx_word' id='word_1_428' title='bbox 1499 2474 1600 2504; x_wconf 83' lang='lat' dir='ltr'>quam</span> 
     </span>
     <span class='ocr_line' id='line_1_58' title="bbox 900 2502 1584 2543; baseline 0.012 -11"><span class='ocrx_word' id='word_1_429' title='bbox 900 2514 917 2532; x_wconf 89' lang='lat' dir='ltr'>e</span> <span class='ocrx_word' id='word_1_430' title='bbox 932 2502 1058 2532; x_wconf 84' lang='lat' dir='ltr'>duobus</span> <span class='ocrx_word' id='word_1_431' title='bbox 1073 2503 1163 2533; x_wconf 83' lang='lat' dir='ltr'>libris</span> <span class='ocrx_word' id='word_1_432' title='bbox 1179 2503 1211 2532; x_wconf 91' lang='lat' dir='ltr'>in</span> <span class='ocrx_word' id='word_1_433' title='bbox 1228 2511 1371 2543; x_wconf 83' lang='lat' dir='ltr'>quatuor</span> <span class='ocrx_word' id='word_1_434' title='bbox 1387 2507 1584 2543; x_wconf 77' lang='lat' dir='ltr'>conjecerat.</span> 
     </span>
    </p>

    <p class='ocr_par' dir='ltr' id='par_1_15' title="bbox 902 2546 1601 2708">
     <span class='ocr_line' id='line_1_59' title="bbox 944 2546 1600 2589; baseline 0.009 -14"><span class='ocrx_word' id='word_1_435' title='bbox 944 2548 983 2575; x_wconf 87' lang='lat'>50</span> <span class='ocrx_word' id='word_1_436' title='bbox 1007 2546 1061 2584; x_wconf 76' lang='lat' dir='ltr'>qui</span> <span class='ocrx_word' id='word_1_437' title='bbox 1086 2546 1284 2576; x_wconf 64' lang='lat' dir='ltr'>intellexeris</span> <span class='ocrx_word' id='word_1_438' title='bbox 1304 2548 1401 2577; x_wconf 79' lang='lat' dir='ltr'>illum·</span> <span class='ocrx_word' id='word_1_439' title='bbox 1426 2549 1519 2589; x_wconf 72' lang='lat' dir='ltr'>velle]</span> <span class='ocrx_word' id='word_1_440' title='bbox 1546 2551 1600 2581; x_wconf 91' lang='lat' dir='ltr'>Sic</span> 
     </span>
     <span class='ocr_line' id='line_1_60' title="bbox 902 2586 1601 2632; baseline 0.009 -15"><span class='ocrx_word' id='word_1_441' title='bbox 902 2587 951 2617; x_wconf 90' lang='lat' dir='ltr'>ed.</span> <span class='ocrx_word' id='word_1_442' title='bbox 970 2588 1067 2618; x_wconf 88' lang='lat' dir='ltr'>Rom.</span> <span class='ocrx_word' id='word_1_443' title='bbox 1087 2593 1122 2617; x_wconf 78' lang='lat' dir='ltr'>at</span> <span class='ocrx_word' id='word_1_444' title='bbox 1143 2586 1234 2617; x_wconf 66' lang='lat' dir='ltr'>dens.</span> <span class='ocrx_word' id='word_1_445' title='bbox 1257 2588 1347 2618; x_wconf 78' lang='lat' dir='ltr'>dedit</span> <span class='ocrx_word' id='word_1_446' title='bbox 1369 2590 1458 2629; x_wconf 83' lang='lat' dir='ltr'>quid.</span> <span class='ocrx_word' id='word_1_447' title='bbox 1475 2591 1529 2621; x_wconf 82' lang='lat' dir='ltr'>sed</span> <span class='ocrx_word' id='word_1_448' title='bbox 1544 2593 1601 2632; x_wconf 82' lang='lat' dir='ltr'>qui</span> 
     </span>
     <span class='ocr_line' id='line_1_61' title="bbox 904 2632 1600 2671; baseline 0.01 -13"><span class='ocrx_word' id='word_1_449' title='bbox 904 2639 1015 2659; x_wconf 79' lang='lat' dir='ltr'>verum</span> <span class='ocrx_word' id='word_1_450' title='bbox 1038 2638 1106 2659; x_wconf 73' lang='lat' dir='ltr'>esse</span> <span class='ocrx_word' id='word_1_451' title='bbox 1131 2634 1222 2669; x_wconf 83' lang='lat' dir='ltr'>patet</span> <span class='ocrx_word' id='word_1_452' title='bbox 1237 2641 1276 2660; x_wconf 79' lang='lat' dir='ltr'>ex</span> <span class='ocrx_word' id='word_1_453' title='bbox 1299 2641 1351 2671; x_wconf 82' lang='lat' dir='ltr'>ep.</span> <span class='ocrx_word' id='word_1_454' title='bbox 1372 2634 1420 2662; x_wconf 79' lang='lat'>18.</span> <span class='ocrx_word' id='word_1_455' title='bbox 1437 2632 1492 2663; x_wconf 84' lang='lat' dir='ltr'>ubi</span> <span class='ocrx_word' id='word_1_456' title='bbox 1513 2634 1600 2666; x_wconf 88' lang='lat' dir='ltr'>idem</span> 
     </span>
     <span class='ocr_line' id='line_1_62' title="bbox 903 2671 1400 2708; baseline 0.006 -7"><span class='ocrx_word' id='word_1_457' title='bbox 903 2676 965 2707; x_wconf 85' lang='lat' dir='ltr'>est,</span> <span class='ocrx_word' id='word_1_458' title='bbox 981 2677 1014 2701; x_wconf 89' lang='lat' dir='ltr'>et</span> <span class='ocrx_word' id='word_1_459' title='bbox 1031 2671 1176 2708; x_wconf 82' lang='lat' dir='ltr'>subiecta</span> <span class='ocrx_word' id='word_1_460' title='bbox 1191 2673 1275 2702; x_wconf 85' lang='lat' dir='ltr'>ratio</span> <span class='ocrx_word' id='word_1_461' title='bbox 1291 2672 1400 2704; x_wconf 84' lang='lat' dir='ltr'>docet.</span> 
     </span>
    </p>

    <p class='ocr_par' dir='ltr' id='par_1_16' title="bbox 903 2712 1602 2796">
     <span class='ocr_line' id='line_1_63' title="bbox 946 2712 1602 2756; baseline 0.006 -12"><span class='ocrx_word' id='word_1_462' title='bbox 946 2716 981 2744; x_wconf 83' lang='lat'>51</span> <span class='ocrx_word' id='word_1_463' title='bbox 1009 2712 1169 2753; x_wconf 81' lang='lat' dir='ltr'>nisiforte</span> <span class='ocrx_word' id='word_1_464' title='bbox 1188 2714 1351 2756; x_wconf 77' lang='lat' dir='ltr'>Brutum]</span> <span class='ocrx_word' id='word_1_465' title='bbox 1370 2716 1432 2745; x_wconf 90' lang='lat' dir='ltr'>Cui</span> <span class='ocrx_word' id='word_1_466' title='bbox 1448 2715 1549 2746; x_wconf 87' lang='lat' dir='ltr'>libros</span> <span class='ocrx_word' id='word_1_467' title='bbox 1562 2715 1602 2748; x_wconf 85' lang='lat' dir='ltr'>de</span> 
     </span>
     <span class='ocr_line' id='line_1_64' title="bbox 903 2754 1272 2796; baseline 0.008 -12"><span class='ocrx_word' id='word_1_468' title='bbox 903 2754 1035 2785; x_wconf 82' lang='lat' dir='ltr'>Finibus</span> <span class='ocrx_word' id='word_1_469' title='bbox 1053 2756 1272 2796; x_wconf 83' lang='lat' dir='ltr'>inscripserat.</span> 
     </span>
    </p>

    <p class='ocr_par' dir='ltr' id='par_1_17' title="bbox 900 2798 1602 2877">
     <span class='ocr_line' id='line_1_65' title="bbox 943 2798 1602 2838; baseline 0.005 -10"><span class='ocrx_word' id='word_1_470' title='bbox 943 2800 983 2828; x_wconf 85' lang='lat'>52</span> <span class='ocrx_word' id='word_1_471' title='bbox 1004 2798 1054 2828; x_wconf 78' lang='lat' dir='ltr'>ita</span> <span class='ocrx_word' id='word_1_472' title='bbox 1082 2799 1247 2838; x_wconf 63' lang='lat' dir='ltr'>exierunt]</span> <span class='ocrx_word' id='word_1_473' title='bbox 1286 2799 1348 2829; x_wconf 86' lang='lat' dir='ltr'>int.</span> <span class='ocrx_word' id='word_1_474' title='bbox 1377 2798 1416 2829; x_wconf 89' lang='lat' dir='ltr'>de</span> <span class='ocrx_word' id='word_1_475' title='bbox 1449 2800 1602 2831; x_wconf 88' lang='lat' dir='ltr'>manibus</span> 
     </span>
     <span class='ocr_line' id='line_1_66' title="bbox 900 2840 1407 2877; baseline 0 -7"><span class='ocrx_word' id='word_1_476' title='bbox 900 2840 994 2876; x_wconf 85' lang='lat' dir='ltr'>meis,</span> <span class='ocrx_word' id='word_1_477' title='bbox 1009 2840 1128 2877; x_wconf 83' lang='lat' dir='ltr'>effecti,</span> <span class='ocrx_word' id='word_1_478' title='bbox 1144 2840 1303 2871; x_wconf 84' lang='lat' dir='ltr'>elaborati</span> <span class='ocrx_word' id='word_1_479' title='bbox 1318 2846 1407 2870; x_wconf 88' lang='lat' dir='ltr'>sunt.</span> 
     </span>
    </p>

    <p class='ocr_par' dir='ltr' id='par_1_18' title="bbox 945 2883 1602 2925">
     <span class='ocr_line' id='line_1_67' title="bbox 945 2883 1602 2925; baseline 0.005 -12"><span class='ocrx_word' id='word_1_480' title='bbox 945 2885 984 2913; x_wconf 87' lang='grc'>53</span> <span class='ocrx_word' id='word_1_481' title='bbox 1020 2891 1090 2923; x_wconf 83' lang='lat' dir='ltr'>quae</span> <span class='ocrx_word' id='word_1_482' title='bbox 1115 2884 1210 2913; x_wconf 78' lang='lat' dir='ltr'>habes</span> <span class='ocrx_word' id='word_1_483' title='bbox 1239 2883 1279 2913; x_wconf 84' lang='lat' dir='ltr'>de</span> <span class='ocrx_word' id='word_1_484' title='bbox 1305 2883 1522 2925; x_wconf 80' lang='lat' dir='ltr'>Academicis]</span> <span class='ocrx_word' id='word_1_485' title='bbox 1553 2894 1602 2922; x_wconf 83' lang='lat' dir='ltr'>sc,</span> 
     </span>
    </p>
   </div>
   <div class='ocr_carea' id='block_1_11' title="bbox 204 2922 1251 2967">
    <p class='ocr_par' dir='ltr' id='par_1_19' title="bbox 204 2922 1251 2967">
     <span class='ocr_line' id='line_1_68' title="bbox 204 2922 1251 2967; baseline 0.004 -14"><span class='ocrx_word' id='word_1_486' title='bbox 204 2925 245 2954; x_wconf 75' lang='lat'>48</span> <span class='ocrx_word' id='word_1_487' title='bbox 267 2932 343 2953; x_wconf 78' lang='lat' dir='ltr'>cum</span> <span class='ocrx_word' id='word_1_488' title='bbox 372 2922 492 2954; x_wconf 64' lang='lat' dir='ltr'>Pisone</span> <span class='ocrx_word' id='word_1_489' title='bbox 518 2922 656 2956; x_wconf 82' lang='lat' dir='ltr'>Erotem</span> <span class='ocrx_word' id='word_1_490' title='bbox 677 2924 787 2967; x_wconf 77' lang='lat' dir='ltr'>habes]</span> <span class='ocrx_word' id='word_1_491' title='bbox 813 2924 862 2956; x_wconf 85' lang='lat' dir='ltr'>Ut</span> <span class='ocrx_word' id='word_1_492' title='bbox 903 2924 1082 2957; x_wconf 81' lang='lat' dir='ltr'>editionem</span> <span class='ocrx_word' id='word_1_493' title='bbox 1098 2924 1251 2966; x_wconf 84' lang='lat' dir='ltr'>priorem.</span> 
     </span>
    </p>
   </div>
  </div>
 </body>
</html>
