1940 3231
775 141 983 187 LtBER
1022 143 1053 180 1.
1564 149 1638 183 451

202 259 291 292 tuin
325 251 440 293 hunc
472 249 629 299 locum,
653 249 829 303 59quem
857 262 940 304 ego
963 248 1078 290 varie
1100 247 1206 289 meis
1228 247 1514 301 orationibus,
1537 265 1640 305 qua-

202 323 295 350 rum
328 318 373 349 tu
398 306 674 348 Aristarchus
704 320 764 356 eS,
787 305 903 346 soleo
938 306 1129 371 pingere,
1151 305 1204 346 de
1227 305 1416 358 flamma,
1439 306 1491 346 de
1514 308 1642 357 ferro,

199 366 332 418 (nosti
377 365 466 406 illas
507 364 703 413 mxuma)
747 363 867 403 valde
909 366 1099 419 graviter
1138 363 1374 419 pertexuit
1436 362 1642 404 Proxime

202 422 458 478 Pompeium
503 420 718 461 sedebam.
762 420 954 461 intellexi
998 420 1219 461 hominem
1260 420 1641 472 moveri3ut1-um

200 479 403 521 Crassum
435 478 542 519 inire
572 491 665 517 eam
698 478 898 533 gratiam,
921 492 1051 533 quarn
1084 478 1174 534 ipse
1203 478 1564 534 praetermisisset,
1587 493 1640 519 an

197 551 290 579 esse
313 545 452 577 tantas
475 551 539 577 res
563 546 744 600 nostraS‚
767 550 864 590 quae
890 545 975 576 tam
1001 536 1152 577 libenti
1177 545 1324 577 senatu
1351 535 1641 583 laudarentur,

197 595 253 635 ab
274 608 325 634 eo
349 594 604 657 praesertim,
627 593 700 647 qui
734 592 841 633 mihi
874 592 1044 633 laudem
1077 593 1192 634 illam
1215 608 1266 634 eo
1289 593 1431 633 minus
1451 593 1641 641 debet-‚er

196 651 313 707 quod
336 651 496 691 60me1s
519 650 720 690 omnibus
750 649 903 691 litteris
936 650 977 690 in
1014 650 1282 707 Pompeiana
1313 650 1437 691 laude
1470 650 1642 706 perstri-

197 719 294 750 ctus
316 718 441 749 esset.
504 707 592 748 Hie
615 708 704 747 dies
728 722 796 748 me
820 706 941 748 valde
965 708 1122 749 Crasso
1145 708 1375 763 adjunxit:
1408 717 1452 748 et
1483 718 1643 773 tamen,

197 766 253 807 ab
287 765 359 806 illo
395 775 556 821 aperte,
587 773 700 805 tecte
723 765 934 820 quidquid
967 776 1032 806 est
1064 765 1228 816 datum,
1258 764 1443 806 libenter
1479 765 1642 821 accepi.

197 837 281 879 eoo
320 833 462 863 autem
507 823 613 879 ipse,
644 822 704 863 dii
751 823 875 864 boni!
909 838 995 878 quo
1031 824 1162 865 niodo
1193 826 1498 894 {rexegmqeoo-a'pcrv
1530 838 1643 863 novo

197 880 384 921 auditori
430 879 670 935 Pompeio?
713 879 748 919 si
794 894 998 935 uinquam
1042 880 1147 922 mihi
1189 881 1339 935 περιοὸοι,
1378 881 1394 922 »i
1434 885 1587 932 καμπαὶ,
1628 883 1643 921 ἒ

195 937 425 992 ἐνθυμήματα,
446 940 691 980 ἡκκτασκευκὶ
723 938 1122 1001 suppeditaverunt,
1149 937 1220 979 illo
1252 945 1461 992 tempore.
1525 936 1643 983 Quid

196 995 360 1036 multa?
391 995 614 1036 clamores
647 995 809 1034 etenim
840 994 935 1035 haec
962 1005 1053 1035 erat
1075 996 1240 1037 ὑπόθεσις,
1264 993 1316 1033 de
1339 993 1553 1049 gravitate
1574 1008 1642 1034 01-

195 1052 324 1104 dinis,
357 1053 409 1093 (le
447 1050 647 1114 equestri
666 1051 914 1102 concordia,
948 1052 1001 1093 de
1031 1049 1317 1093 consensione
1339 1027 1506 1101 Italiae,
1537 1051 1575 1082 6¹
1591 1051 1645 1091 de

196 1110 441 1152 immortuis
482 1108 647 1163 r'eliqui
641 1123 673 1148 is
712 1108 1043 1173 conjurationis,
1082 1106 1190 1147 ssaede
1223 1106 1405 1158 vilitate,
1444 1108 1497 1148 de
1536 1108 1642 1149 otio.

195 1168 310 1208 nosti
337 1168 432 1223 jam
467 1166 510 1206 in
543 1165 623 1206 hac
653 1167 835 1207 materia
865 1167 1032 1207 sonitus
1076 1173 1272 1206 nostros:
1307 1165 1414 1205 tanti
1454 1163 1646 1217 fuerunt,

195 1235 244 1266 ut
277 1239 359 1281 ego
389 1239 440 1266 eo
482 1223 653 1263 brevior
691 1224 787 1274 sini,
827 1224 942 1278 quod
977 1239 1049 1265 eos
1084 1237 1219 1277 usque
1256 1222 1375 1263 istim
1413 1222 1643 1264 exauditos

195 1292 361 1338 putem.
428 1280 640 1322 Romanae
692 1291 836 1322 autem
890 1296 933 1322 se
985 1296 1050 1322 res
1101 1281 1162 1321 sic
1213 1278 1390 1321 habent.
1458 1279 1643 1321 Senatus

194 1343 295 1394 ἕξεως
326 1342 449 1387 πάγος.
484 1337 593 1378 nihil
624 1339 910 1389 constantius,
941 1338 1051 1380 nihil
1088 1337 1291 1388 sev-enus,
1330 1336 1440 1378 nihil
1473 1336 1643 1378 fortius.

195 1410 294 1436 nam
326 1410 425 1436 cum
457 1395 548 1436 dies
579 1396 768 1437 xenisset
808 1397 1025 1452 rogationi
1057 1410 1112 1437 ex
1145 1406 1317 1436 senatus
1349 1394 1548 1436 consulto
1582 1395 1644 1436 fe-

193 1453 355 1503 rendae,
399 1454 718 1494 concursabant
761 1453 976 1494 barbatuli
1013 1453 1214 1509 juveneS‚
1258 1461 1375 1493 totus
1418 1451 1488 1492 ille
1536 1467 1643 1509 grex

195 1510 414 1562 Catilinae,
452 1510 615 1551 63duce
655 1511 788 1552 filiola
827 1511 1047 1563 Curionis,
1089 1520 1133 1551 et
1176 1509 1401 1566 populum,
1440 1520 1488 1550 ut
1532 1511 1643 1551 anti-

193 1577 359 1623 qua1·,et
402 1542 630 1623 iogabant.
695 1569 796 1610 Piso
840 1578 985 1610 autem
1027 1567 1193 1619 consul,
1237 1567 1348 1608 lator
1387 1567 1643 1623 rogationis,
1657 1577 1687 1608 b.

193 1626 307 1667 idem
339 1635 430 1666 erat
461 1626 692 1667 dissuasor.
725 1640 868 1691 operae
902 1625 1128 1667 Clodianae
1168 1634 1323 1682 pontes
1363 1635 1641 1680 occuparant·

192 1683 362 1724 tabellae
396 1683 754 1724 ministiabantur
792 1684 868 1735 ita,
899 1693 948 1725 ut
986 1683 1103 1725 nulla
1138 1682 1311 1723 daletur
1345 1696 1427 1723 UTI
1463 1694 1642 1724 RocAs.

190 1740 232 1771 64
247 1740 337 1782 Hic
370 1740 451 1781 tibi
489 1740 652 1782 Rostra
688 1741 801 1783 Cato
840 1741 1029 1792 adv,olat
1063 1740 1310 1782 convicium
1352 1739 1502 1780 Pisoni
1541 1755 1645 1781 con-

193 1799 273 1839 suli
308 1797 539 1839 mirificum
571 1798 703 1851 facit;
737 1798 770 1839 si
805 1800 847 1840 id
878 1810 944 1840 est
974 1798 1238 1849 convicium,
1270 1812 1358 1838 vox
1391 1797 1517 1853 plena
1548 1812 1645 1854 gra-

190 1856 352 1907 vitatis,
389 1855 514 1911 plena
556 1855 844 1907 auctoritatis,
883 1856 1009 1913 plena
1047 1855 1233 1911 denique
1273 1854 1438 1896 salutis.
1476 1857 1647 1898 accedit

189 1914 342 1955 eodem
374 1913 506 1954 etiam
537 1925 686 1954 noster
720 1913 998 1966 Hortensius,
1022 1912 1148 1954 multi
1187 1923 1396 1968 piaeteiea
1428 1913 1547 1953 boni.
1578 1913 1645 1954 in-

191 1971 338 2035 signis·
353 1985 452 2012 v·e10
476 1985 606 2026 opera
631 1971 815 2013 Favonii
840 1971 938 2013 fuit.
1002 1970 1104 2012 Hoc
1136 1984 1349 2012 concursu
1381 1970 1644 2028 optimatum

189 2028 369 2069 comitia
399 2028 708 2072 dimittuntur:
744 2030 927 2071 Senatus
967 2037 1162 2070 vocatur.
1199 2041 1299 2069 cum
1342 2026 1644 2070 decerneretur

189 2084 408 2140 frequenti
427 2095 594 2137 senatu,
610 2096 762 2128 contra
784 2095 1008 2143 pugnante
1027 2084 1202 2136 Pisone,
1222 2084 1274 2125 ad
1299 2084 1427 2140 pedes
1447 2085 1642 2127 omnium

190 2142 445 2200 singillatim
468 2143 692 2185 accidente
717 2144 889 2197 Clodio,
913 2155 961 2187 ut
982 2142 1180 2186 consules
1204 2142 1415 2199 populum
1437 2142 1643 2185 cohorta-

231 2277 271 2309 59
293 2285 388 2315 quem
402 2286 461 2315 ego
482 2277 575 2306 varie
596 2276 670 2317 ἃς]
695 2277 892 2309 Tunstallus

187 2326 220 2357 p.
239 2320 291 2352 39.
311 2318 402 2348 addit
424 2319 460 2348 in
481 2320 705 2356 aristocratia,
730 2321 751 2351 i.
768 2333 797 2352 e.
813 2331 892 2351 con-

186 2359 317 2390 sulatu:
341 2371 435 2400 quem
451 2362 486 2390 in
504 2362 716 2392 aristocratia
728 2365 822 2394 varie
836 2364 894 2394 &c.

186 2412 205 2432 e
220 2401 330 2433 codice
344 2403 575 2435 Tornaesiano.
622 2404 759 2437 Habent
772 2412 808 2437 et
823 2405 894 2436 edd.

185 2443 279 2474 Jens.
294 2445 428 2476 Ascens.
445 2453 480 2476 et
503 2450 623 2477 ceterae
645 2454 782 2479 veteres.
824 2449 893 2479 De-

186 2485 268 2517 levit
291 2488 416 2527 primus
430 2488 612 2526 Victorius,
635 2499 695 2520 nec
717 2491 798 2521 mihi
822 2491 893 2531 pla-

190 2533 255 2559 cet.

230 2572 272 2602 60
295 2572 374 2602 meis
401 2573 549 2603 omnibus
575 2574 691 2614 lamis]
722 2573 894 2614 Exquisite

187 2622 247 2662 pre
270 2614 400 2653 scriptis
429 2615 519 2645 libris
557 2617 763 2647 orationibus
790 2618 894 2657 inpri-

188 2656 262 2686 mis.
277 2666 306 2686 v.
322 2656 416 2687 Clav.
433 2667 507 2687 mox
524 2658 565 2687 ab
577 2658 710 2690 illoint.
727 2659 895 2699 Pompeio,

230 2699 268 2729 61
285 2699 325 2729 de
337 2699 524 2730 immor-tuis
536 2701 684 2740 reliqu-iis
697 2711 781 2742 con).
784 2701 798 2741 ]
817 2702 896 2731 Non

187 2739 297 2779 placet
312 2742 432 2772 immor
433 2743 514 2772 tuis.-
530 2752 607 2772 narn
621 2744 819 2774 immortuus
832 2749 896 2781 est,

189 2783 246 2820 qui
275 2783 311 2813 in
338 2783 447 2823 aliquo
473 2789 564 2822 actu,
594 2790 717 2816 conatu
744 2791 896 2816 mortuus

188 2829 259 2853 est:
283 2825 370 2864 quod
385 2832 435 2856 est
450 2827 609 2858 alienum.
653 2828 706 2858 An
722 2828 898 2858 intermor-

186 2866 253 2896 tuis
263 2866 280 2896 ?
306 2869 359 2907 (ut
372 2869 583 2899 intermortuz'
602 2871 743 2909 plausus
757 2871 835 2902 alibi
850 2870 898 2901 di-

184 2909 320 2948 cuntur)
348 2909 370 2940 i.
383 2920 412 2941 e.
428 2911 552 2948 frarem,
570 2912 754 2944 debilitatis
778 2913 839 2953 ita,
858 2917 897 2943 ut

937 2288 1012 2309 mox
1027 2277 1126 2318 plane
1140 2275 1326 2307 interiturae
1339 2275 1419 2312 sint,
1431 2279 1470 2306 ut
1485 2276 1573 2317 apud
1587 2277 1644 2308 Li—

937 2321 1027 2351 vium
1044 2320 1162 2359 aliquis
1176 2320 1210 2350 in
1227 2318 1386 2349 concione
1408 2319 1646 2350 intermortuus

938 2362 1061 2394 dicitur
1073 2362 1186 2399 fuisse,
1200 2362 1256 2401 qui
1272 2360 1386 2401 paullo
1400 2367 1476 2401 post
1492 2371 1645 2394 mortuus

938 2412 994 2437 stt.

979 2448 1021 2479 62
1043 2448 1082 2478 de
1104 2446 1246 2486 vilitate]
1279 2452 1324 2486 sc.
1348 2455 1504 2484 annonae,
1527 2447 1642 2488 praese.—

937 2497 1033 2521 ctura
1047 2499 1190 2521 annonae
1211 2488 1368 2530 Pompeio
1385 2488 1589 2520 decernenda
1604 2491 1645 2520 ab

937 2532 1008 2573 ipso
1021 2533 1149 2563 effecta.
1167 2532 1229 2562 hoc
1245 2541 1321 2561 cum
1341 2532 1473 2561 Graevio
1497 2533 1646 2563 revocavi

937 2585 955 2605 e
967 2576 1161 2606 Victoriana
1173 2580 1206 2605 et
1220 2573 1421 2605 Manutiana
1435 2585 1465 2604 a.
1482 2577 1573 2606 1540.
1586 2585 1645 2615 pro

938 2619 1097 2648 utilitate.

981 2660 1020 2690 63
1035 2660 1233 2700 dueeflliola
1249 2658 1414 2698 Curionis]
1433 2658 1515 2689 Filio
1529 2660 1646 2689 eurio-

940 2702 1003 2739 nis,
1019 2704 1073 2742 qui
1100 2713 1176 2733 cum
1191 2702 1340 2733 Antonio
1364 2701 1484 2732 foedam
1507 2711 1644 2733 eonsue—

938 2744 1091 2776 tudinem
1104 2745 1261 2776 habebat.

984 2788 1026 2818 64
1047 2787 1117 2820 Hic
1131 2788 1189 2818 tibi
1204 2786 1329 2818 Rostra
1350 2785 1384 2817 C.
1401 2785 1550 2825 advolat]
1574 2785 1645 2815 Du-

941 2828 1009 2860 rior
1039 2835 1090 2861 est
1117 2830 1251 2861 omissio
1278 2828 1534 2869 praepositionis.
1580 2827 1645 2859 Sed

942 2880 1010 2903 non
1030 2873 1104 2907 ,sine
1126 2871 1290 2912 exemplo,
1314 2870 1432 2903 saltem
1457 2869 1544 2911 apud
1567 2875 1648 2911 poe—

941 2917 1003 2944 tas.

852 2961 977 3010 egQ.
