1940 3231
0 2037 3 2045 v
0 1975 9 2015 ἠήρ
0 1772 9 1969 ΕΜ
0 1859 1 1862 Α
0 1240 9 1772 m

680 114 909 155 vLIBER
949 115 1018 152 IX.
1504 122 1580 161 673

142 229 233 262 tum
268 221 393 264 facile
429 232 472 263 et
504 221 686 264 libenter
722 219 937 273 abjecero.
971 217 1200 273 3¹eg1·egie
1234 221 1370 273 probo
1393 221 1498 274 fore,
1523 234 1583 271 ut,

138 278 242 320 dum
279 295 472 336 agamus,
503 284 625 324 ἑπλές
643 282 756 332 &gu-0705
788 276 996 332 obrepat:
1031 275 1064 314 si
1104 275 1247 325 modo,
1285 277 1440 332 inquis,
1481 282 1581 320 satis

137 335 210 376 ille
240 338 321 377 erit
352 338 512 378 firmus.
544 345 608 375 est
640 334 803 374 firmior
836 334 965 374 etiam
1000 346 1129 386 quam
1165 334 1437 387 putabamus.
1474 339 1581 378 32de

135 392 219 434 isto
252 394 353 435 licet
393 395 499 434 bene
538 406 695 447 speres.
734 391 942 446 promitto
978 389 1072 439 tibi,
1105 389 1138 430 si
1178 389 1350 442 valebit,
1389 393 1579 447 tegulam

133 449 252 490 illum
278 452 319 492 in
348 451 471 492 Italia
494 449 650 489 nullam
676 447 938 489 relicturum.
963 456 1059 487 tene
1090 446 1224 502 igitur
1247 448 1396 490 socio?
1427 461 1578 490 contra

132 507 374 549 mehercule
405 520 546 547 meum
573 504 806 560 judicium,
839 515 883 546 et
912 507 952 536 33
966 515 1117 545 contra
1146 505 1340 546 omnium
1375 506 1574 561 antiquo-

130 578 226 605 rum
248 565 573 606 auctoritatem:
607 578 686 603 nec
706 572 792 602 tam
812 571 861 603 ut
883 561 954 602 illa
971 562 1188 616 adjuvem,
1205 577 1331 617 quam
1357 574 1403 604 ut
1425 566 1466 594 34
1481 565 1574 606 haec

131 634 186 661 ne
225 622 405 672 videam,
435 621 565 676 cupio
601 620 833 661 discedere.
865 619 951 660 noli
989 619 1102 659 enim
1142 631 1292 674 putare
1331 621 1574 662 tolerabiles

129 676 282 717 horum
306 678 506 728 insanias,
531 692 608 718 nec
630 676 874 718 uniusmodi
901 675 1006 717 fore.
1026 677 1103 717 etsi
1129 677 1231 731 quid
1256 688 1296 718 te
1329 677 1482 719 horum
1506 679 1573 720 fu-

127 734 223 788 git?
255 734 435 790 legibus,
468 735 663 790 judiciiS,
700 744 848 775 senatu
888 733 1073 784 sublato,
1107 733 1322 786 libidines,
1355 736 1571 788 audacias,

127 801 308 842 sumtus,
342 803 554 848 egestates
593 802 658 833 tot
691 792 1064 848 egentissimorum
1100 791 1341 844 hominum,
1368 808 1447 834 nec
1485 796 1570 849 pri-

128 858 248 888 vatas
270 864 395 904 posse
418 865 495 900 res,
518 864 595 891 nec
615 849 924 905 rempublicam
958 849 1180 889 sustinere.
1242 849 1462 892 Abeamus
1486 852 1567 906 igi·
1584 859 1613 888 b.

126 913 196 945 tur
217 906 317 947 inde
339 908 532 962 qualibet
554 907 857 963 navigatione:
891 906 969 946 etsi
996 906 1036 947 id
1063 907 1252 961 quidem,
1278 917 1322 948 ut
1348 909 1426 949 tibi
1452 910 1568 950 vide-

127 961 272 1005 bitur:
306 966 378 1005 sed
413 975 528 1005 certe
560 965 778 1005 abeamus.
813 963 995 1004 sciemus
1023 964 1153 1012 enim,
1188 964 1230 1004 id
1266 966 1381 1020 quod
1415 981 1568 1022 exspe-

124 1028 231 1071 ctas,
253 1021 354 1076 quid
381 1021 598 1063 Brundisii
629 1031 774 1062 actum
805 1020 874 1060 sit.
938 1020 1070 1060 Bonis
1105 1021 1204 1061 viris
1227 1022 1341 1076 quod
1374 1024 1436 1063 ais
1471 1039 1568 1079 pro-

127 1076 232 1128 bari,
256 1093 353 1133 quae
376 1079 517 1120 adhuc
541 1078 781 1128 fecerimus,
815 1077 1013 1132 scirique,
1045 1078 1099 1117 ab
1124 1078 1173 1117 iis
1199 1092 1277 1119 nos
1307 1094 1391 1120 non
1428 1081 1569 1136 profe·

124 1143 232 1186 ctos,
256 1136 377 1177 valde
401 1137 594 1192 gaude03
627 1136 659 1176 si
684 1145 749 1176 est
780 1149 893 1175 nunc
917 1134 1024 1175 ullus
1058 1135 1272 1190 gaudendi
1305 1136 1440 1179 locus.
1503 1138 1569 1179 De

125 1191 309 1233 Lentulo
332 1194 604 1249 investigabo
623 1191 899 1248 diligentius:
925 1192 966 1232 id
991 1192 1190 1233 mandavi
1216 1192 1469 1246 Philotimo,
1493 1195 1570 1236 ho-

122 1249 227 1290 mini
261 1250 361 1291 forti
394 1266 444 1291 ac
482 1251 660 1292 nimium
693 1250 910 1306 optimati.
973 1248 1226 1290 Extremum
1260 1262 1340 1302 est,
1361 1254 1401 1282 35
1419 1263 1464 1293 ut
1489 1254 1566 1294 tibi

124 1318 427 1362 argumentum
459 1308 510 1349 ad
535 1307 806 1349 scribendum
834 1307 1013 1348 fortasse
1038 1307 1131 1362 jam
1155 1307 1290 1350 desit:
1323 1314 1423 1361 (nec
1453 1311 1569 1351 enim

118 1363 202 1405 alia
222 1364 276 1406 de
297 1379 341 1406 re
362 1379 477 1407 nunc
500 1365 585 1406 ulla
606 1365 734 1406 scribi
760 1374 927 1420 potest3
958 1374 1002 1404 et
1032 1365 1085 1404 de
1117 1364 1197 1405 hac
1219 1365 1323 1420 quid
1350 1366 1445 1422 jam
1477 1383 1568 1409 am-

121 1420 233 1476 plius
267 1423 449 1464 inveniri
486 1424 673 1479 potest?)
706 1424 776 1463 sed
809 1422 1013 1477 quoniam
1037 1432 1080 1462 et
1111 1422 1333 1478 ingenium
1364 1426 1565 1481 suppedi-

120 1487 198 1527 tat,
220 1479 338 1532 (dico
361 1480 617 1531 mehercule,
640 1490 688 1520 ut
711 1480 885 1530 sentio,)
907 1489 950 1520 et
984 1493 1121 1530 amor,
1141 1494 1228 1534 quo
1250 1490 1293 1521 et
1325 1495 1468 1523 meum
1500 1484 1565 1524 in—

118 1537 294 1591 genium
330 1538 559 1589 incitatur3
591 1551 737 1593 perge,
770 1548 817 1577 ut
849 1537 968 1587 facis,
992 1546 1036 1576 et
1069 1538 1223 1588 scribe,
1254 1549 1463 1593 quantum
1487 1554 1565 1595 po-

122 1605 197 1634 tes.
259 1593 311 1635 In
338 1593 515 1651 Epirum
540 1595 656 1650 quod
681 1609 747 1635 me
771 1609 855 1635 non
881 1594 1052 1643 invitas,
1075 1595 1279 1636 comitem
1312 1610 1399 1637 non
1432 1597 1564 1639 mole-

119 1659 248 1702 stum,
280 1652 547 1694 subirascor:
583 1652 655 1693 sed
681 1653 785 1692 vale.
809 1666 923 1702 nam,
947 1661 994 1692 ut
1026 1651 1105 1692 tibi
1138 1652 1463 1704 ambulandum,
1487 1670 1564 1696 un·

117 1709 323 1764 gendum,
361 1711 423 1751 sic
453 1709 558 1751 mihi
593 1709 909 1751 dormiendum.
946 1709 1106 1750 etenim
1141 1709 1296 1752 litterae
1335 1719 1421 1754 tuae
1455 1713 1561 1755 mihi

117 1781 314 1808 somnum
339 1766 590 1809 attUlel‘Unt.

551 1872 786 1917 CICERO
817 1873 1047 1916 ATTICO
1079 1875 1124 1915 S.

115 1924 156 1971 36
173 1938 601 1996 COENANTIBUS
639 1954 776 2010 pridie
815 1952 918 1995 Idus
951 1953 1093 2005 nobis,
1115 1968 1166 1995 ac
1200 1962 1332 1996 noctu
1365 1954 1554 2010 quidem,

116 2008 279 2060 Statius
315 2025 340 2051 a
376 2020 418 2050 te
450 2010 675 2066 epistolam
713 2012 883 2052 brevem
918 2010 1078 2053 attulit.
1142 2010 1210 2051 De
1248 2011 1298 2052 L.
1332 2011 1554 2068 Torquato

98 2068 154 2120 ’'37ss
166 2066 281 2121 quod
305 2067 477 2122 quaeris,
500 2083 586 2110 non
611 2069 742 2110 modo
777 2069 951 2122 Lucius,
980 2069 1053 2110 sed
1085 2068 1215 2109 etiam
1251 2069 1387 2111 Aulus
1409 2070 1553 2127 profe-

151 2232 188 2260 31
205 2231 338 2269 egregie
353 2230 466 2270 probo,
477 2228 572 2270 fore]
602 2230 702 2262 Plane
727 2235 807 2272 puto

110 2281 221 2303 verum
238 2282 319 2309 esse,
334 2273 421 2312 quod
443 2273 568 2310 scribis,
584 2273 660 2304 dum
688 2284 746 2304 nos
769 2274 808 2305 de

107 2315 277 2355 triumpho
292 2324 441 2354 agamus,
457 2320 494 2345 ut
507 2317 737 2356 opportunitas
750 2326 807 2352 na-

106 2356 237 2396 vigandi
258 2356 299 2388 ad
315 2358 509 2398 Pompeium
525 2368 592 2389 non
609 2359 806 2400 praetermit—

106 2398 207 2430 tenda
220 2400 329 2430 subito
342 2401 473 2431 existat.

148 2444 190 2472 32
212 2443 251 2472 de
270 2442 344 2483 isto]
370 2442 447 2473 Non
469 2443 508 2474 de
531 2453 682 2484 persona,
698 2444 754 2475 sed
768 2445 807 2476 de

107 2493 154 2521 re,
190 2486 323 2525 negotio
353 2486 500 2526 capiunt.
537 2497 598 2526 ego
626 2488 739 2517 malim
768 2487 807 2517 de

106 2526 246 2564 Caesare,
275 2533 313 2558 ut
343 2528 386 2558 sit
415 2528 477 2558 hoc
507 2528 620 2560 Attici.
649 2529 704 2559 sed
732 2531 809 2560 bene

104 2577 210 2607 speres
223 2575 274 2600 est
289 2571 463 2602 ironicum.

145 2614 186 2642 33
209 2617 323 2643 contra
346 2623 432 2643 omn.
457 2615 668 2654 antiquorum
692 2618 803 2645 aucto-

104 2654 252 2694 ritatem]
291 2655 530 2693 Romanorum,
568 2656 732 2688 clarorum
770 2657 803 2687 in

104 2705 173 2735 rep.
197 2697 340 2728 virorum
363 2698 524 2738 exempla,
547 2701 602 2739 qui
628 2700 711 2730 mori
735 2710 804 2730 ma-

102 2737 228 2775 lebant,
243 2749 341 2779 quam
357 2739 479 2770 talibus
495 2741 664 2773 interesse.

104 2804 117 2853 s.
144 2783 185 2810 34
208 2782 274 2812 Izoec
289 2792 328 2812 ne
349 2783 493 2823 videam]
518 2783 601 2825 Quae
626 2785 803 2819 caesariani

118 2823 237 2854 acient.

164 2879 272 2909 VOL.
296 2880 373 2909 111.
397 2881 438 2910 P.
468 2882 521 2909 11.

893 2235 933 2264 35
948 2237 987 2263 ut
1001 2233 1059 2263 tibi
1073 2243 1103 2263 σ.
1117 2233 1164 2262 ad
1174 2242 1238 2263 scr.
1254 2233 1347 2273 desit]
1366 2234 1396 2263 Si
1413 2235 1570 2268 maxime?

851 2275 912 2305 tibi
928 2275 1012 2306 desit
1036 2276 1177 2306 materia
1190 2276 1363 2306 scribendi.
1386 2287 1444 2306 nec
1466 2280 1553 2308 enim

849 2319 1033 2349 —z'nveniri
1051 2323 1169 2358 potest,
1194 2318 1228 2348 in
1256 2319 1443 2358 parenthesi
1466 2321 1551 2350 acci-

850 2360 980 2400 pienda.

893 2403 935 2433 36
963 2402 1169 2434 Coenantae'bus
1193 2402 1267 2442 &c.]
1306 2402 1388 2434 Haec
1411 2404 1554 2445 epistola

850 2445 886 2475 in
915 2444 966 2476 ed.
997 2445 1093 2476 Rom.
1129 2455 1204 2475 cum
1235 2446 1374 2486 septima
1395 2449 1550 2479 coliaeret.

851 2486 948 2520 male.
972 2493 1120 2518 ceterum
1135 2488 1282 2528 epistolis
1304 2489 1454 2527 Caesaris,
1473 2490 1549 2521 Bal-

851 2529 896 2567 bi,
912 2530 991 2560 item
1007 2530 1102 2561 Balbi
1117 2536 1152 2561 et
1173 2530 1355 2570 Oppiorum
1372 2532 1548 2572 subjicien-

848 2571 890 2604 da
913 2578 973 2603 est.
998 2572 1106 2611 itaque
1130 2582 1189 2603 nos
1212 2572 1359 2611 fecimus,
1373 2574 1418 2605 ..in
1441 2576 1550 2605 omni-

848 2613 907 2644 bus
923 2615 996 2646 edd.
1019 2624 1121 2655 usque
1137 2625 1157 2646 a
1177 2614 1381 2646 Jensoniana
1401 2616 1431 2647 ei
1456 2625 1544 2658 post-

848 2663 1031 2698 ponuntur.
1371 2674 1386 2701 ΧΑ

891 2702 930 2734 3ῖ
953 2700 1144 2740 quodmodo
1166 2700 1298 2740 quaeris]
1325 2701 1415 2731 modo
1436 2701 1547 2732 delen-

847 2740 927 2772 dum
957 2752 1038 2780 esse,
1067 2748 1157 2773 recte
1183 2743 1312 2780 judicat
1348 2742 1545 2783 Malaspina.

848 2785 925 2823 quia
940 2785 975 2817 in
997 2785 1124 2817 duobus
1150 2786 1228 2816 Mss.
1253 2795 1318 2816 nou
1341 2787 1474 2825 reperit,
1491 2785 1546 2817 de-

848 2826 921 2859 levi.

777 2883 860 2909 XX
