1940 3231
298 139 375 174 814
720 131 901 172 EPIST.
925 133 1000 173 AD
1025 131 1310 179 ATTICUM‚

299 248 393 281 tum
431 236 554 278 rebar
586 251 612 278 a
644 236 829 280 Caesare.
887 236 1069 279 Antonii
1101 237 1364 293 colloquium
1394 251 1494 280 cum
1525 239 1728 285 heroibus

298 295 456 338 nostris
496 309 572 351 pro
604 308 648 335 re
682 306 784 336 nata
817 310 902 336 non
934 295 1270 337 incommodum.
1301 296 1372 337 sed
1410 305 1553 338 tamen
1585 299 1727 342 adhuc

299 368 370 395 me
391 351 498 393 nihil
519 351 702 392 delectat
726 364 878 407 praeter
902 350 1003 392 Idus
1027 351 1161 395 Mart.
1204 367 1317 403 nam,
1339 353 1542 408 quoniam
1568 354 1728 397 Fundis

254 424 287 455 b.
303 427 392 452 sum
418 424 514 451 cum
555 409 711 463 Ligure
733 419 894 458 nostro,
915 409 1163 460 discrucior,
1187 410 1355 451 Sextilii
1387 410 1565 452 fundum
1589 428 1614 453 a
1637 427 1731 454 ver-

302 469 460 511 berone
484 465 666 506 Curtilio
692 465 920 520 possideri:
945 465 1056 520 quod
1082 480 1178 506 cum
1201 467 1313 518 dico,
1335 470 1374 498 28
1389 468 1440 508 de
1463 478 1556 519 toto
1574 483 1731 524 genere

301 527 414 568 dico.
465 522 579 569 Quid
605 522 718 561 enim
742 523 951 572 miserius,
973 536 1101 577 quam
1122 537 1172 562 ea
1193 538 1270 564 nos
1294 524 1417 575 tueri,
1437 535 1612 581 propter
1632 542 1730 582 quae

301 583 418 624 illum
451 580 703 620 oderamus?
765 578 965 620 Etiamne
995 580 1188 620 consules
1219 591 1261 620 et
1292 582 1486 623 tribunos
1518 582 1654 638 plebis
1685 584 1732 626 in

301 636 540 685 biennium,
563 649 670 690 quos
702 635 770 676 ille
802 635 964 678 voluit?
1009 635 1124 676 nullo
1158 637 1286 677 modo
1325 640 1504 694 1·eperi0‚
1527 640 1734 694 quemad-

299 697 477 738 modum
495 706 652 749 possim
672 697 915 734 πολιτείεο-θιι.
937 692 1046 733 nihil
1063 692 1179 733 enim
1196 703 1281 734 tam
1301 699 1454 742 σόλοικον,
1471 704 1597 751 quam
1612 717 1731 753 τυςιν-

301 754 442 794 ιωιτόνες
466 751 507 790 in
543 749 657 790 coelo
687 763 792 798 esse,
816 750 984 806 tyranni
1011 749 1126 790 facta
1156 750 1342 791 defendi.
1375 752 1447 792 sed
1479 754 1594 795 vides
1627 769 1732 794 con-

302 806 427 855 suleS‚
453 807 568 847 vides
592 807 776 861 reliquos
799 809 1089 862 magistratus,
1112 807 1146 846 si
1169 807 1238 847 isti
1268 807 1570 863 magistratus:
1613 811 1732 852 vides

298 862 551 919 languorem
588 865 813 904 bonorum.
850 864 1047 905 exultant
1079 864 1230 905 laetitia
1264 865 1305 904 in
1344 865 1605 922 municipiis.
1645 867 1733 909 dici

300 921 416 961 enim
441 936 524 962 non
550 931 705 977 potest,
727 931 889 975 quanto
912 936 1041 977 opere
1063 922 1291 977 gaudeant,
1315 932 1360 962 ut
1383 923 1435 963 ad
1460 937 1526 964 me
1554 938 1736 965 concur-

300 988 412 1028 rant,
429 988 477 1019 ut
499 979 644 1019 audire
666 977 843 1033 cupiant
867 980 994 1019 verba
1017 993 1112 1019 mea
1132 993 1182 1019 ea
1200 979 1252 1019 de
1274 993 1342 1029 1·e;
1372 993 1452 1020 nec
1469 979 1552 1022 ulla
1574 981 1735 1022 interea

303 1035 488 1076 decreta.
520 1039 559 1070 Ξ9
574 1035 634 1076 sic
655 1036 768 1076 enim
785 1039 1057 1088 πεπολιτείιμεέαι,
1077 1046 1125 1076 ut
1141 1037 1277 1077 victos
1300 1046 1600 1080 metueremus.
1623 1037 1735 1081 Haec

303 1093 357 1133 ad
383 1102 424 1132 te
446 1093 595 1149 scripsi
622 1092 821 1148 apposita
851 1092 1036 1133 secunda
1065 1107 1236 1134 mensa:
1269 1093 1391 1149 plura
1419 1104 1464 1135 et
1497 1098 1736 1150 πολιτικότεςω

304 1159 480 1205 postea:
514 1161 558 1190 et.
580 1160 640 1202 tu,
663 1150 767 1206 quid
789 1164 906 1205 agaS‚
929 1150 1117 1205 quidque
1139 1160 1306 1205 agatur.

262 1255 287 1296 7
739 1238 973 1281 CICERO
1003 1238 1232 1281 ATTICO
1265 1240 1309 1281 S.

306 1295 653 1350 POSTRIDIE
676 1307 777 1349 Idus
800 1306 994 1348 Paullum
1020 1307 1061 1348 in
1084 1307 1236 1363 Cajeta
1259 1308 1360 1349 vidi.
1383 1308 1418 1350 is
1436 1308 1541 1350 mihi
1565 1308 1617 1350 de
1639 1307 1741 1350 Ma-

302 1366 367 1407 rio
389 1377 432 1407 et
454 1367 506 1406 de
528 1365 747 1421 republica
770 1364 852 1405 alia
872 1364 1070 1419 quaedam
1094 1380 1193 1406 sane
1223 1367 1421 1421 pessima.
1452 1381 1477 1407 a
1509 1375 1551 1407 te
1573 1366 1738 1408 scilicet

302 1423 437 1464 nihil:
472 1438 596 1463 nemo
619 1423 734 1463 enim
765 1437 971 1462 meorum.
1004 1422 1075 1462 sed
1100 1422 1283 1463 Brutum
1310 1432 1501 1464 nostrum
1525 1424 1653 1465 audio
1675 1423 1741 1464 vi-

303 1496 397 1521 sum
430 1482 508 1521 sub
535 1480 744 1520 Lanuvio.
777 1479 851 1519 ubi
884 1478 1054 1520 tandem
1078 1489 1142 1519 est
1174 1479 1369 1521 futurus?
1400 1495 1497 1521 narn
1520 1495 1618 1522 cum
1643 1480 1741 1523 reli-

305 1552 403 1592 qua,
427 1549 515 1578 tum
550 1537 602 1577 de
622 1537 706 1585 hoc
737 1537 844 1577 scire
875 1551 980 1577 aveo
1012 1538 1170 1577 onmia.
1232 1537 1327 1593 Ego
1357 1552 1380 1578 e
1411 1537 1641 1579 Formiano
1663 1553 1740 1579 ex-

304 1595 396 1635 iens
433 1609 539 1635 ΧΠ]
584 1594 679 1634 Kal.
706 1604 753 1634 ut
786 1594 884 1634 inde
917 1593 1049 1634 altero
1082 1593 1150 1634 die
1185 1593 1227 1633 in
1264 1594 1565 1644 Puteolanum,
1587 1595 1740 1651 scripsi

303 1651 416 1693 haec.
474 1652 513 1692 A
539 1651 750 1692 Cicerone
773 1650 877 1691 mihi
909 1649 1062 1691 litterae
1085 1664 1185 1690 sane
1206 1654 1430 1703 πεπαυμέναι,
1454 1662 1497 1693 et
1520 1653 1627 1693 bene
1646 1652 1739 1693 lon-

306 1723 390 1764 gae.
411 1712 452 1740 30
465 1719 606 1749 cetera
627 1719 769 1749 autem
795 1708 858 1748 vel
882 1707 985 1764 fingi
1012 1717 1215 1763 possunt:
1237 1715 1324 1753 πῖιος
1347 1708 1582 1749 litterarum
1606 1709 1741 1766 signi-

305 1766 408 1807 ficat
429 1766 680 1807 doctiorem.
704 1780 817 1806 nunc
840 1779 1100 1820 magnopere
1123 1780 1147 1805 a
1169 1774 1210 1804 te
1232 1774 1347 1819 peto,
1366 1765 1419 1806 de
1439 1780 1525 1821 quo
1548 1781 1642 1807 sum
1664 1781 1745 1807 nu-

306 1838 383 1878 per
415 1832 555 1863 tecum
589 1823 771 1872 locutus,
804 1833 850 1863 ut
893 1822 1037 1862 videas
1073 1836 1125 1862 ne
1166 1821 1268 1876 quid
1303 1822 1341 1862 ei
1383 1822 1507 1865 desit.
1556 1823 1599 1864 id
1641 1838 1742 1865 cum

306 1880 359 1922 ad
403 1880 596 1921 officium
650 1889 842 1920 nostrum
891 1879 1090 1934 pertinet,
1127 1888 1218 1920 tum
1266 1878 1317 1919 ad
1372 1880 1740 1923 existimationem

306 1947 351 1978 et
383 1937 667 1993 dignitatem:
719 1937 834 1992 quod
869 1936 982 1977 idem
1017 1936 1209 1977 intellexi
1255 1935 1335 1976 tibi
1371 1937 1504 1978 videri
1546 1939 1741 1979 omnino.

172 1994 355 2058 P,925·Si
380 2009 483 2049 ergo
505 2005 584 2045 est,
616 1993 714 2035 volo
746 2008 890 2034 mense
923 1993 1107 2040 Quintili
1141 1994 1181 2034 in
1216 1992 1450 2034 Graeeiam.
1482 1995 1568 2035 sint
1597 1995 1745 2036 omnia

262 2070 291 2092 a.
309 2051 515 2093 faciliora.
542 2052 613 2092 sed
636 2065 734 2092 cuin
755 2051 839 2092 sint
857 2065 907 2092 ea
930 2062 1137 2107 tempora,
1158 2060 1205 2092 ut
1227 2050 1330 2090 certi
1355 2051 1461 2092 nihil
1479 2065 1571 2092 esse
1593 2053 1742 2108 possit,

307 2109 408 2165 quid
441 2108 669 2149 honestum
692 2107 799 2149 mihi
823 2110 891 2158 sit,
915 2108 1018 2163 quid
1043 2108 1183 2157 liceat,
1206 2106 1307 2161 qnid
1331 2109 1565 2164 expediat3
1596 2120 1744 2164 quaeso

306 2168 361 2207 da
396 2180 587 2222 operam,
624 2176 670 2206 ut
705 2165 822 2206 illum
858 2180 985 2221 quam
1022 2165 1324 2205 honestissime
1359 2165 1745 2221 copiosissimeque

307 2233 516 2264 tueamur.
549 2223 644 2264 haec
668 2232 711 2263 et
744 2233 898 2272 cetera,
921 2237 1016 2277 quae
1041 2222 1091 2262 ad
1118 2237 1194 2263 nos
1226 2221 1518 2277 pertinebunt,
1541 2232 1589 2264 ut
1619 2224 1742 2274 soles,

304 2281 546 2336 cogitabis:
592 2281 644 2321 ad
679 2294 846 2334 meque,
869 2289 942 2321 aut
975 2280 1088 2334 quod
1123 2280 1175 2320 ad
1209 2293 1297 2319 rem
1331 2281 1557 2334 pertineat,
1587 2288 1674 2332 aut,
1706 2280 1740 2322 si

305 2337 412 2379 nihil
435 2338 530 2389 erit,
555 2337 671 2392 quod
695 2337 738 2378 in
765 2339 943 2378 buccam
966 2337 1146 2387 venerit,
1171 2336 1345 2378 scribes.

267 2475 292 2512 3
737 2449 972 2491 CICERO
1003 2449 1232 2492 ATTICO
1264 2449 1309 2490 S.

305 2509 396 2565 TU
420 2538 486 2564 me
514 2522 606 2578 jam
637 2524 799 2573 rebare,
823 2537 920 2563 cum
955 2524 1186 2574 scribebas,
1213 2524 1254 2563 in
1287 2521 1393 2563 actis
1424 2535 1518 2562 esse
1558 2522 1741 2564 nostris:

306 2589 349 2621 et
371 2596 453 2638 ego
476 2580 623 2636 accepi
649 2595 752 2621 xvn
780 2580 877 2621 Kal.
901 2581 944 2621 in
966 2580 1245 2622 diversoriolo
1269 2580 1527 2621 Sinuessano
1550 2588 1644 2621 tuas
1673 2579 1744 2621 lit-

346 2729 386 2756 <28
411 2725 449 2755 de
478 2730 541 2756 toto
567 2724 698 2764 genere]
731 2725 1007 2763 Caesarianorum,

303 2765 359 2808 qui
389 2768 529 2798 aliorum
561 2767 723 2797 honorum
751 2769 895 2798 virorum
921 2768 1009 2798 bona

304 2811 485 2850 possident,
501 2821 538 2840 ac
557 2811 715 2840 retinent.

348 2854 388 2885 ⁶29
409 2856 454 2881 sic
471 2854 555 2883 enim
584 2852 674 2891 mm]
706 2851 846 2887 Ironice,
861 2852 907 2881 sic
924 2861 1009 2882 rem·

305 2893 398 2935 publ.
415 2896 589 2934 gessimu5‚
603 2901 783 2936 tyrannum
793 2893 955 2934 tollendo,
972 2897 1010 2925 ut

1052 2731 1238 2758 metuamus
1252 2724 1386 2765 tyranni
1401 2723 1550 2756 asseclas.

1093 2771 1133 2799 30
1156 2772 1260 2798 cetera
1278 2772 1388 2798 autem
1410 2766 1485 2806 δια]
1511 2766 1562 2797 De
1586 2766 1654 2796 vita
1673 2766 1746 2806 ejus

1050 2815 1082 2840 et
1106 2810 1250 2840 moribus
1273 2819 1331 2840 sua
1351 2816 1468 2848 sponte
1492 2808 1744 2848 intelliguntur:

1052 2862 1129 2883 nam
1152 2852 1229 2890 quia
1243 2851 1371 2882 doctior
1385 2851 1491 2881 factus
1513 2856 1581 2888 est,
1593 2851 1747 2882 credibile

1051 2899 1115 2934 est,
1131 2894 1233 2927 etiam
1249 2902 1355 2927 mures
1370 2892 1522 2925 meliores
1535 2893 1653 2925 factos.
