1940 3231
709 120 915 161 LIBER
956 122 1064 161 XVI.
1535 124 1617 168 367

166 239 266 269 frum
288 225 403 270 nulla
424 235 489 276 est
509 231 696 278 συναγωγή·
722 227 794 269 sed
813 226 949 267 habet
969 224 1073 268 Tiro
1096 226 1230 268 instar
1255 226 1549 283 septuaginta.
1570 234 1616 268 et

170 285 347 340 quidem
369 294 468 327 sunt
489 300 515 326 a
535 294 577 326 te
598 284 797 340 quaedam
821 285 1055 329 sumendae.
1087 298 1158 326 eas
1189 298 1287 340 ego,
1309 293 1497 340 oportet,
1518 299 1614 341 per-

171 342 368 399 spiciam,
390 343 620 399 corrigam.
639 350 733 382 tum
758 341 944 397 denique
966 342 1161 383 edentur.

605 413 841 457 CICERO
872 414 1102 457 ATTICO
1134 416 1180 457 S.
1621 416 1649 458 6

172 470 316 525 EGO
359 483 500 525 adhuc
534 483 733 539 (perveni
775 483 890 524 enim
930 483 1146 525 Vibonem
1181 483 1233 526 ad
1274 483 1438 535 Sicam)
1471 482 1611 539 magis

169 542 412 592 commode,
445 555 575 596 quam
613 550 785 582 strenue
825 541 1058 597 navigavi:
1091 541 1218 582 remis
1252 542 1367 582 enim
1405 555 1612 597 magnam

167 608 360 652 partem:
392 597 612 654 prodromi
644 598 764 639 nulli.
797 597 900 639 illud
933 598 1034 639 satis
1062 610 1341 655 opportune:
1374 598 1460 639 duo
1493 598 1610 639 sinus

167 654 407 706 ⁵¹fuerunt,
428 670 536 710 quos
571 655 752 697 tramitti
786 664 1020 712 oporteret,
1053 655 1276 697 Paestanus
1313 666 1356 698 et
1386 656 1611 697 Vibonen-

167 711 249 754 sis:
286 721 516 768 utrumque
557 713 740 770 pedibus
783 713 918 768 aequis
960 713 1289 755 transmisimus.
1331 713 1428 754 veni
1473 713 1609 768 igitur

164 769 219 810 ad
243 769 386 810 Sicam
410 780 565 812 octavo
589 771 658 812 die
679 785 702 811 e
731 770 1015 826 Pompeiano,
1037 785 1136 812 cum
1169 786 1299 812 unum
1333 771 1446 812 diem
1470 770 1608 820 Veliae

163 826 480 870 constitissem:
515 829 589 870 ubi
620 828 795 884 quidem
831 827 892 868 fui
928 842 1028 868 sane
1060 828 1244 870 libenter
1278 829 1392 885 apud
1425 827 1608 875 Talnam

163 889 387 927 nostrum:
420 900 499 927 nec
531 887 654 942 potui
685 885 839 941 accipi,
862 885 934 926 illo
966 886 1144 928 absente
1175 887 1429 943 praesertim,
1451 885 1607 926 libera*

161 939 259 983 lius.
285 956 338 983 1x
365 942 463 985 Kal.
486 944 621 1000 igitur
642 943 695 984 ad
718 943 877 984 Sicam.
900 942 962 984 irbi
985 952 1203 999 tamquam
1233 945 1350 985 domi
1382 957 1489 985 meae
1522 943 1606 984 sci-

160 997 279 1040 licet.
313 1001 459 1056 itaque
496 1000 662 1042 obduxi
701 1010 922 1056 posterum
961 1000 1091 1042 diem.
1128 1002 1200 1043 sed
1238 1003 1461 1058 putabam,
1501 1015 1603 1042 cum

160 1054 353 1114 Regium
387 1058 611 1110 veniSsem,
643 1057 750 1108 fore,
774 1068 822 1099 ut
851 1057 954 1109 illic,
975 1059 1109 1110 δολιχόν
1127 1061 1228 1099 πλόον
1246 1061 1456 1114 ὃςμκῖνοντες,
1480 1058 1604 1115 Cogi-

158 1122 362 1166 taremus,
384 1116 608 1157 corbitane
640 1115 807 1166 Patras,
837 1130 891 1157 an
923 1115 1169 1156 actuariolis
1201 1114 1254 1156 ad
1289 1114 1604 1170 Leucopetram

148 1169 508 1226 Tarentinorum,
530 1176 570 1204 52
581 1181 709 1228 atque
732 1173 831 1214 inde
854 1172 1116 1228 Corcyram:
1148 1180 1205 1223 et,
1229 1172 1263 1212 si
1285 1173 1494 1224 oneraria,
1517 1181 1603 1214 sta-

157 1229 296 1271 timne
315 1230 441 1283 freto,
456 1247 509 1272 an
529 1231 768 1286 SyracusiS.
785 1230 867 1272 bac
890 1244 1016 1287 super
1038 1243 1082 1270 re
1101 1231 1287 1272 scribam
1307 1230 1359 1270 ad
1381 1239 1421 1270 te
1442 1228 1600 1286 Regio.

158 1285 428 1340 Mehercule,
456 1289 515 1330 mi
546 1288 710 1340 Attice,
742 1303 857 1344 saepe
887 1302 1074 1338 mecum,
1101 1289 1216 1343 ἦδεῦξ
1234 1289 1301 1332 ὁδός
1321 1307 1369 1326 σοι
1387 1289 1598 1337 ἠδίκηκας

158 1359 236 1386 cur
257 1359 340 1402 ego
372 1355 513 1387 tecum
547 1361 635 1387 non
667 1348 789 1388 sum?
820 1360 910 1397 cur,
932 1344 1091 1387 ocellos
1115 1344 1270 1395 Italiae,
1295 1342 1460 1384 villulas
1482 1358 1600 1385 meas

156 1416 246 1444 non
269 1403 422 1447 video?
455 1405 528 1446 sed
551 1404 593 1445 id
617 1404 720 1444 satis
752 1417 978 1460 superque,
1001 1412 1143 1443 tecum
1166 1415 1235 1442 me
1257 1416 1345 1442 non
1367 1415 1472 1441 esse.
1495 1402 1601 1456 quid

157 1459 399 1518 fugientem
421 1463 434 1504 ?
466 1461 760 1518 periculumne
780 1464 792 1504 ἓ
824 1461 867 1501 id
890 1475 1005 1502 nunc
1027 1459 1217 1516 quidem,
1239 1458 1321 1499 nisi
1345 1458 1484 1510 fallor,
1507 1458 1601 1500 nul*

155 1516 245 1559 lum
266 1529 344 1560 est.
368 1521 407 1550 53
419 1518 471 1560 ad
495 1520 635 1576 ipsum
658 1519 773 1560 enim
806 1527 981 1560 revocat
1010 1532 1079 1559 me
1109 1517 1343 1557 auctoritas
1375 1525 1464 1557 tua.
1496 1517 1600 1557 scri-

154 1575 222 1616 bis
254 1577 385 1628 enim,
409 1577 451 1617 iu
485 1575 640 1619 c'aelum
674 1576 773 1617 ferri
812 1575 1129 1632 profectionem
1161 1588 1316 1625 meam,
1348 1574 1422 1615 sed
1454 1573 1530 1625 ita,
1563 1575 1600 1616 si

154 1641 254 1675 ante
293 1633 390 1679 Kal.
423 1633 525 1676 Jan.
559 1634 753 1676 redeam:
786 1633 903 1689 quod
937 1633 1112 1689 quidem
1145 1640 1261 1673 certe
1294 1631 1446 1672 enitar.
1484 1631 1599 1673 malo

155 1691 271 1732 enim
295 1691 361 1732 vel
382 1707 480 1733 cum
506 1692 660 1734 timore
680 1691 799 1733 domi
822 1705 929 1744 esse,
951 1705 1082 1747 quam
1113 1689 1204 1731 sine
1237 1689 1390 1730 timore
1412 1688 1598 1737 Athenis

153 1748 254 1790 tuis.
289 1749 362 1790 sed
396 1758 538 1792 tamen
575 1750 789 1806 prospice,
815 1764 903 1805 quo
936 1749 1020 1790 ista
1056 1756 1260 1804 vergant:
1292 1746 1487 1802 mihique
1522 1756 1598 1788 aut

152 1806 308 1858 scribe,
342 1818 418 1848 aut
448 1807 566 1863 quod
604 1808 740 1849 multo
779 1807 942 1859 malim,
964 1806 1069 1849 affer
1102 1806 1207 1862 ipse.
1238 1804 1336 1845 haec
1369 1803 1594 1846 hactenus,

147 1862 264 1906 'Illud
295 1865 420 1906 velim
452 1866 496 1906 in
534 1867 692 1906 bonam
729 1873 896 1921 partem
933 1864 1147 1921 accipias,=
1167 1877 1236 1903 me
1268 1875 1395 1917 agere
1434 1858 1637 1917 tecum,b¹

149 1922 265 1977 quod
292 1922 371 1964 tibi
393 1923 548 1980 majori
570 1937 685 1964 curae
709 1922 842 1964 sciam
867 1936 972 1973 esse,
995 1936 1125 1978 quam
1157 1920 1239 1977 ipsi
1271 1919 1392 1960 mihi.
1417 1920 1596 1961 nomina

148 1993 260 2032 mea,
298 1995 374 2036 per
413 1981 531 2032 deos,
570 1981 744 2036 expedi,
782 1979 973 2021 exsolve.
1016 1977 1177 2020 54belle
1217 1976 1382 2032 reliqua
1423 1977 1592 2031 reliqui.

149 2037 222 2078 sed
256 2052 365 2093 opus
398 2047 464 2080 est
494 2038 735 2094 diligentia,
761 2037 1046 2079 coheredibus
1079 2039 1206 2093 55pro
1244 2034 1458 2076 Cluviano
1493 2034 1591 2077 Kal.

149 2094 272 2137 Sext.
295 2096 561 2152 persolutum
583 2106 630 2137 ut
652 2096 722 2137 sit.
749 2110 849 2137 cum
882 2094 1072 2137 Publilio
1094 2108 1181 2150 quo
1213 2093 1343 2134 modo
1375 2092 1589 2149 agendum

149 2153 220 2204 sit,
247 2152 429 2195 videbis.
460 2163 548 2194 non
579 2153 708 2195 debet
739 2167 905 2209 urgere,
927 2152 1134 2208 quoniam
1161 2151 1261 2207 jure
1292 2164 1377 2191 non
1412 2149 1590 2201 utimur,

147 2211 220 2251 'sed
253 2219 398 2252 tamen
428 2211 467 2252 ei
490 2226 662 2268 quoque
683 2211 880 2252 satisfieri
915 2211 1040 2267 plane
1063 2208 1175 2251 volo.
1234 2207 1449 2249 Terentiae
1473 2222 1589 2260 vero,

148 2268 252 2324 quid
285 2283 368 2324 ego
398 2268 570 2311 dicam?
601 2269 729 2310 etiam
761 2279 862 2310 ante
888 2267 1019 2319 diem,
1042 2267 1076 2308 si
1112 2274 1251 2323 potes,
1314 2265 1434 2311 Quin
1468 2266 1518 2316 si,
1541 2275 1590 2306 ut

146 2340 287 2382 spero,
323 2325 518 2368 celeriter
550 2327 594 2367 in
628 2325 838 2383 Epirum3
869 2325 968 2379 hoc,
991 2324 1159 2380 56quod
1195 2322 1401 2364 satisdato
1434 2322 1587 2374 debeo,

182 2444 223 2472 51
237 2439 398 2481 suerunt,
413 2450 490 2481 quos
505 2441 650 2472 tramitti
669 2440 841 2481 oporteret]
887 2441 988 2472 etiam
1009 2443 1137 2471 revocat
1159 2448 1210 2469 me
1232 2447 1265 2469 a.
1281 2440 1306 2468 t.
1330 2446 1528 2477 quamquam
1552 2438 1588 2468 in

144 2484 253 2523 Vulgo
270 2483 355 2514 male
371 2488 503 2524 oportet.
886 2483 950 2514 hoc
964 2484 1071 2524 ipsum
1085 2482 1197 2512 durius
1213 2487 1273 2511 est.

188 2528 230 2557 52
244 2530 341 2566 atque
353 2527 430 2558 inde
445 2525 634 2567 Corcyra-m]
652 2525 760 2566 Vulgo
774 2525 844 2557 edi-
931 2529 972 2557 54
994 2526 1071 2556 belle
1085 2525 1213 2564 reliqua
1231 2521 1363 2562 reliqui]
1390 2522 1411 2551 i.
1426 2532 1455 2554 e.
1470 2521 1586 2562 reliqui

143 2572 202 2600 tur
215 2573 280 2606 ast,
296 2569 382 2608 quod
399 2569 497 2610 plane
519 2570 663 2600 alienum
687 2575 748 2599 est.
793 2569 846 2598 Sic
886 2569 1017 2608 quidem
1033 2566 1181 2607 quaedam
1205 2565 1311 2596 adhue
1333 2564 1505 2596 solvenda:
1529 2563 1588 2599 sed

142 2612 269 2652 primus
292 2611 394 2642 edidit
414 2612 590 2642 Jensonus.
612 2618 649 2642 at
677 2611 728 2642 ed.
745 2611 843 2642 Rom.
885 2612 945 2647 ita,
961 2615 1000 2641 ut
1013 2610 1108 2645 solvi,
1122 2608 1209 2648 quod
1222 2608 1338 2644 debeo,
1353 2608 1468 2647 possit.

144 2653 245 2684 habet
260 2663 299 2684 cte
313 2654 398 2691 inde,
413 2655 500 2685 uude
514 2655 576 2685 feci
590 2659 688 2694 atque
703 2654 789 2690 inde,
805 2658 844 2684 ut
929 2656 968 2684 55
985 2663 1049 2693 pro
1069 2650 1240 2690 Cluuiano]
1267 2651 1330 2681 Pro
1349 2650 1483 2689 praedio,
1498 2648 1586 2689 quod

143 2698 332 2736 conjecerat
346 2696 537 2728 Lambinus.
883 2706 903 2726 e
920 2696 1081 2727 Cluviana
1095 2693 1277 2725 hereditate
1298 2692 1376 2729 erni,
1392 2692 1431 2723 de
1445 2702 1508 2731 quo
1529 2701 1587 2722 εα-

151 2737 154 2740 ’
187 2742 228 2770 53
250 2739 297 2769 ad
316 2739 420 2778 ipsum
435 2740 522 2770 enim
535 2743 666 2770 'revocat
682 2748 734 2769 me
748 2748 782 2769 a.
799 2737 840 2778 t.]
888 2748 946 2779 prat
959 2747 1057 2778 saepe.

143 2782 219 2814 Hoc
229 2781 383 2811 vitiosum
393 2786 487 2822 puto,
497 2783 598 2812 necid
608 2791 739 2812 sensum
752 2791 841 2811 com-
928 2781 969 2811 56
990 2780 1075 2821 quod
1087 2777 1244 2810 satisdato
1264 2775 1370 2815 debeo]
1396 2786 1425 2806 v.
1442 2775 1533 2807 Clav.
1549 2774 1585 2807 in

143 2824 279 2855 modum
295 2823 405 2854 hahet.
421 2833 498 2855 nam
519 2825 545 2854 si
566 2825 672 2863 ipsum
695 2823 735 2854 ad
753 2824 843 2864 peri-
886 2823 919 2854 h.
936 2833 965 2853 v.
984 2822 1204 2864 spoponderat
1219 2830 1278 2861 pro
1294 2819 1458 2853 Montano
1477 2823 1513 2849 et
1534 2827 1586 2851 sa·

141 2868 253 2898 vultam
270 2867 424 2906 pertinet,
440 2875 506 2896 non
517 2867 672 2897 convenit
683 2865 745 2896 hoc
760 2875 844 2905 prae-
885 2865 1064 2897 tisdederat
1078 2864 1225 2901 debitum
1241 2862 1309 2903 ejus
1323 2860 1416 2891 solvi.

143 2909 285 2940 cedenti.
323 2909 416 2944 ,Puto
441 2919 552 2940 verum
575 2919 656 2948 esse,
678 2913 716 2939 at
736 2910 844 2950 ipsum

800 2955 932 2993 3112
