1940 3231
155 386 186 417 p.
205 380 273 409 104.

241 1410 268 1446 5

283 139 361 184 0⁸16
709 145 888 185 EPIST.
916 147 995 185 AD
1021 145 1303 189 ATTICUM,

284 265 380 292 mus
401 265 484 292 una
504 248 631 292 horas
654 250 757 292 duas
789 250 984 293 fortasse.
1006 266 1165 305 magna
1193 249 1347 292 laetitia
1377 247 1484 290 mihi
1516 248 1630 289 visus
1650 253 1719 290 est

286 308 399 364 affici
420 311 515 350 meo
528 309 715 350 adventu
734 325 743 350 ε
767 308 820 350 de
841 308 1065 364 triumpho
1084 308 1260 358 hortari,
1282 310 1322 341 79
1340 306 1554 362 suscipere
1577 315 1717 361 partes

288 380 408 418 suas3
440 380 628 417 monere,
660 368 713 406 ne
743 376 841 406 ante
874 366 915 406 in
949 377 1142 406 senatum
1174 364 1436 414 accederem,
1467 377 1596 418 quam
1627 376 1715 402 rem

266 421 593 474 -confecissem3
626 437 679 462 ne
709 422 902 463 dicendis
925 423 1148 463 sententiis
1171 423 1356 477 aliquem
1376 421 1597 461 tribunum
1616 418 1718 460 alie-

282 495 443 523 narem.
475 478 577 536 quid
621 479 799 534 quaeris?
831 479 874 520 in
908 479 990 520 hoc
1022 479 1166 520 officio
1199 478 1406 520 sermonis
1438 477 1545 517 nihil
1575 476 1720 533 potuit

282 550 375 578 esse
398 536 621 596 prolixius.
654 537 706 576 de
737 535 957 591 republica
987 547 1132 577 autem
1163 537 1225 577 ita
1245 550 1414 577 mecum
1440 535 1609 576 locutus
1640 539 1722 584 est,

283 594 405 650 quasi
437 609 529 644 non·
555 592 732 634 dubium
763 592 918 643 bellum
952 593 1218 634 haberemus.
1247 593 1351 634 nihil
1385 592 1437 633 ad
1470 605 1590 647 spem
1614 605 1720 631 con-

283 649 440 693 cordiae
459 669 468 693 t
500 649 626 707 plane
649 649 766 690 illum
791 647 845 690 a'b
869 665 912 691 se
934 649 1181 701 alienatum,
1204 665 1302 692 curn
1325 659 1424 691 ante
1447 648 1720 705 intelligeret,

282 719 377 749 tum
411 723 511 749 vero
549 708 747 761 prexime
767 705 1013 762 judicasse:
1057 707 1220 748 venisse
1252 707 1448 748 Hirtium
1481 722 1505 747 a
1534 705 1723 755 Caesare,

283 766 357 821 qui
381 775 492 807 esset
514 764 573 806 illi
598 764 971 816 familiarissimus,
989 765 1042 805 ad
1074 780 1117 805 se
1150 780 1234 805 non
1258 764 1510 806 accessisse:
1543 774 1601 814 et,
1623 776 1724 803 cum

282 824 355 864 ille
374 839 414 865 a.
437 823 479 864 (l.
501 835 595 863 vlu
621 814 723 863 Idus
749 821 953 863 Decemb.
973 822 1136 876 vesperi
1157 822 1356 872 venisset,
1373 820 1534 861 Balbus
1556 821 1609 861 de
1634 827 1727 860 tota

283 896 328 922 re
350 881 646 922 constituisset
676 893 714 920 a.
737 878 778 920 cl.
806 893 876 920 vll
912 880 965 920 ad
988 879 1239 935 Scipionem
1269 887 1368 919 ante
1390 878 1529 918 lucem
1553 877 1724 928 venire;

282 937 419 979 multa
443 939 496 979 de
532 937 659 978 noete
690 951 788 977 eum
823 936 1065 993 profectum
1098 951 1188 977 esse
1216 936 1268 976 ad
1301 935 1532 976 Caesarem.
1554 934 1640 976 hoc
1661 933 1723 975 illi

283 990 324 1026 20
338 993 548 1046 τεκμηςιῶὃες
573 993 800 1034 videbatur
824 1008 914 1034 esse
945 993 1232 1035 alienationis.
1295 993 1398 1048 quid
1422 991 1581 1033 multa?
1617 990 1726 1032 nihil

288 1066 356 1092 me
378 1049 493 1090 aliud
525 1051 785 1101 consolatur,
807 1051 887 1091 nisi
922 1051 1038 1107 quod
1064 1051 1198 1101 illum,
1220 1051 1289 1091 cui
1312 1050 1441 1090 etiam
1474 1048 1640 1091 inimici
1663 1048 1723 1088 al-

280 1105 421 1151 terum
442 1108 730 1160 consulatum,
749 1108 923 1149 fortuna
942 1123 1153 1149 summam
1171 1108 1410 1164 potentiam
1425 1106 1615 1157 dederat,
1636 1119 1725 1147 non

283 1167 469 1207 arbitror
494 1163 585 1221 fore
610 1178 697 1207 tam
726 1176 957 1217 amentem,
982 1178 1029 1207 ut
1050 1166 1147 1207 haec
1181 1167 1223 1205 in
1257 1165 1488 1206 discrimen
1521 1163 1723 1204 adducat.

282 1222 437 1279 quodsi
471 1224 590 1264 ruere
621 1224 838 1279 coeperit3
871 1238 937 1264 naz
970 1239 1052 1279 ego
1084 1223 1220 1264 multa
1251 1223 1399 1272 timeo,
1419 1235 1515 1276 quae
1539 1235 1625 1261 non
1649 1235 1726 1261 au-

283 1284 364 1323 deo
388 1279 588 1322 scribere.
613 1281 700 1333 sed,
731 1280 777 1322 ut
808 1296 922 1322 nunc
945 1293 1024 1332 est,
1046 1297 1084 1321 a.
1108 1281 1150 1322 d.
1176 1295 1236 1322 111
1259 1279 1408 1322 Nonas
1439 1278 1540 1321 Jan.
1572 1278 1625 1319 ad
1656 1292 1727 1319 ur-

283 1340 381 1381 bem
404 1337 568 1393 cogito.

720 1393 955 1437 CICERO
986 1394 1216 1437 ATTICO
1250 1395 1294 1435 S.

282 1452 547 1505 MULTAS
581 1478 665 1504 uno
698 1472 892 1520 tempore
917 1464 1065 1520 accepi
1097 1464 1299 1520 epistolas
1328 1473 1446 1506 tuas:
1478 1479 1576 1520 quae
1599 1462 1723 1515 mihi,

278 1536 539 1577 quamquam
560 1521 799 1562 recentiora
822 1522 1049 1562 audiebam
1067 1536 1121 1562 ex
1142 1522 1209 1572 iis,
1225 1521 1298 1576 qui
1321 1522 1373 1562 ad
1391 1536 1459 1562 me
1480 1522 1726 1572 veniebant,

280 1589 423 1620 tamen
447 1588 567 1619 erant
591 1579 816 1634 jucundae.
850 1579 1038 1620 studium
1072 1579 1187 1619 enim
1219 1589 1262 1619 et
1294 1578 1627 1620 benivolentiam
1652 1579 1726 1619 de-

279 1636 521 1677 clarabant.
564 1639 598 1666 8¹
619 1635 912 1677 Invalitudine
943 1647 1017 1677 tua
1047 1650 1248 1677 moveor:
1281 1646 1338 1686 et,
1364 1636 1518 1676 Piliam
1543 1636 1586 1676 in
1609 1636 1723 1676 idem

278 1706 414 1749 genus
439 1693 577 1733 morbi
598 1692 831 1749 delapsam,
854 1708 1000 1735 curam
1034 1694 1114 1734 tibi
1145 1692 1295 1733 afferre
1327 1693 1535 1748 majorem
1568 1692 1723 1734 sentio.

280 1751 380 1791 (late
405 1750 536 1806 igitur
557 1765 748 1806 operam,
773 1761 820 1792 ut
843 1751 1033 1792 valeatis.
1078 1750 1147 1791 De
1169 1749 1342 1801 Tirone,
1359 1751 1482 1791 video
1503 1751 1583 1792 tibi
1607 1764 1723 1792 curae

279 1820 397 1858 esse;
429 1822 554 1862 quem
584 1808 756 1863 quidem
781 1823 880 1864 ego,
903 1809 982 1849 etsi
1016 1807 1231 1849 mirabiles
1254 1807 1462 1848 utilitates
1486 1808 1591 1849 mihi
1615 1822 1727 1863 prae-

281 1866 370 1916 bet,
391 1879 490 1905 cum
516 1865 643 1916 valet,
667 1866 709 1906 in
741 1866 860 1907 omni
883 1881 1040 1922 genere
1061 1865 1127 1906 vel
1156 1866 1448 1920 negotiorum,
1471 1866 1537 1906 vel
1559 1865 1724 1906 studio-

280 1937 374 1963 rum
410 1937 618 1973 meorum,
655 1932 797 1964 tamen
832 1933 1008 1980 propter
1042 1923 1358 1964 humanitatem
1394 1933 1437 1963 et
1468 1923 1724 1964 modestiam

279 1980 393 2021 malo
416 1979 595 2030 salvum,
617 1995 745 2035 quam
780 1991 954 2036 propter
984 1995 1106 2022 usum
1130 1994 1289 2021 meum.
1351 1979 1613 2036 Philogenes
1634 1994 1724 2020 me-

279 2053 377 2078 cum
410 2037 517 2078 nihil
541 2052 743 2092 umquam
775 2039 828 2079 de
861 2038 1074 2079 Luscieno
1094 2037 1263 2078 locutus
1287 2046 1375 2078 est:
1409 2037 1461 2078 de
1483 2037 1635 2079 ceteris
1658 2051 1723 2078 re-

280 2096 358 2135 bus
382 2094 514 2135 habes
542 2094 816 2150 Dionysium,
879 2096 1076 2138 Sororem
1113 2103 1230 2136 tuam
1263 2109 1348 2135 non
1372 2095 1537 2137 venisse
1568 2096 1611 2136 in
1642 2094 1725 2134 Ar-

278 2167 450 2202 canum,
482 2152 628 2193 miror.
700 2151 769 2193 De
800 2152 1063 2210 Chrysippo,
1105 2166 1250 2193 meum
1289 2152 1517 2194 consilium
1548 2151 1724 2210 probari

279 2208 376 2260 tibi,
398 2223 484 2250 non
518 2210 696 2250 moleste
719 2208 824 2251 fero.
877 2213 971 2267 Ego
996 2213 1040 2253 in
1061 2208 1354 2251 Tusculanum
1386 2210 1494 2251 nihil
1516 2226 1616 2252 sane
1639 2208 1723 2250 hoc

281 2279 489 2322 tempore.
513 2266 687 2307 devium
719 2277 783 2307 est
804 2273 869 2311 τοῖς
887 2270 1088 2311 ἀπαντῶσιν,
1113 2276 1156 2307 et
1186 2267 1318 2307 habet
1340 2266 1423 2308 alia
1440 2267 1624 2319 ὃύσχςηςοι.
1649 2265 1723 2308 sed

280 2324 332 2365 de
347 2324 578 2364 Formiano
601 2323 877 2365 Tarracinam
898 2322 1036 2378 pridie
1057 2323 1154 2364 Kal.
1176 2324 1277 2366 Jan.
1298 2324 1397 2364 inde
1419 2327 1459 2354 82
1474 2321 1723 2364 Pomtinam

280 2396 515 2423 summam:
541 2381 639 2422 inde
651 2380 870 2422 Albanum
887 2381 1083 2435 Pompeii
1103 2398 1112 2422 :
1139 2381 1199 2422 ita
1222 2381 1274 2422 ad
1297 2382 1447 2422 urbem
1472 2393 1532 2421 111
1558 2378 1724 2431 NonaS‚

278 2439 411 2480 natali
433 2453 545 2480 meo.
609 2438 678 2480 De
709 2438 931 2496 republica
951 2438 1149 2493 quotidie
1169 2439 1307 2495 magis
1331 2438 1478 2480 timeo.
1501 2450 1587 2477 non
1610 2437 1726 2479 enim

319 2565 361 2597 79
382 2563 543 2601 suscipere
554 2567 667 2602 partes
681 2563 772 2603 suas]
791 2563 917 2594 Rarum
930 2562 978 2593 di-

275 2604 373 2635 cendi
397 2614 511 2644 genuS.
529 2615 555 2636 ε.
576 2615 613 2644 p.
639 2615 728 2636 meas
743 2608 904 2637 usitatum
920 2610 979 2641 est,

278 2653 312 2677 et
330 2646 362 2676 id
388 2656 517 2685 quoque
535 2647 567 2677 h.
595 2647 617 2678 1.
646 2648 752 2678 dicere
769 2652 918 2688 poterat:
946 2656 980 2678 se

278 2700 337 2730 pro
365 2699 398 2719 re
418 2698 492 2719 mea
512 2689 689 2726 facturum,
720 2700 793 2729 quae
820 2691 886 2731 ipse
913 2700 980 2720 non

278 2741 418 2772 possem.
457 2731 520 2761 Sed
545 2731 629 2762 dixit
653 2742 750 2762 suas:
774 2743 870 2771 quam
901 2732 980 2763 alias

272 2779 408 2814 partem
432 2774 560 2804 virilem
586 2774 702 2805 dieunt
725 2774 849 2805 Latini.
879 2775 982 2813 igitur

279 2816 371 2852 dicit,
401 2825 435 2845 se
463 2826 521 2856 pro
550 2816 638 2846 virili
662 2817 890 2847 laboraturum
920 2826 979 2856 pro

272 2858 448 2897 zrinmpho
464 2868 549 2888 me0.

321 2904 362 2932 ΞΟ
384 2899 839 2943 amayae—alienationis]
861 2900 982 2932 Forma

1023 2563 1094 2593 haec
1121 2563 1280 2594 inusitata
1305 2567 1356 2593 est
1372 2562 1507 2592 Graecis.
1533 2560 1621 2593 unde
1640 2560 1723 2594 mihi

1024 2606 1232 2636 alienationis
1259 2604 1428 2637 interdum
1454 2604 1494 2635 de
1532 2603 1640 2644 glossa
1666 2614 1723 2636 su-

1022 2651 1170 2688 spectum
1189 2648 1263 2678 fuit.

1066 2693 1100 2722 81
1130 2690 1356 2720 Invalitudine
1384 2689 1458 2728 tua]
1492 2687 1532 2719 ln
1560 2688 1610 2720 ed.
1640 2686 1724 2720 Gro-

1024 2732 1165 2762 nox-iana
1190 2731 1276 2762 male
1303 2731 1346 2762 In
1367 2732 1562 2769 valitudine,
1578 2729 1616 2762 ut
1631 2738 1664 2763 et
1688 2731 1725 2765 in

1024 2773 1217 2814 quibusdam
1234 2778 1314 2805 vett.
1331 2779 1396 2813 est,
1410 2777 1449 2805 ut
1462 2773 1554 2804 Jens.
1570 2776 1646 2806 Asc.
1665 2775 1694 2804 1.

1067 2817 1108 2847 82
1131 2816 1327 2849 Pomtinam
1340 2816 1520 2856 summam]
1541 2816 1725 2856 Regionem

1024 2859 1065 2890 ad
1098 2868 1263 2891 summam
1293 2858 1458 2891 Pomtinae
1487 2858 1616 2899 paludis
1650 2866 1724 2901 pat*-

1023 2906 1107 2933 tem⁴
