1940 3231
715 113 924 152 LIBER
961 111 1008 150 V.
1500 116 1574 152 563

144 216 272 260 derit.
301 226 304 227 ’
323 217 555 274 Pompeius
578 217 681 259 mihi
704 230 875 272 quoque
898 215 1136 265 videbatur,
1158 213 1274 269 quod
1295 216 1444 257 scribis
1467 217 1575 259 Var-

144 289 290 317 ronem
314 276 468 327 dicere,
489 276 585 316 69in
618 273 876 328 Hispaniam
901 281 1016 313 certe
1047 271 1197 311 iturus.
1229 271 1270 311 id
1294 285 1375 326 ego
1400 274 1574 315 minime

145 333 406 387 probabam3
451 333 523 387 qui
557 330 729 385 quidem
761 328 1016 385 Theophani
1059 326 1184 367 facile
1225 328 1428 383 persuasi,
1466 330 1574 371 nihil

140 402 233 429 esse
253 389 418 440 melius,
439 402 564 442 quam
602 401 809 441 nusquam
842 386 961 427 illum
994 384 1224 425 discedere.
1257 398 1361 439 ergo
1392 384 1572 426 Graecus

143 445 379 487 incumbet.
414 444 524 484 valet
560 454 702 484 autem
736 443 969 484 auctoritas
1003 442 1096 497 ejus
1139 440 1251 497 apud
1288 441 1406 481 illum
1443 441 1573 496 pluri-

141 515 276 543 mum.
335 501 430 556 Ego
453 500 528 540 has
552 500 686 555 pridie
721 500 869 541 Nonas
898 499 1051 546 Quint.
1082 499 1357 554 proficiscens
1389 497 1573 539 Athenis

141 559 265 612 dedi3
296 572 391 598 cum
417 557 477 597 ibi
498 557 645 599 decem
679 557 793 612 ipsos
821 556 997 598 fuissem
1019 557 1123 597 dies.
1184 555 1372 596 Venerat
1406 554 1572 596 Pomti-

138 630 244 658 nus:
275 628 360 655 una
399 613 481 654 Cn.
514 614 742 656 Volusius:
774 614 920 655 aderat
953 622 1165 668 quaestor:
1199 622 1297 653 tuus
1332 627 1438 653 unus
1468 611 1572 653 Tul-

137 671 219 713 lius
250 671 411 712 aberat.
442 675 606 727 ἅφςακτω
639 671 925 722 Rhodiorum,
950 681 993 710 et
1020 670 1185 710 dicrota
1215 669 1572 725 Mytilenaeorum

137 728 348 769 habebam
367 745 376 769 :
408 730 449 761 70
463 739 506 768 et
527 728 687 783 aliquid
710 733 814 769 ἐπικὸν
833 731 890 770 δεῖ.
941 727 1009 768 De
1034 726 1204 767 Parthis
1226 737 1316 767 erat
1338 726 1569 768 silentium.

136 784 252 840 quod
283 793 489 840 superest,
516 786 575 826 dii
602 785 772 840 juvent.
834 785 926 825 Nos
960 783 1099 825 adhuc
1138 784 1219 824 iter
1246 798 1319 839 per
1353 783 1571 825 Graeciam

134 856 304 882 summa
338 856 436 882 cum
475 842 757 883 admiratione
798 841 992 882 fecimus.
1027 855 1104 881 nec
1138 840 1379 882 mehercule
1416 841 1571 891 habeo,

136 899 251 953 quod
285 898 425 940 adhuc
456 913 580 953 quem
614 913 807 941 accusem
844 913 1049 939 meorum.
1080 898 1279 939 videntur
1307 897 1412 938 mihi
1445 912 1570 938 nosse
1596 944 1606 957 ·

133 970 228 1006 nOS,
271 965 459 996 nostram
498 971 684 1007 causam,
727 966 768 996 et
809 956 1102 997 conditionem
1142 955 1422 1011 profectionis
1465 970 1568 996 suae.

133 1012 260 1069 plane
282 1013 471 1054 serviunt
492 1013 804 1054 existimationi
829 1027 949 1053 meae.
984 1012 1112 1058 Quod
1136 1021 1341 1067 superest,
1364 1012 1398 1052 si
1423 1026 1571 1053 verum

134 1069 237 1116 illud
272 1080 360 1110 est:
402 1074 453 1111 οῖσι
471 1073 719 1119 γ’ἦδΞο--ποινκ,
751 1080 865 1110 certe
899 1069 1223 1125 permanebunt.
1256 1068 1365 1109 nihil
1395 1069 1510 1109 enim
1544 1084 1570 1109 a

133 1141 203 1168 me
225 1127 315 1168 fieri
340 1127 399 1167 ita
423 1127 644 1178 videbunt,
674 1135 722 1167 ut
753 1127 833 1167 sibi
868 1127 922 1166 sit
953 1126 1226 1180 delinquendi
1258 1125 1394 1166 locus.
1428 1127 1492 1166 sin
1525 1126 1565 1166 id

133 1199 286 1240 parum
318 1183 541 1240 profuerit,
567 1183 640 1224 fiet
666 1183 826 1238 aliquid
857 1183 1026 1224 anobis
1060 1183 1261 1223 severius.
1294 1196 1392 1222 narn
1427 1182 1568 1223 adhuc

131 1241 308 1283 lenitate
329 1240 472 1282 dulces
495 1255 665 1292 sumus3
697 1251 754 1291 et,
778 1251 824 1282 ut
848 1254 987 1296 spero,
1013 1240 1260 1296 proficimus
1283 1239 1565 1294 aliquantum.

132 1299 205 1339 sed
236 1313 317 1354 ego
341 1298 467 1348 hanc,
489 1300 591 1338 7lut
622 1298 778 1354 singuli
810 1298 975 1347 dicunt,
1005 1301 1129 1348 ἀνεξιόιν
1162 1298 1206 1338 in
1240 1311 1371 1337 unum
1407 1311 1567 1337 annum

130 1356 362 1397 meditatus
384 1369 492 1396 sum.
526 1355 704 1411 proinde
726 1369 885 1411 pugna,
908 1369 976 1406 ne,
1003 1354 1036 1394 si
1060 1354 1163 1409 quid
1185 1362 1462 1410 prorogatum
1497 1353 1568 1404 sit,

132 1413 269 1468 turpis
300 1412 507 1453 inveniar.
570 1412 697 1452 Nunc
733 1413 857 1454 redeo
888 1412 939 1453 ad
968 1426 1064 1466 quae
1097 1410 1201 1451 mihi
1234 1411 1435 1452 mandas:
1467 1412 1508 1444 72
1524 1411 1566 1451 ni

132 1469 349 1526 praefectis
371 1468 640 1510 excusationi
671 1469 741 1519 sis,
772 1484 878 1524 quos
902 1469 1031 1518 voles,
1061 1467 1243 1509 deferto.
1273 1483 1359 1508 non
1383 1482 1455 1508 ero
1479 1476 1567 1508 tam

127 1532 293 1583 μετὲωςος,
316 1529 356 1560 73
369 1541 496 1580 quam
521 1525 564 1565 in
586 1525 770 1581 Apuleio
794 1526 871 1567 fui.
904 1526 1136 1567 Xenonem
1158 1534 1246 1566 tam
1269 1525 1419 1580 diligo,
1436 1538 1562 1580 quam

129 1593 199 1626 tu:
233 1583 347 1639 quod
379 1583 519 1639 ipsum
551 1583 706 1623 sentIre
728 1593 846 1624 certo
877 1584 981 1624 scio.
1041 1580 1170 1637 Apud
1202 1581 1435 1622 Patronem
1467 1584 1606 1624 74etp·
1622 1587 1675 1620 74.

130 1640 316 1696 reliquos
357 1640 536 1681 barones
576 1650 618 1681 te
656 1640 697 1680 in
737 1640 927 1681 maxima
961 1640 1102 1696 gratia
1135 1639 1284 1695 posui:
1317 1648 1360 1679 et
1392 1637 1604 1679 herculea·

131 1699 285 1738 merito
309 1706 382 1738 tuo
405 1697 503 1738 feci.
527 1712 625 1738 nam
647 1696 752 1738 mihi
785 1698 834 1748 is,
857 1707 935 1749 ter,
957 1697 1085 1748 dixit,
1107 1705 1149 1736 te
1181 1696 1400 1752 scripsisse
1430 1696 1482 1736 ad
1506 1711 1564 1747 se,

130 1755 238 1795 mihi
261 1770 314 1796 ex
338 1754 449 1795 illius
471 1754 623 1795 litteris
647 1769 732 1795 rem
756 1754 870 1795 illam
890 1769 1004 1795 curae
1028 1752 1172 1806 fuisse,
1191 1753 1306 1808 quod
1328 1754 1368 1794 ei
1392 1768 1566 1809 pergra-

128 1820 221 1853 tum
243 1822 347 1853 erat.
370 1812 440 1853 sed
465 1826 561 1852 cum
587 1811 748 1852 Patron
771 1826 940 1853 mecum
962 1810 1135 1866 egisset,
1158 1820 1204 1851 ut
1236 1819 1422 1866 peterem
1449 1826 1473 1850 a
1495 1824 1565 1851 ve-

130 1877 218 1911 stro
255 1868 493 1925 AriopagO,
532 1876 822 1922 ὑπομνημοιτισ-μὶν

169 1983 211 2018 69
231 1984 268 2014 in
289 1982 491 2023 Hispaniam
513 1982 611 2022 certe]
643 1983 676 2013 Si
699 1992 766 2012 non
787 1983 822 2013 in

128 2024 229 2056 aliam
258 2026 477 2066 provinciam,
500 2031 614 2056 tamen
640 2025 674 2056 in
705 2024 824 2066 Hispa·

127 2076 230 2098 mam.

170 2113 211 2143 70
225 2113 257 2140 et
271 2110 400 2149 aliquid
413 2109 507 2140 ἔπικόν
518 2107 577 2148 δεῖ]
603 2109 654 2139 Sic
671 2109 744 2140 libri
766 2119 823 2140 an-

126 2150 225 2191 tiqui,
239 2152 302 2182 nisi
323 2152 410 2191 quod
429 2159 479 2183 est
498 2151 596 2183 ἐπικίν
617 2165 670 2188 σοι,
692 2161 760 2182 uno
773 2156 824 2182 te—

124 2203 216 2225 nore.
240 2203 371 2225 sensum
391 2195 471 2226 facit
491 2194 684 2225 Tunstallus
698 2204 731 2234 p.
751 2196 821 2224 133.

124 2235 235 2267 hunc:
259 2240 392 2277 oportet
414 2237 536 2276 aliquid
552 2246 662 2276 gerere
678 2246 731 2266 me
746 2236 820 2266 illu-

125 2283 205 2316 stre,
219 2279 355 2319 dignum
371 2280 516 2310 carmine
538 2279 641 2320 epico.
657 2288 728 2318 quae
750 2287 823 2308 sen-

123 2321 233 2352 tentia
254 2331 312 2362 per
333 2330 366 2351 se
391 2322 476 2352 bona
489 2327 552 2359 est,
575 2321 630 2351 sed
651 2320 727 2350 huic
749 2319 822 2351 loco

125 2372 194 2394 non
218 2363 315 2394 nimis
338 2367 416 2403 apta
441 2364 579 2395 videtur.
624 2363 686 2393 Sed
708 2367 823 2393 tamen

125 2405 243 2437 melior
267 2406 318 2443 iis,
344 2415 418 2444 quae
437 2417 455 2437 e
483 2405 738 2437 correctionibus
764 2405 822 2435 Vi-

123 2447 221 2478 ctorii
249 2447 406 2485 ’su-inavara,
435 2453 470 2479 et
497 2449 586 2479 Bosii
621 2448 737 2488 ἐπ-εἶχον
766 2447 823 2485 a'ei,

122 2489 232 2529 fiunt;
253 2496 372 2522 neutra
386 2490 506 2530 placet.

163 2535 199 2565 71
219 2537 258 2563 ut
277 2533 403 2572 singuli
423 2532 552 2572 dicunt]
579 2532 708 2573 Nempe
731 2542 821 2563 meo-

122 2583 196 2604 rum
213 2575 385 2606 comitum.
408 2575 486 2612 sive,
509 2581 547 2605 ut
569 2584 682 2605 omnes
704 2575 739 2605 in
761 2574 822 2605 tali

124 2625 223 2647 causa
233 2621 268 2647 et
283 2627 316 2647 re
331 2617 436 2648 dicere
450 2617 570 2648 solent.

158 2661 206 2691 >72
233 2660 268 2689 ni
287 2658 631 2700 praestetis—differto]
665 2658 747 2689 Haec
771 2661 822 2688 est

123 2697 224 2730 lectio
240 2701 341 2738 Bosii,
363 2702 419 2732 sed
441 2712 459 2732 e
482 2702 546 2732 Ms.
570 2711 701 2731 sensum
721 2700 819 2730 facit:

121 2740 149 2770 si
171 2750 238 2772 non
261 2743 419 2783 postulas,
434 2749 474 2774 ut
495 2744 655 2784 praefecti,
678 2752 759 2783 quos
779 2746 818 2773 tu

119 2783 169 2813 vis
185 2792 204 2812 a
218 2793 270 2814 me
285 2785 367 2823 fieri,
383 2791 500 2817 vacent
521 2786 711 2816 muneribus
733 2784 820 2814 mili-

120 2825 260 2863 taribus,
288 2831 323 2857 et
349 2833 483 2859 tantum
511 2838 633 2858 nomen
660 2827 818 2863 habeant,

120 2876 201 2907 quos
225 2868 313 2900 voles
342 2869 470 2902 faciam.
497 2871 552 2910 qui
574 2879 686 2905 sensus
714 2871 820 2900 bonus

865 1869 1076 1919 tollerent,
1112 1881 1238 1923 quem
1276 1867 1564 1923 Polycharmo

865 1986 934 2013 est:
959 1992 1035 2014 nam
1052 1983 1197 2024 praefecti
1221 1980 1367 2012 illitales
1383 1980 1563 2011 abuteban-

866 2030 922 2055 tur
936 2025 999 2056 hoc
1021 2026 1155 2056 nomine
1176 2025 1218 2056 ad
1233 2025 1367 2063 injurias
1387 2023 1564 2059 faciendae,

865 2069 1048 2108 praesertim
1084 2069 1118 2099 in
1146 2067 1292 2108 pecuniis
1320 2065 1497 2105 exigendis,
1527 2071 1565 2095 ut

866 2111 1101 2150 negotiatores,
1124 2108 1164 2140 de
1185 2119 1249 2148 quo
1264 2108 1444 2138 videbimus
1466 2107 1563 2138 infra.

867 2153 931 2183 Sed
944 2152 1093 2183 latinitas
1114 2151 1225 2182 durior
1239 2155 1301 2187 est,
1316 2151 1351 2180 ni
1365 2151 1565 2180 excusationi

863 2195 918 2225 sis.
945 2194 1079 2226 malim:
1103 2195 1138 2224 in
1157 2191 1322 2234 prcefectIS
1343 2193 1507 2222 accusatio
1529 2193 1564 2222 ni

864 2238 918 2273 sit,
942 2236 994 2266 vel
1014 2237 1050 2266 ni
1071 2237 1234 2267 causatio
1251 2236 1306 2266 sit.
1333 2235 1469 2273 antiqua
1489 2233 1563 2266 edd.

865 2279 964 2309 lectio
991 2282 1054 2316 est,
1075 2279 1111 2308 in
1135 2275 1298 2318 praeseceis
1321 2277 1484 2306 excusatio
1510 2277 1562 2312 iic,

865 2330 941 2361 quos
953 2323 1049 2357 voles,
1064 2319 1198 2360 deferta,
1214 2329 1312 2359 quam
1326 2318 1486 2355 Graevius,
1501 2319 1564 2348 etsi

864 2363 1028 2400 vitiosam,
1041 2363 1192 2394 servavit.

906 2407 946 2438 73
968 2415 1068 2445 quam
1091 2406 1124 2434 in
1141 2403 1277 2443 Apuleio
1287 2400 1364 2441 fai]
1387 2401 1494 2441 Quem
1518 2412 1562 2434 sc.

866 2448 946 2478 mihi
961 2446 1212 2484 commendasti,
1229 2449 1267 2475 ut
1289 2444 1516 2484 praefecturam
1532 2445 1563 2476 ei

863 2490 987 2521 darem.
1029 2488 1208 2529 Appuleius
1231 2486 1420 2526 negotiator
1436 2486 1562 2518 videtur

864 2541 946 2569 esse,
971 2531 1027 2570 qui
1049 2536 1083 2562 et
1108 2529 1295 2571 praediator,
1321 2529 1412 2568 cnjus
1436 2530 1561 2559 mentio

865 2574 946 2610 XII,
961 2576 1012 2604 13.
1030 2576 1081 2607 17.

904 2618 946 2649 74
970 2619 1001 2645 et
1025 2616 1164 2654 ‘reliquos
1186 2611 1333 2652 barones]
1362 2612 1416 2642 Sic
1440 2612 1560 2653 Epicu-

863 2668 936 2690 reos
956 2657 1047 2689 dicit.
1070 2664 1120 2687 est
1144 2662 1256 2686 autem
1278 2655 1349 2685 haec
1371 2654 1469 2684 lectio
1488 2653 1559 2683 edd.

863 2711 914 2740 pr.
927 2710 985 2741 pro
999 2709 1063 2738 quo
1079 2698 1151 2729 libri
1167 2697 1299 2737 quidam
1314 2706 1459 2732 varones,
1476 2695 1561 2734 quod

861 2742 978 2774 Rosius
992 2748 1027 2773 et
1041 2741 1108 2777 alii,
1132 2741 1234 2772 etiam
1249 2738 1455 2774 Tunstallu÷‚
1480 2746 1559 2776 prae—

862 2785 991 2816 ferunt:
1016 2784 1071 2815 sed
1085 2788 1134 2815 est
1157 2781 1254 2813 modo
1277 2781 1400 2812 diversa
1424 2779 1562 2819 scriptu·

862 2836 908 2859 ra.
925 2838 955 2859 v.
971 2828 1047 2868 baro
1062 2827 1095 2857 in
1112 2824 1203 2857 Clav.

760 2916 887 2964 φορ
