1940 3231
351 148 434 184 ‚900
730 149 909 189 EPIST.
938 152 1018 189 AD
1043 153 1090 192 Q.
1118 151 1422 198 FRATREM,

356 248 443 312 suis
465 249 646 303 civibus,
668 262 710 294 et
734 269 786 296 cx
810 256 954 297 multis
976 257 1067 298 aliis
1090 257 1282 312 quotidie
1311 257 1448 313 magis
1470 268 1687 312 cognosco
1708 269 1786 297 no-

355 305 551 372 biliorem
574 324 664 350 esse
689 326 835 368 prope,
854 328 982 367 quain
1006 315 1226 356 civitatem
1249 329 1384 355 suain.
1442 314 1505 354 At
1525 314 1638 354 enim
1658 312 1785 353 Grae-

308 357 339 389 b.
355 377 415 403 cis
438 366 536 405 solis
560 367 776 423 indulgeo.
826 370 970 415 Quid?
994 371 1041 411 L.
1066 371 1292 413 Caecilium
1314 385 1457 412 nonne
1479 370 1596 411 omni
1618 369 1784 410 ratione

352 420 517 484 placavi
538 426 550 464 ,Ρ
586 439 711 478 quem
738 426 983 468 hominem?
1015 442 1097 482 qua
1120 429 1208 470 ira?
1239 444 1324 483 quo
1347 429 1498 484 spiritu
1520 431 1532 470 ?
1563 440 1690 482 quem
1708 425 1784 466 de-

350 491 495 533 mque:
527 492 681 534 praeter
702 481 977 534 Tuscenium,
999 485 1175 538 75cujus
1199 501 1325 526 causa
1348 485 1484 526 sanari
1517 499 1601 525 non
1625 490 1784 538 potest,

349 548 438 575 non
462 537 657 592 mitigavi
676 541 689 579 ἓ
722 538 834 580 Ecce
857 540 897 572 76
913 555 1040 596 supra
1061 554 1192 596 caput
1221 542 1351 583 homo
1374 542 1477 583 levis
1499 557 1548 582 ac
1570 539 1782 589 sordidus,

351 591 424 654 sed
450 603 592 656 tamen
615 596 800 649 equestri
823 611 968 648 censu,
993 597 1198 639 Catienus
1218 616 1227 640 :
1270 600 1400 639 etiam
1422 600 1456 639 is
1479 599 1674 639 lenietur.
1706 606 1782 636 cu-

344 663 417 712 jus
442 658 485 689 tu
506 665 547 713 in
570 662 731 705 patrem
752 654 866 707 quod
886 653 1002 694 fuisti
1025 656 1227 710 asperior,
1251 671 1333 696 non
1353 656 1637 711 reprehendo:
1661 660 1781 694 certo

349 720 595 770 enirn-seio,
615 719 656 749 te
676 709 827 750 fecisse
840 726 935 751 cum
958 726 1099 752 causa.
1123 713 1194 753 sed
1210 713 1311 767 quid
1332 728 1439 768 opus
1462 713 1545 753 fuit
1566 708 1780 767 ejusmodi

348 762 637 826 litteriS,qiias
657 767 708 806 ad
729 767 869 822 ipsum
893 768 1071 810 misisti?
1095 769 1212 809 illum
1227 784 1397 810 crucem
1421 770 1500 810 sibi
1522 770 1661 825 ipsum
1680 781 1785 808 con-

350 830 542 872 stituere,
556 836 609 862 ex
625 839 709 878 qua
726 833 771 864 tu
787 839 882 865 eum
902 835 1001 866 ante
1018 826 1301 868 detraxisses:
1320 837 1361 867 te
1383 836 1645 875 curaturum,
1660 829 1698 859 77
1714 823 1783 864 fu·

350 891 422 917 mo
449 889 494 917 ut
515 881 853 932 combureretur,
878 882 1107 938 plaudente
1130 893 1222 924 tota
1245 883 1481 939 provincia.
1541 882 1660 929 Quid
1682 895 1783 922 vero

347 934 401 975 ad
426 934 478 975 C.
504 935 701 987 Fabium,
729 940 872 980 nescio
904 942 1060 995 quem?
1099 944 1216 992 (nam
1241 955 1333 981 eain
1364 955 1536 996 quoque
1557 937 1783 996 epistolam

347 990 399 1055 T:
424 992 630 1055 Catienus
652 996 993 1052 circumgestat.)
1024 998 1257 1038 renuntiari
1282 998 1378 1049 tibi,
1400 1001 1440 1032 78
1457 997 1671 1039 Licinium
1694 995 1785 1050 pla-

348 1063 532 1103 giarium
561 1067 659 1093 cum
691 1068 767 1093 suo
801 1054 915 1109 pullo
947 1054 1125 1095 milvino
1157 1056 1319 1096 tributa
1349 1055 1554 1111 exigere?
1614 1051 1785 1094 Deinde

347 1120 474 1170 rogas
509 1108 705 1160 Fabium,
739 1120 787 1151 ut
817 1121 860 1152 et
892 1120 1055 1166 patrem
1087 1121 1130 1152 et
1161 1112 1297 1153 filium
1331 1112 1450 1153 vivos
1481 1111 1721 1159 comburat,
1745 1109 1782 1149 si

346 1175 508 1227 posmt:
549 1167 611 1206 sin
644 1168 799 1218 minus,
831 1169 883 1210 ad
917 1179 957 1209 te
988 1170 1147 1220 mittat,
1170 1169 1233 1210 uti
1259 1165 1428 1224 judicio
1459 1169 1783 1210 comburantur.

349 1219 436 1261 Hae
460 1221 613 1264 litterae
636 1225 711 1264 abs
735 1235 775 1265 te
796 1226 1034 1281 perjocum
1060 1226 1201 1268 missae
1223 1227 1276 1268 ad
1300 1227 1351 1268 C.
1376 1226 1573 1277 Fabium,
1595 1225 1630 1265 si
1651 1223 1784 1265 modo

348 1287 449 1322 sunt
473 1289 572 1331 tuae,
595 1295 694 1321 cuin
724 1281 940 1336 leguntur,
964 1283 1219 1324 invidiosam
1251 1284 1523 1325 atrocitatem
1555 1283 1784 1323 verborum

344 1334 523 1378 habent.
583 1337 664 1389 Ac,
691 1339 723 1378 si
755 1340 949 1380 omnium
982 1355 1170 1381 mearum
1202 1341 1439 1382 litterarum
1472 1348 1689 1397 praecepta
1720 1352 1787 1378 re-

346 1401 493 1456 petes3
526 1395 754 1451 intelliges,
776 1396 884 1437 nihil
908 1412 998 1438 esse
1020 1413 1045 1438 a
1066 1413 1148 1448 ine,
1173 1398 1253 1439 nisi
1276 1398 1482 1439 orationis
1503 1397 1784 1438 acerbitatem

348 1459 392 1489 et
414 1452 694 1513 iracundiam,
715 1464 772 1503 et,
796 1455 830 1494 si
863 1454 987 1504 forte,
1010 1470 1103 1496 raro
1125 1455 1363 1496 litterarum
1395 1456 1619 1496 missarum
1642 1452 1786 1494 indili-

348 1518 540 1562 gentiam
565 1511 879 1565 reprehensam.
943 1512 1113 1558 Quibus
1136 1512 1308 1568 quidem
1334 1514 1376 1553 iri
1399 1513 1525 1554 rebus
1549 1512 1583 1552 si
1605 1511 1717 1566 apud
1742 1519 1786 1551 te

345 1563 442 1627 plus
475 1568 709 1607 auctoritas
744 1583 851 1619 mea,
873 1584 1002 1623 quam
1036 1578 1111 1611 tua
1142 1571 1231 1610 sive
1268 1581 1420 1610 natura
1457 1569 1599 1625 paullo
1633 1569 1787 1617 acrior,

347 1635 438 1661 sive
467 1624 665 1678 quaedam
697 1625 877 1666 dulcedo
909 1626 1158 1678 iracundiae,
1183 1628 1272 1667 sive
1302 1627 1473 1667 dicendi
1504 1627 1565 1667 sal
1594 1625 1785 1666 facetiae-

347 1692 430 1732 que
453 1684 493 1714 79
510 1681 723 1731 valuisset,
745 1682 852 1723 nibil
881 1698 981 1724 sane
1011 1694 1137 1734 esset,
1160 1684 1275 1739 quod
1306 1699 1384 1725 nos
1418 1684 1664 1739 poeniteret.
1728 1682 1786 1723 Et

345 1736 554 1799 mediocri
577 1753 645 1779 me
667 1739 813 1780 dolore
836 1751 960 1795 putas
983 1741 1112 1792 affici,
1135 1744 1174 1771 30
1187 1756 1283 1782 cum
1308 1741 1494 1791 audiam,
1512 1756 1596 1796 qua
1617 1741 1674 1780 sit
1693 1740 1788 1780 exi-

347 1796 595 1835 stimatione
618 1795 839 1852 Virgilius,
856 1812 941 1852 qna
964 1807 1061 1838 tuus
1085 1799 1249 1839 vicinus
1273 1802 1308 1830 81
1328 1797 1379 1838 C.
1404 1798 1645 1839 Octavius?
1669 1797 1785 1838 Nam

346 1851 381 1890 si
406 1860 447 1914 te
478 1852 752 1895 interioribus
785 1855 938 1895 vicinis
962 1856 1060 1906 tuis,
1093 1858 1132 1885 82
1147 1855 1367 1897 Ciliciensi
1396 1865 1440 1896 et
1461 1855 1641 1910 Syriaco
1663 1864 1786 1895 ante-

346 1921 487 1971 ponis,
513 1909 633 1950 valde
666 1926 871 1967 magnum
895 1912 1015 1953 facis.
1075 1911 1220 1967 Atque
1250 1913 1284 1953 is
1307 1913 1428 1954 dolor
1448 1922 1527 1964 est,
1548 1912 1664 1967 quod
1685 1927 1786 1953 cum

349 1980 394 2016 ii,
427 1980 533 2021 quos
566 1969 800 2019 nominavi,
823 1978 865 2009 te
895 1970 1143 2011 innocentia
1173 1985 1259 2010 non
1295 1971 1481 2020 vincant,
1512 1970 1691 2010 vincunt
1723 1980 1787 2010 ta-

214 2028 449 2067 ·15·?›Ol·1nen
486 2026 670 2067 artificio
706 2027 1006 2068 benivolentiae
1041 2027 1310 2083 colligendae,
1341 2028 1414 2082 qui
1448 2041 1586 2082 neque
1619 2026 1785 2082 Cyrum

305 2091 334 2111 ὃ·
350 2081 678 2140 Xenophontis,
709 2100 845 2140 neque
876 2084 1125 2141 Agesilaum
1157 2085 1380 2126 noverint:
1419 2099 1602 2140 quorum
1634 2098 1785 2139 regum

347 2154 514 2183 summo
540 2143 582 2184 in
623 2143 802 2198 imperio
825 2157 951 2183 nemo
977 2157 1179 2197 umquam
1216 2143 1389 2183 verbum
1429 2141 1560 2182 ullum
1591 2141 1782 2197 asperius

385 2279 426 2309 75
449 2275 544 2316 cujus
569 2284 671 2304 cansa
700 2275 813 2303 sanari
842 2283 903 2302 mn
922 2272 1039 2313 polest]
1089 2275 1117 2303 1.
1136 2273 1323 2311 negotiator
1336 2273 1370 2302 in
1386 2271 1553 2312 provincia
1567 2270 1745 2301 Ciceronis.

343 2328 389 2349 se.
405 2319 480 2356 (guia
495 2319 527 2348 in
541 2328 616 2347 euin
627 2320 699 2353 jam
716 2326 762 2346 se·-
771 2326 823 2345 ere
837 2315 1041 2345 aiiiniadzer-
1128 2319 1168 2349 79
1192 2315 1358 2354 valuisset]
1394 2314 1504 2353 vulgg.
1526 2322 1640 2343 omues
1661 2313 1784 2342 valuis-

343 2367 444 2397 territ,
460 2367 498 2389 iit
513 2366 563 2389 est.
578 2361 610 2389 iii
626 2370 677 2398 ep.
697 2362 727 2388 1.
1085 2362 1167 2393 sent,
1184 2357 1310 2387 vitiose.
1335 2356 1456 2397 pendet
1475 2356 1563 2386 enim
1588 2355 1720 2385 verbum
1744 2365 1782 2386 ex

389 2404 430 2436 76
452 2412 553 2442 safra
584 2401 696 2440 capiet]
730 2401 791 2430 int.
805 2399 923 2429 adstat.
948 2400 1039 2438 Virga
1084 2401 1264 2429 auctoritas
1281 2409 1364 2435 mett,
1381 2397 1468 2438 quod
1490 2398 1646 2428 valuisset
1669 2402 1783 2436 postu-

343 2445 421 2475 AEn.
441 2448 511 2477 194.
528 2449 599 2474 tum
622 2444 847 2482 mihi—supra
869 2447 968 2481 capies
982 2444 1041 2472 mI-
1083 2441 1143 2472 lat.
1160 2452 1236 2472 mox
1248 2443 1332 2482 qnod
1345 2447 1395 2471 est
1410 2450 1469 2481 pro
1483 2449 1584 2480 quare
1597 2451 1604 2469 z
1620 2438 1699 2469 alias
1712 2448 1781 2470 esse

343 2488 426 2518 stitit
442 2487 554 2517 imber.
578 2485 679 2516 habet
694 2491 806 2515 autem
828 2484 1043 2523 significatio·
1085 2484 1216 2514 deberet
1230 2484 1336 2525 cajus.

343 2531 420 2559 ne'm
436 2529 608 2564 molestiae,
627 2529 722 2566 quam
738 2527 806 2563 ille,
821 2526 984 2566 querendo
1001 2526 1040 2557 de
1124 2529 1164 2557 80
1187 2536 1261 2556 cum
1287 2524 1439 2563 audiam]
1470 2524 1592 2560 immo,
1617 2533 1691 2554 cum
1717 2533 1782 2554 au-

337 2573 458 2606 sratre,
476 2570 625 2600 Ciceroni
642 2569 768 2599 attulit.
1082 2569 1154 2598 dio.-
1191 2569 1236 2599 sic
1258 2569 1293 2599 in
1315 2568 1376 2599 hac
1405 2567 1570 2597 sententia
1592 2566 1707 2597 Cicero
1729 2565 1780 2596 di-

378 2612 523 2652 TTJ'umo
536 2617 571 2641 ut
581 2609 837 2649 combureretur]
854 2609 1040 2649 Credo,fu-
1083 2611 1140 2641 cit.

344 2665 396 2685 mo
424 2665 492 2685 esse
517 2654 681 2684 vitiosum.
710 2663 769 2684 nec
793 2658 906 2683 tamen
931 2653 1039 2695 place-t
1125 2655 1162 2683 81
1201 2651 1234 2682 C.
1266 2650 1435 2690 Octavius]
1464 2651 1504 2682 'v.
1533 2660 1633 2691 supra
1656 2649 1698 2681 ad
1723 2660 1778 2690 ep.

344 2698 455 2728 Ursini
473 2695 787 2735 conjecturafurno.
1083 2695 1109 2730 Ι,
1127 2698 1155 2725 8.

384 2744 424 2774 78
451 2739 617 2770 Licinium
641 2748 715 2768 cum
738 2747 794 2767 sico
811 2737 905 2775 pullo
927 2736 1036 2776 milia]
1124 2739 1164 2768 82
1194 2737 1353 2767 Ciliciensi
1367 2739 1397 2765 et
1415 2734 1565 2774 Syriaco]
1597 2733 1780 2766 Ciliciensis

336 2783 470 2822 pullum
492 2780 642 2819 intelligo
658 2780 778 2817 filium,
793 2779 870 2818 quia
893 2789 967 2808 mox
982 2789 1039 2817 pa-
1082 2780 1136 2817 qni
1153 2780 1264 2816 fuerit,
1278 2779 1472 2817 ignoratum
1497 2777 1645 2817 Syriacus
1660 2777 1722 2806 fuit
1736 2775 1775 2805 L.

339 2832 392 2854 ter
407 2832 440 2853 et
463 2823 550 2854 filius
565 2824 755 2862 junguntur
779 2821 817 2852 de
833 2820 944 2850 iisdem
969 2821 1038 2850 sine
1082 2821 1238 2856 Marcius,
1270 2821 1354 2851 Phil.
1383 2819 1445 2856 XI,
1475 2819 1680 2851 12.—valdae
1705 2827 1776 2850 mn-

341 2867 450 2896 dubio.
496 2866 651 2896 Ceterum
669 2875 717 2895 res
741 2874 807 2894 noxi
827 2862 1036 2901 intelligitur.
1079 2862 1297 2903 gm5mfacis,
1316 2862 1419 2894 ironia
1435 2866 1497 2893 est.

343 2908 488 2939 Licinius
510 2908 638 2940 ridetur
659 2917 727 2939 esse
743 2907 842 2943 idem,
858 2906 913 2946 qui
929 2909 978 2936 est
991 2905 1037 2942 ΙΙ,
