1940 3231
742 111 960 151 LIBER
995 113 1050 153 X.
1535 126 1608 164 711

146 219 225 264 ,et,
247 214 384 269 82quo
406 213 476 257 ille
498 229 566 257 me
588 214 811 257 fortiorem
833 215 926 258 vult
955 231 1061 268 esse,
1083 231 1135 259 eo
1157 219 1297 276 magis
1320 221 1467 274 timeo,
1490 238 1543 265 ne
1566 225 1610 267 in

165 283 265 311 eum
298 272 484 314 existam
513 273 740 315 crudelior.
801 273 885 314 Sed
907 273 1126 316 Antonius
1160 278 1278 318 venit
1313 277 1402 319 heri
1430 284 1608 337 vesperi.

157 325 254 381 jam
277 328 458 371 fortasse
474 331 527 372 ad
547 344 617 371 me
636 330 794 381 veniet,
814 340 889 372 aut
909 346 963 373 ne
985 332 1029 373 id
1051 332 1252 388 quidem3
1275 337 1479 389 quoniam
1504 341 1609 380 scri--

164 385 268 440 psit,
290 387 393 442 quid
428 388 518 429 fieri
552 386 693 428 vellet.
727 388 801 429 sed
835 388 943 430 scies
976 390 1202 442 continuo,
1225 392 1329 447 quid
1359 402 1504 434 actum
1536 397 1652 443 sihi),

166 441 261 483 Nos
277 443 374 498 jam
397 444 519 495 nihil,
541 444 624 484 nisi
647 445 831 486 occulte.
864 446 934 488 De
956 448 1098 504 pueris
1117 449 1219 504 quid
1241 453 1394 505 agam?
1418 466 1607 507 parvone

161 500 341 556 navigio
363 501 634 542 committam
653 504 666 544 ?
698 503 802 558 quid
834 504 941 545 mihi
964 505 1095 546 animi
1122 507 1167 548 in
1190 508 1437 564 navigando
1460 524 1607 551 censes

164 556 286 600 sore?
316 558 517 599 recordor
549 559 680 612 enim,
715 570 866 603 aestate
900 577 1000 603 cum
1033 563 1106 604 illo
1143 564 1414 606 Rhodiorum
1443 569 1606 623 ᾱφξάκτῳ

162 615 388 671 navigans,
410 630 539 671 quam
568 616 723 658 fuerim
746 619 969 661 sollicitus.
992 621 1112 676 quid,
1140 622 1247 663 duro
1271 632 1465 680 tempore
1487 626 1605 676 anni,

160 672 399 713 actuariolo
434 673 526 714 fore
557 677 733 718 censes?
765 691 854 718 rem
888 677 1078 734 undique
1111 679 1340 723 miseram!
1374 681 1603 723 Trebatius

157 737 249 791 erat
271 743 456 780 mecum,
480 732 545 772 vir
566 733 692 789 plane
714 743 758 774 et
784 735 891 776 civis
924 737 1077 777 bonus.
1101 751 1198 792 quae
1223 737 1292 778 ille
1314 749 1520 790 monstra,
1543 740 1600 781 dii

157 789 449 831 immortales!
483 790 671 832 etiamne
711 791 874 833 Balbus
912 793 958 834 in
996 805 1192 835 senatum
1228 796 1372 838 venire
1409 799 1603 854 cogitet?

159 843 232 885 sed
256 844 294 885 ei
318 845 400 903 ipsi
435 861 528 888 cras
559 849 612 890 ad
645 858 686 890 te
716 849 880 892 litteras
912 851 1040 892 dabo.
1102 852 1344 894 Vectenum
1367 855 1472 896 mihi
1497 856 1605 896 ami-

158 915 276 954 cum,
300 914 346 944 ut
373 905 540 958 scribis,
563 906 624 947 ita
657 916 762 963 puto
794 922 910 950 esse:
943 923 1042 950 cum
1070 923 1137 959 eo,
1161 911 1276 966 quod
1301 913 1340 941 33
1353 916 1529 966 ἀποτόμως
1552 913 1605 954 ad

156 974 228 1001 me
259 963 488 1018 scripserat
520 964 572 1005 de
607 965 750 1006 numis
783 966 998 1018 curandis,
1019 971 1237 1024 θυμικώτεξον
1271 982 1384 1009 eram
1413 969 1605 1024 jocatus.

158 1020 204 1061 id
237 1028 299 1071 tu,
327 1021 361 1061 si
395 1020 465 1063 ille
496 1022 620 1063 aliter
652 1024 884 1079 acceperit,
917 1039 967 1065 ac
1001 1024 1166 1076 debuit,
1187 1026 1334 1067 lenies.
1397 1026 1609 1070 Blonetali

157 1086 303 1119 autem
337 1078 561 1135 adscripsi,
590 1080 707 1135 quod
742 1080 812 1121 ille
844 1081 898 1122 ad
933 1095 1015 1132 me,
1047 1081 1309 1125 Proconsuli.
1341 1084 1413 1124 sed
1447 1088 1609 1140 &lquo-

157 1136 277 1177 niam
304 1147 369 1178 est
401 1136 548 1191 homo,
572 1149 615 1180 et
636 1152 716 1179 nos
747 1137 906 1195 diligit,
929 1139 1022 1195 ipse
1053 1154 1226 1196 quoque
1248 1156 1272 1182 a
1295 1141 1422 1182 nobis
1453 1142 1608 1199 diliga-
1639 1152 1643 1158 ’

157 1204 243 1236 tur.
303 1194 424 1236 Vale.
1032 1197 1041 1201 χ

595 1269 832 1312 CICERO
864 1269 1094 1313 ATTICO
1127 1271 1172 1313 s.
1624 1289 1672 1324 μ,

1649 1312 1672 1325 .,

154 1327 480 1390 QUIDNAM
515 1344 622 1386 mihi
653 1344 847 1386 futurum
881 1347 974 1387 est?
1005 1355 1080 1387 aut
1113 1346 1208 1402 quis
1246 1361 1313 1388 me
1348 1362 1432 1389 non
1465 1347 1603 1389 solum

154 1399 386 1453 infelicior,
421 1402 493 1444 sed
519 1403 615 1459 jam
649 1403 778 1443 etiam
816 1403 1011 1458 turpior?
1043 1405 1300 1445 nominatim
1333 1405 1386 1446 de
1419 1420 1488 1446 me
1521 1407 1604 1447 sibi

153 1457 417 1515 imperatum
449 1460 556 1502 dicit
588 1459 805 1502 Antonius
823 1478 845 1515 ;·
867 1475 946 1501 nec
977 1475 1046 1502 me
1078 1470 1219 1503 tamen
1255 1463 1345 1518 ipse
1375 1463 1516 1505 adhuc
1542 1465 1606 1505 vi-

156 1516 293 1568 derat,
329 1518 402 1560 sed
435 1517 520 1560 hoc
553 1517 759 1560 Trebatio
792 1518 997 1560 narravit.
1061 1519 1179 1566 Quid
1214 1535 1341 1576 agam
1375 1536 1504 1573 nunc,
1534 1522 1605 1563 cui

153 1574 264 1616 nihil
288 1576 500 1632 procedit,
522 1576 769 1632 caduntque
791 1591 855 1627 ea,
880 1590 977 1630 quae
1006 1576 1337 1633 diligentissime
1360 1589 1459 1620 sunt
1483 1579 1606 1636 cogi-

153 1641 261 1684 tata,
301 1634 562 1676 taeterrime?
597 1648 680 1691 ego
718 1633 834 1675 enim
875 1633 1111 1676 Curionem
1150 1646 1318 1687 nactuS‚
1351 1636 1497 1677 onmia
1536 1651 1605 1678 me

152 1700 437 1734 consecutum
473 1692 639 1748 putavi.
674 1693 709 1733 is
742 1692 795 1732 de
832 1706 902 1733 me
934 1693 986 1734 ad
1027 1692 1313 1734 Hortensium
1357 1694 1614 1751 scripserat:

152 1750 193 1780 85
212 1747 407 1806 Reginus
434 1759 527 1792 erat
554 1759 673 1792 totus
705 1759 865 1791 noster.
897 1748 1000 1792 huic
1022 1750 1131 1792 nihil
1153 1752 1479 1808 suspicabamur
1501 1767 1601 1794 cum

151 1805 239 1850 hoc
279 1808 387 1850 mari
427 1807 594 1865 negotii
632 1807 742 1849 fore.
783 1822 870 1863 quo
908 1822 979 1849 me
1019 1823 1134 1850 nunc
1173 1812 1366 1852 vertam?
1408 1810 1726 1866 undiquep.166.

151 1866 390 1907 custodior.
414 1868 455 1898 86
467 1867 541 1908 sed
573 1866 675 1907 satis
706 1865 909 1907 lacrimis.
939 1868 1083 1922 πάςωςοι
1102 1870 1256 1908 πλευτὲον
1288 1867 1435 1924 igitur,
1459 1878 1503 1908 et
1525 1883 1597 1909 oc·
1611 1878 1645 1901 a.

152 1923 268 1965 culte
289 1924 334 1965 in
355 1923 543 1980 aliquam
574 1924 815 1965 onerariam
849 1924 1177 1980 corrependuin.
1202 1939 1289 1965 non
1322 1926 1600 1967 committen-

152 1980 271 2033 dum,
295 1992 344 2023 ut
374 1983 506 2024 etiam
541 1991 773 2038 compacto
804 1981 1012 2038 prohibiti
1045 1981 1281 2037 videamur.
1343 1982 1491 2024 Sicilia
1527 1998 1601 2040 pe-

153 2039 314 2082 tenda:
347 2055 476 2096 quam
511 2040 545 2081 si
578 2040 737 2081 erimus
771 2040 904 2090 nacti,
931 2039 1098 2095 majora
1127 2041 1327 2095 quaedam
1361 2056 1598 2097 conseque-

150 2111 263 2139 mur.
287 2097 343 2139 sit
375 2098 505 2140 modo
539 2109 653 2140 recte
686 2098 732 2139 in
761 2096 1017 2154 Hispaniis:
1052 2112 1315 2153 quamquain
1340 2098 1392 2139 de
1415 2099 1508 2155 ipsa
1531 2099 1598 2140 Si-

149 2155 252 2197 cilia
282 2156 448 2198 utinam
481 2157 536 2197 sit
564 2156 736 2197 verum!
770 2156 840 2196 sed
875 2155 1016 2196 adhuc
1048 2155 1158 2196 nihil
1189 2156 1381 2197 secundi.
1412 2171 1598 2198 concur-

151 2228 221 2255 sus
254 2213 499 2256 Siculorum
531 2214 585 2256 ad
617 2212 831 2254 Catonem
862 2213 1022 2254 dicitur
1044 2211 1211 2264 factus;
1242 2228 1399 2265 orasse,
1423 2222 1471 2255 ut
1494 2214 1597 2255 resi-

151 2282 307 2325 steret3
339 2273 486 2314 omnia
516 2271 758 2329 pollicitos:
791 2280 1059 2312 commotum
1099 2270 1235 2322 illum,
1270 2271 1486 2313 delectum
1521 2273 1596 2313 ha-

149 2331 252 2372 bere
273 2331 477 2387 coepisse.
500 2345 588 2371 non
610 2329 754 2380 credo,
777 2338 823 2369 ut
847 2337 911 2369 est
933 2327 1175 2369 luculentus
1201 2339 1373 2371 auctor:
1404 2329 1596 2385 potuisse

148 2397 267 2431 certe
289 2398 433 2430 tenere
455 2388 571 2429 illam
595 2387 860 2443 provinciam
886 2386 991 2427 scio.
1010 2387 1065 2427 ab
1090 2385 1317 2442 Hispaniis
1339 2396 1483 2428 autem
1499 2388 1596 2443 jam

149 2447 364 2489 audietur.
424 2445 515 2488 Hic
544 2460 623 2487 nos
661 2444 714 2486 C.
738 2443 996 2485 Marcellum
1030 2444 1253 2495 habemus,
1282 2445 1431 2485 eadem
1465 2445 1518 2486 de
1551 2458 1596 2485 re

151 2506 438 2562 cogitantem,
460 2512 536 2546 aut
564 2504 674 2546 bene
707 2502 1006 2544 simulantem:
1038 2516 1302 2559 quamquam
1331 2502 1473 2560 ipsum
1509 2517 1596 2544 11011

192 2675 233 2705 82
255 2681 316 2712 quo
330 2673 386 2703 ille
399 2681 450 2703 me
452 2670 632 2712 fortiorem
649 2667 723 2708 &c.]
741 2667 850 2699 Resti-
936 2667 977 2714 83}
998 2667 1151 2714 quo-niam
1167 2670 1213 2697 est
1228 2667 1332 2707 homo]
1359 2667 1466 2715 Miror
1479 2667 1512 2698 in
1529 2667 1593 2697 hoc

148 2717 198 2748 tui
210 2724 287 2746 cum
300 2714 430 2745 Graevio
441 2715 620 2745 lectionem
635 2712 709 2743 edd.
726 2721 776 2751 pr.
789 2720 850 2751 pro
892 2708 1023 2739 haesisse
1038 2719 1122 2739 viros
1144 2709 1270 2741 doctos.
1287 2711 1349 2741 int.
1364 2720 1440 2750 quia
1454 2716 1503 2741 est
1525 2719 1592 2740 non

146 2758 328 2794 certiorem,
343 2758 430 2797 quod
451 2757 631 2793 victorius,
652 2754 767 2785 Bosius
790 2754 849 2784 &c.
893 2761 1006 2792 expers
1021 2752 1252 2783 humanitatis

147 2801 290 2834 edidere.
307 2805 359 2831 est
372 2801 461 2831 enim
476 2800 589 2831 durius
602 2799 635 2830 h.
652 2797 676 2829 l.
935 2797 974 2825 85
998 2794 1160 2834 Reginus]
1180 2806 1209 2825 v.
1228 2794 1348 2826 Clavis.
1380 2837 1386 2843 ι

191 2847 232 2875 83
258 2844 316 2874 ἀπ’.
340 2844 386 2874 ad
406 2853 458 2875 me
477 2852 541 2875 scr.
563 2842 603 2874 de
626 2840 737 2873 mamis
759 2837 845 2878 cuin]
934 2838 975 2868 86
997 2839 1054 2868 sed
1079 2839 1161 2869 satis
1186 2837 1346 2877 lacrimis]
1379 2840 1444 2869 nit.
1473 2836 1589 2870 datum

148 2886 231 2921 Vide
244 2895 344 2929 supra
359 2896 410 2929 ep.
420 2889 457 2919 5.
890 2883 942 2910 est
960 2892 979 2912 a
994 2880 1102 2913 nobis,

808 2929 926 2967 zz4
