1940 3231
744 103 948 142 LIBER
987 104 1019 143 Ι.
1520 111 1596 151 887

156 216 202 250 tu
228 209 281 251 ad
310 208 567 267 dignitatem
600 207 879 263 permisisses,
910 209 963 249 ad
994 215 1208 264 quaestum
1240 218 1445 252 uteretur.
1506 211 1596 253 Ne-

156 281 240 321 que
259 268 375 308 enim
403 265 510 307 mibi
535 279 634 306 sane
657 265 810 321 placet,
833 267 1071 322 praesertim
1095 281 1192 307 cum
1219 267 1315 308 161ss
1339 283 1476 309 mores
1501 279 1596 310 tan-

155 335 245 365 tum
266 324 359 380 jam
383 324 435 365 ad
466 322 645 363 nimiam
677 322 898 364 lenitatem
930 332 972 364 et
995 323 1048 364 ad
1074 324 1357 366 ambitionem
1387 326 1595 368 incubue-

154 382 255 432 rint,
292 380 471 423 scrutari
507 389 547 420 te
581 382 615 413 ¹7
630 394 779 420 omnes
811 380 970 432 sordes,
1000 390 1203 423 excutere
1244 396 1594 438 unumquemque

150 452 332 481 corum:
375 438 463 489 sed,
500 448 661 491 quanta
691 437 746 478 sit
777 438 819 478 in
856 452 1028 494 quoque
1064 439 1185 490 fides,
1227 448 1395 481 tantum
1437 441 1594 496 cuique

154 497 438 537 committere.
498 494 643 548 Atque
666 494 776 535 inter
796 496 888 547 hos,
911 510 998 547 eos,
1017 510 1124 551 quos
1147 497 1228 538 tibi
1250 497 1431 539 comites
1454 507 1498 539 et
1519 497 1593 538 ad-

144 553 312 608 jutores
346 552 617 608 negotiorum
652 553 921 607 publicorum
945 553 1064 595 dedit
1089 554 1184 610 ipsa
1204 554 1461 611 respublica,
1483 555 1593 597 dun-

153 620 276 652 taxat
313 611 470 651 finibus
504 609 568 649 his
602 610 841 664 praestabis,
875 625 982 666 quos
1015 619 1115 652 ante
1145 612 1406 669 praescripsi.
1467 613 1630 660 Quos4

155 683 254 709 vero
277 678 352 709 aut
380 682 434 708 ex
464 667 712 708 domesticis
746 667 1110 720 convictionibus,
1141 679 1215 711 aut
1248 684 1302 712 ex
1338 670 1588 712 necessariis
1601 681 1632 711 P·
1650 668 1724 706 29²·

151 725 494 781 apparitionibus
527 734 666 766 tecum
701 739 791 766 esse
825 725 1013 778 voluisti,
1050 727 1122 782 qui
1163 728 1284 783 quasi
1320 742 1373 769 ex
1411 728 1592 770 cohorte
1608 725 1638 745 a.

153 784 350 839 praetoris
373 782 577 839 appellari
601 783 754 833 solent,
776 783 931 824 horum
952 798 1035 824 non
1057 783 1186 826 modo
1209 785 1339 837 facta,
1363 787 1434 828 sed
1457 786 1591 827 etiam

148 841 266 883 dicta
287 841 434 882 omnia
466 840 710 896 praestanda
733 841 856 881 nobis
888 850 1002 883 sunt.
1064 842 1147 883 Sed
1171 842 1302 884 habes
1334 857 1407 884 eos
1431 855 1592 894 tecum,

148 913 256 955 quos
278 899 413 954 possis
437 908 551 939 recte
582 896 788 939 facientes
811 898 936 939 facile
958 898 1161 955 diligere:
1201 901 1343 942 minus
1365 901 1594 943 consulen-

149 967 214 997 tes
235 956 546 997 existimationi
572 965 673 1006 tuae,
698 955 899 997 facillime
923 956 1145 999 coercere:
1179 972 1204 998 a
1225 959 1398 1014 quibus,
1424 962 1459 991 ¹8
1475 959 1591 1001 rudis

148 1028 246 1055 cum
269 1028 397 1065 esses,
422 1013 590 1054 videtur
620 1012 811 1068 potuisse
846 1023 919 1055 tua
950 1014 1180 1055 liberalitas
1209 1016 1376 1072 decipi:
1401 1031 1508 1058 -nam
1544 1024 1592 1057 ut

147 1072 328 1127 quisque
360 1079 424 1112 est
449 1070 511 1111 vir
533 1072 738 1126 optimuS,
761 1071 821 1111 ita
851 1071 1103 1113 difficillime
1126 1087 1216 1113 esse
1239 1073 1344 1114 alios
1367 1074 1590 1131 improbos

150 1130 416 1184 suspicatur:
442 1143 554 1168 nunc
573 1142 672 1168 vero
695 1129 845 1169 tertius
862 1129 933 1170 hic
955 1144 1091 1170 annus
1114 1129 1272 1171 habeat
1294 1130 1591 1186 ,integritatem

148 1187 343 1236 eandem,
374 1201 501 1241 quarn
526 1186 779 1241 superiores,
809 1188 845 1219 ¹9
858 1187 1094 1228 cautiorem
1118 1187 1248 1229 etiam
1269 1203 1320 1233 ac
1342 1187 1592 1245 diligentio-

147 1259 251 1285 rem.
284 1244 381 1284 Sint
404 1258 525 1284 aures
546 1252 647 1293 tuae,
670 1258 768 1298 quae
792 1243 850 1294 id,
873 1247 913 1275 20
930 1245 1046 1299 quod
1069 1245 1266 1296 audiunt,
1285 1246 1591 1290 existimentur

145 1302 308 1352 audire,
325 1317 410 1343 non
427 1302 468 1341 in
484 1315 589 1356 quas
604 1300 703 1341 ficte
717 1311 760 1341 et
783 1302 980 1343 simulate
999 1313 1189 1357 quaestus
1208 1318 1337 1344 causa
1354 1304 1592 1348 insusurre-

148 1370 230 1400 tur.
291 1360 359 1400 Sit
379 1361 561 1400 annulus
594 1369 690 1398 tuus
714 1360 853 1399 91Ποι]
888 1370 935 1400 ut
959 1375 1029 1400 vas
1051 1360 1241 1415 aliquod,
1265 1360 1336 1404 sed
1369 1373 1590 1419 tamquam

146 1417 238 1472 ipse
270 1426 340 1460 tu:
387 1431 472 1457 non
511 1416 706 1456 minister
745 1415 895 1457 alienae
932 1417 1180 1469 voluntatis,
1216 1419 1287 1460 sed
1327 1421 1447 1462 testis
1487 1431 1590 1464 tuae.

145 1474 365 1516 Accensus
389 1475 443 1515 sit
474 1488 524 1513 eo
553 1487 746 1524 numero,
769 1489 855 1529 quo
887 1488 985 1515 eum
1009 1475 1193 1530 majores
1226 1477 1358 1518 nostri
1392 1491 1484 1519 esse
1515 1494 1591 1521 vo„

144 1532 340 1575 luerunt:
363 1532 436 1588 qui
462 1531 543 1572 hoc
566 1531 711 1572 nonin
729 1531 927 1573 beneficii
951 1531 1062 1584 loco,
1077 1533 1148 1573 sed
1174 1533 1214 1574 in
1235 1534 1408 1586 laboris,
1421 1551 1471 1577 ac
1494 1551 1590 1580 mu·

141 1591 270 1639 neris,
304 1605 387 1630 non
433 1598 590 1630 temere
632 1588 713 1629 nisi
756 1588 922 1630 libertis
965 1590 1051 1630 suis
1097 1591 1350 1633 deferebant
1374 1609 1383 1634 ε
1427 1594 1587 1649 quibus

143 1647 203 1688 illi
234 1647 409 1702 quidem
442 1661 527 1688 non
560 1646 695 1688 multo
728 1661 864 1698 secuS,
902 1662 953 1689 ac
984 1648 1131 1699 servis,
1167 1648 1455 1706 imperabant.
1519 1652 1589 1695 Sit

144 1705 271 1747 lictor
302 1707 441 1746 22ιῑοῑι
476 1719 579 1755 suae,
613 1704 686 1745 sed
719 1714 804 1745 tuae
836 1704 1025 1746 lenitatis
1057 1707 1302 1762 apparitor:
1338 1709 1587 1766 majoraque

143 1762 378 1819 praeferant
408 1762 544 1803 fasces
576 1761 636 1802 illi
668 1777 717 1803 ac
749 1776 917 1804 secures
948 1763 1176 1819 dignitatis
1219 1765 1422 1821 insignia,
1455 1783 1587 1824 quam

142 1820 385 1876 potestatis.
444 1819 542 1860 Toti
572 1820 757 1875 denique
779 1820 836 1861 sit
862 1821 1099 1876 provinciae
1122 1822 1365 1879 cognitum,
1390 1824 1469 1866 tibi
1493 1841 1587 1867 om-

140 1878 277 1929 nium,
300 1878 456 1932 quibus
482 1878 643 1932 praesis,
667 1877 861 1929 salutem,
884 1878 1057 1930 liberos,
1079 1878 1255 1931 famam,
1277 1878 1471 1923 fortunas
1493 1898 1586 1926 esse

139 1935 395 1977 carissimas.
457 1935 658 1990 Denique
681 1935 775 1976 haec
797 1936 947 1991 opinio
970 1937 1040 1986 sit,
1065 1951 1149 1978 non
1173 1937 1303 1979 modo
1323 1938 1389 1990 iis,
1412 1941 1484 1996 qui
1508 1941 1586 1983 ali-

140 1993 243 2048 quid
267 1992 526 2049 acceperint‚
550 1993 620 2034 sed
645 1992 696 2034 iis
715 1993 860 2045 etiam,
884 1994 956 2050 qui
981 1994 1191 2045 dederint,
1215 2005 1256 2036 te
1279 1996 1504 2041 inimicum
1527 1999 1582 2053 (si

139 2051 183 2092 id
201 2051 476 2105 cognoveris)
508 2050 716 2091 futurum.
769 2050 923 2107 Neque
951 2066 1049 2093 vero
1073 2053 1304 2108 quisquam
1326 2054 1463 2108 dabit,
1483 2071 1584 2099 cum

137 2108 219 2149 erit
240 2107 323 2148 hoc
347 2118 635 2163 perspectum,
657 2108 764 2149 nihil
788 2123 863 2165 per
884 2124 973 2160 eos,
995 2110 1068 2165 qui
1098 2111 1301 2153 simulant
1335 2126 1379 2152 se
1401 2114 1516 2170 apud
1541 2124 1583 2157 te

136 2165 322 2207 multum
346 2179 485 2222 posse,
505 2166 579 2207 abs
603 2176 644 2207 te
668 2166 802 2207 solere
825 2167 1061 2224 impetrari.
1114 2168 1210 2210 Nec
1233 2177 1378 2211 tamen
1400 2181 1466 2213 est
1485 2170 1583 2215 haec

137 2326 190 2357 Sic
213 2330 247 2355 et
270 2334 343 2354 mox
364 2325 576 2363 permisisses,
602 2334 667 2355 non
685 2326 837 2365 permisi·

135 2369 188 2398 sti.

183 2411 220 2441 16
243 2411 276 2440 Iaz'
293 2408 409 2448 mores]
435 2409 488 2439 Sic
502 2409 574 2440 edd.
592 2419 640 2449 pr.
658 2414 755 2446 recte,
769 2420 836 2441 non

135 2453 174 2490 ii,
195 2457 232 2483 ut
248 2454 459 2482 recentiores·
484 2462 559 2482 mox
575 2463 613 2482 ex
630 2452 702 2483 edd.
719 2453 835 2492 primis

137 2495 208 2526 dedi
224 2501 258 2525 ct
274 2497 318 2526 ad
339 2494 558 2526 ambitionem.
581 2496 776 2527 recentiores
791 2496 838 2526 cul

137 2538 287 2568 omisere.

184 2583 219 2613 17
244 2589 352 2610 omnes
367 2579 488 2620 sordes]
518 2580 572 2611 An
595 2582 741 2611 omnium
764 2590 833 2611 sor-

137 2623 220 2653 des?

181 2667 217 2695 13
240 2665 334 2695 realis
356 2675 428 2695 eum
445 2664 536 2704 esses]
563 2666 624 2695 int.
647 2665 835 2706 provinciae.

136 2706 224 2746 quod
247 2707 384 2738 sortasse
413 2708 546 2744 excidit,
570 2714 621 2739 est
646 2708 735 2738 enim
762 2709 831 2749 ejus

136 2749 270 2780 omissio
287 2750 399 2790 paullo
414 2749 536 2781 durior.

182 2794 218 2826 19
241 2794 420 2822 cautiorem
444 2794 545 2823 etiam
569 2803 609 2823 ae
633 2793 707 2832 dia]
734 2793 832 2823 Fabr—

136 2843 198 2864 nus
213 2838 246 2864 et
269 2834 344 2865 Urs.
362 2834 531 2866 malebant
540 2837 722 2866 cautionem
735 2836 836 2866 etiam

135 2877 397 2916 diligentiorenU
439 2879 604 2920 probante
633 2884 668 2909 et
695 2877 836 2918 Malasp.

880 2313 973 2345 Infra
983 2324 1016 2345 n.
1030 2314 1062 2346 6.
1074 2319 1125 2346 est
1138 2325 1249 2347 rursus
1260 2322 1379 2349 cautus
1389 2324 1420 2350 et
1430 2320 1581 2360 diligens.

879 2360 974 2430 d 20t
985 2359 1071 2398 quod
1096 2359 1254 2400 audiunt]
1295 2361 1490 2402 Legendum
1519 2375 1581 2396 au-

902 2409 957 2429 zcm
978 2422 986 2430 .

921 2443 957 2474 21
984 2452 1046 2473 non
1069 2447 1107 2474 nt
1129 2453 1187 2474 vas
1210 2445 1357 2486 aliquod]
1385 2445 1432 2478 Ut
1455 2447 1582 2480 instru-

879 2490 1044 2522 mentum,
1060 2487 1214 2519 utensile.
1237 2489 1283 2519 sic
1298 2489 1404 2520 Graeci
1420 2492 1518 2526 σκεῦος
1532 2492 1581 2524 di·

877 2543 972 2570 eunt.
1003 2540 1106 2571 Hebr.
1129 2523 1200 2571 ⁹53.
1246 2542 1458 2575 Robortellus
1480 2547 1582 2578 corri-

876 2581 975 2620 gebat
995 2592 1055 2613 vas
1070 2584 1202 2623 aliquis,
1216 2584 1303 2624 quod
1321 2585 1522 2628 Verburgius
1546 2596 1583 2621 et

875 2623 1079 2655 Alemannus
1095 2636 1255 2667 recepere.
1272 2627 1369 2666 male,

919 2668 960 2698 22
982 2677 1046 2697 non
1059 2677 1138 2706 suae,
1160 2670 1218 2700 sed
1238 2673 1304 2701 cuae
1318 2672 1464 2703 lenitatis
1476 2683 1581 2714 appa-

874 2709 972 2749 ritor]
998 2710 1066 2740 Cur
1087 2716 1222 2743 tantum
1239 2714 1384 2744 lenitatis
1397 2715 1414 2744 ‚7
1437 2724 1496 2746 nec
1512 2716 1585 2757 pla-

876 2756 929 2781 cet
946 2751 1057 2783 Ursini
1074 2756 1249 2791 correctio,
1264 2765 1328 2785 non
1349 2766 1417 2786 suoe
1440 2759 1583 2797 soevz'tire,

875 2795 932 2824 sed
944 2799 1009 2826 tua
1023 2797 1180 2833 lenitatis,
1194 2807 1269 2837 quae
1293 2797 1405 2838 Lipsio
1421 2799 1584 2841 placebat,

880 2836 988 2869 Elect.
1017 2838 1045 2874 Ι,
1071 2841 1124 2869 23.
1159 2842 1211 2870 An
1233 2839 1299 2870 fuit
1319 2841 1525 2876 voluntatis?
1545 2850 1585 2883 ut

880 2879 993 2920 paullo
1008 2885 1086 2913 ante
1101 2881 1136 2913 in
1151 2881 1288 2914 annulo.

805 2926 931 2975 324
