1940 3231
368 187 446 220 610
793 183 969 222 EPIST.
998 183 1070 220 AD
1098 180 1375 223 ATTICUM,

371 286 501 327 amini
540 284 715 328 videret.
777 287 930 330 Filiola
965 296 1037 327 tua
1071 297 1111 328 te
1144 283 1343 326 delectari
1382 283 1520 333 laetor,
1552 287 1595 323 et
1628 280 1799 338 probari

374 344 469 390 tibi,
486 348 621 392 φυσικὴν
644 357 734 384 esse
755 348 807 386 τὴν
825 349 901 398 πςὸς
921 348 965 383 τοὶ
983 347 1087 383 τέκνα.
1113 343 1287 392 etenim,
1307 341 1341 381 si
1366 340 1459 381 haec
1484 353 1567 381 non
1591 349 1669 389 est,
1688 337 1803 379 nulla

373 409 516 457 potest
556 401 720 440 homini
756 413 846 439 esse
885 400 935 439 ad
975 398 1192 440 hominem
1232 409 1394 440 naturae
1435 396 1682 452 adjuncti03
1719 409 1804 450 qua

375 458 556 506 sublata,
583 457 680 497 viiae
702 456 882 496 societas
906 454 1082 495 tollitur.
1141 459 1179 490 37
1195 454 1306 497 Bene
1332 453 1504 504 eveniat,
1528 453 1667 509 inquit
1698 449 1803 492 Car-

373 515 544 562 neades,
568 527 744 567 spurce:
777 514 816 541 38
828 511 897 552 sed
933 521 1072 552 tamen
1108 513 1372 567 prudentiuS,
1395 524 1521 566 quam
1548 509 1706 551 Lucius
1728 522 1806 571 no-

377 582 462 612 ster
491 582 534 611 et
568 569 722 610 Patro:
756 568 843 622 qui,
866 582 962 608 cum
987 568 1131 609 omnia
1152 570 1204 610 ad
1228 584 1271 610 se
1301 568 1501 618 referant,
1522 570 1563 601 39
1576 581 1654 608 nec
1682 565 1808 628 quid·

377 642 505 683 quain
539 625 710 666 alterius
744 639 872 666 causa
908 624 996 665 fieri
1032 634 1198 681 putent,
1231 635 1273 666 et
1301 640 1399 666 cum
1422 639 1472 666 ea
1494 639 1536 665 re
1559 625 1721 665 bonum
1745 636 1808 685 vi-

378 698 472 724 rum
506 693 703 737 oportere
736 696 826 722 esse
859 682 1018 732 dicant,
1054 697 1105 723 ne
1141 682 1298 723 malum
1333 682 1503 731 habeat,
1537 695 1620 721 non
1645 678 1811 742 quo-ld

378 750 532 780 natura
566 752 728 780 rectum
761 739 840 791 sit;
871 742 911 769 40
927 753 1010 780 non
1034 739 1295 796 intelligunt,
1319 753 1361 779 se
1384 739 1436 779 de
1457 738 1611 779 callido
1635 737 1810 777 homine

380 796 513 852 loqui,
536 810 621 837 non
644 797 697 837 de
720 797 834 836 bono
860 795 964 836 viro.
988 797 1058 836 sed
1093 797 1201 847 haec,
1224 797 1392 851 opinor,
1416 805 1514 836 sunt
1538 796 1579 835 in
1604 795 1653 835 iis
1676 793 1810 842 libris,

381 868 488 908 quos
522 863 563 893 tu
598 853 825 902 laudando,
850 852 1014 893 animos
1048 853 1151 893 milii
1184 853 1400 893 addidisti.
1462 852 1609 892 Redeo
1632 851 1810 891 adrem.

381 910 611 952 commodo
644 910 949 965 exspectabam
981 909 1222 965 epistolam,
1247 924 1373 965 quam
1408 908 1650 949 Philoxeno
1672 907 1813 948 dedis-

383 982 471 1008 ses:
506 967 733 1022 scripseras
765 967 893 1015 enim,
918 968 958 1006 in
992 981 1041 1006 ea
1065 981 1155 1006 esse
1177 967 1228 1007 de
1251 980 1444 1007 sermone
1478 965 1674 1019 Pompeii
1699 963 1817 1012 Nea:

383 1024 602 1080 poliiano:
633 1027 776 1064 4¹earn
801 1024 904 1064 milii
940 1023 1069 1064 Patro
1104 1023 1322 1064 Brundisii
1354 1022 1561 1063 reddidit:
1595 1021 1815 1075 Corcyrae,

384 1091 432 1121 ut
467 1081 636 1136 opinor,
676 1091 912 1135 acceperut.
954 1081 1059 1120 nihil
1098 1081 1239 1136 potuit
1272 1095 1363 1121 esse
1390 1078 1641 1134 jucundius.
1674 1080 1815 1117 wei-at

384 1138 499 1178 enim
522 1139 574 1177 de
603 1138 835 1192 republica,
858 1138 910 1178 de
941 1138 1160 1193 opinione,
1183 1153 1310 1193 quam
1344 1137 1377 1177 is
1401 1139 1464 1176 vir
1494 1136 1684 1186 haberet,
1707 1135 1816 1175 inte-

386 1195 555 1251 gritatis
590 1209 720 1246 meae3
751 1195 804 1234 de
837 1195 1140 1245 benivolentia,
1164 1210 1291 1250 quam
1323 1194 1512 1234 ostendit
1534 1208 1584 1233 eo
1609 1205 1816 1242 sermone,

386 1266 512 1306 quein
548 1252 698 1291 habuit
729 1252 781 1291 de
814 1252 1046 1307 triumpho.
1078 1253 1150 1292 sed
1176 1262 1318 1293 tamen
1342 1249 1818 1306 hocjueundissimum‚

330 1342 334 1345 .
389 1310 504 1363 quod
529 1309 733 1358 intellexi,
758 1320 798 1348 te
820 1309 869 1348 ad
903 1324 999 1349 eum
1026 1310 1203 1358 venisse,
1228 1321 1272 1350 ut
1299 1309 1391 1362 ejus
1416 1310 1606 1348 animum
1629 1321 1730 1362 erga
1751 1320 1820 1347 me

260 1668 382 1708 p.101.

387 1367 665 1421 perspiceres.
691 1365 771 1405 hoe
794 1365 914 1416 mihi,
939 1367 1127 1421 inquam,
1150 1365 1701 1421 acciditjucundissimum.
1751 1363 1820 1404 De

388 1423 609 1478 triumpho
642 1433 784 1462 autem
816 1423 931 1462 nulla
962 1438 1028 1464 me
1060 1424 1272 1478 cupiditas
1308 1437 1509 1478 umquam
1545 1421 1682 1462 tenuit
1720 1428 1819 1461 ante

390 1480 534 1520 Bibuli
570 1479 960 1534 impudentissimas
993 1480 1169 1531 litteras,
1190 1483 1230 1511 43
1244 1496 1348 1536 quas
1371 1480 1633 1536 amplissime
1657 1477 1820 1542 suppli-

390 1537 504 1578 catio
536 1548 768 1577 consecuta
797 1549 874 1577 est.
897 1541 975 1578 ⁴43,
997 1553 1081 1592 quo
1114 1538 1147 1577 si
1179 1552 1229 1577 ea
1259 1547 1381 1593 gesta
1411 1546 1566 1588 essent,
1588 1551 1684 1591 quae
1717 1549 1820 1576 scri-

391 1594 502 1650 psit3
535 1594 778 1650 gauderem,
801 1607 844 1634 et
868 1594 1019 1635 honori
1043 1594 1254 1636 faverem:
1283 1609 1393 1635 nunc
1417 1594 1549 1644 illum,
1572 1593 1645 1648 qui
1670 1593 1822 1648 pedem

395 1661 533 1707 porta,
554 1650 693 1705 quoad
726 1651 861 1691 hostis
893 1651 953 1691 cis
988 1651 1250 1706 Euphratem
1280 1651 1376 1702 fuit,
1399 1666 1482 1692 non
1505 1650 1722 1700 extulerit,
1743 1649 1823 1690 ho-

375 1723 497 1749 ·nore
530 1708 706 1763 augeri,
738 1722 819 1758 me,
854 1709 895 1748 in
931 1708 1054 1763 cujus
1080 1710 1272 1749 exercitu
1307 1723 1424 1764 spem
1461 1708 1571 1748 illius
1607 1706 1822 1747 exercitus

394 1765 561 1816 habuit,
583 1765 696 1805 idem
728 1780 813 1805 non
845 1767 1027 1821 assequi,
1049 1766 1233 1807 dedecus
1255 1777 1320 1807 est
1345 1774 1554 1817 nostrum,
1573 1767 1615 1796 45
1629 1773 1823 1805 nostrum

436 1914 474 1944 37
508 1910 601 1942 Bene
629 1911 770 1950 eveniat]
805 1912 926 1943 Omisit
955 1911 1088 1942 verbum
1174 1916 1215 1942 42
1238 1914 1412 1943 eratenim
1434 1913 1473 1943 de
1493 1912 1634 1952 republ]
1659 1912 1828 1953 Suspicor,

393 1963 548 1994 spurcum
565 1951 782 1993 παιδοπωῶμεν.

438 1998 478 2025 38
501 1995 557 2024 sed
567 2001 676 2026 lamen
688 1996 897 2036 prudentius]
916 1997 1091 2026 Cori-exere

396 2037 506 2078 plures
524 2039 714 2076 pudentius,
732 2038 817 2077 quod
832 2044 865 2067 et
882 2038 1026 2067 Graevius
1043 2048 1092 2068 re-

396 2081 495 2119 cepit.
521 2081 659 2110 Acutior
674 2081 865 2115 Lambinus,
877 2081 932 2119 qui
947 2080 1009 2110 hoc
1026 2089 1091 2111 non

397 2121 439 2152 ad
469 2131 583 2161 spurce
611 2123 721 2153 referri
752 2122 850 2152 vidit:
877 2132 952 2152 nam
981 2122 1015 2151 in
1044 2133 1093 2152 se-

398 2164 574 2203 quentibus
600 2164 681 2194 nihil
705 2170 754 2194 est
778 2165 929 2194 obsceni:
954 2174 1093 2203 eumque

399 2211 531 2236 secutus
546 2213 597 2236 est
613 2206 784 2236 Gruterus.
812 2207 936 2236 Lusias
951 2212 1000 2235 est
1015 2207 1094 2236 Sau-

399 2248 502 2285 feius3
530 2259 589 2288 pro
619 2248 751 2279 Patron
780 2249 890 2288 scripsi
921 2248 1029 2278 Ραίνυ
1059 2260 1097 2280 ex

400 2289 471 2319 edd.
489 2290 581 2321 Jens.
596 2290 729 2321 Asc-ens.
775 2291 922 2330 Uterque
942 2290 1006 2321 fuit
1022 2291 1098 2332 Epi-

403 2342 530 2362 eureus.

446 2377 487 2408 39
509 2374 767 2414 necquicquam]
794 2374 926 2414 Conjeci
942 2374 1020 2404 olim
1044 2385 1101 2405 nec

405 2415 590 2446 addendum
614 2426 693 2447 esse.
724 2415 829 2446 addidi
859 2428 897 2447 ex
925 2417 975 2447 ed.
1003 2416 1100 2449 Rom.

405 2457 456 2487 ed.
471 2458 562 2488 Jens.
586 2458 686 2488 habet
708 2468 770 2488 non
787 2463 918 2497 putent,
936 2460 1015 2489 item
1040 2462 1099 2489 As-

405 2509 492 2529 cens.
507 2500 579 2530 Ald.
603 2501 693 2531 Crat.
738 2500 838 2530 Primi
861 2502 998 2531 omisere
1013 2501 1100 2532 Vict.

406 2545 441 2571 ct
457 2541 589 2572 Manut.
607 2542 828 2581 negationem.

449 2586 490 2613 40
513 2594 575 2613 uon
591 2585 796 2624 intelligunt]
816 2585 1026 2616 Correxeram
1044 2596 1101 2626 pro

407 2625 599 2663 intelligant
621 2627 822 2664 conjectura,
838 2637 913 2657 cum
936 2629 1039 2668 reperi
1056 2629 1102 2658 sic

407 2676 478 2697 esse
503 2668 547 2697 ·in
583 2667 655 2697 edd.
683 2678 733 2709 pr.
762 2678 839 2698 nam
874 2672 1103 2710 interrogati0‚

409 2718 510 2747 quam
534 2709 649 2740 Rosius
672 2709 834 2748 adsciscit,
851 2712 892 2742 ab
915 2712 947 2742 h.
964 2712 985 2742 1.
1000 2719 1050 2743 est
1072 2724 1105 2743 a-

410 2750 509 2781 liena.

453 2795 491 2822 41
517 2802 590 2822 eam
617 2788 698 2823 milzi
723 2793 830 2823 Patro
854 2793 918 2825 Br.
945 2795 1100 2836 reddidit]

411 2834 531 2871 Credo,
549 2835 580 2864 in
597 2835 758 2876 principio
773 2836 926 2867 excidisse
942 2847 1036 2867 cum:
1058 2839 1106 2869 ita

410 2875 555 2907 eohaeret
577 2882 667 2909 reete
687 2887 764 2908 cum
787 2879 945 2918 superiori
959 2884 1106 2921 expecta-

411 2919 500 2956 bam,
516 2929 556 2951 ex
571 2918 739 2952 latinitate
754 2919 912 2960 eleganti.

1133 1954 1256 1993 aliquid
1271 1960 1345 1994 post
1359 1954 1430 1984 haec
1447 1955 1544 1985 verba
1565 1955 1718 1985 excidisse
1740 1956 1826 1995 ejus·

1133 1996 1234 2033 modi,
1258 1998 1349 2036 cujus
1371 2003 1447 2026 suut
1473 2002 1546 2036 post
1569 2003 1678 2027 cetera
1699 1998 1738 2027 de
1761 1998 1827 2036 opi-

1133 2039 1308 2068 nione—de
1334 2040 1566 2069 benivolentia.-
1588 2039 1674 2078 quod
1698 2040 1829 2070 Cicero-

1136 2081 1234 2110 niana
1248 2080 1412 2119 elegantia
1434 2082 1467 2111 in
1490 2081 1705 2112 similitudine
1727 2092 1830 2113 mem-

1135 2123 1267 2152 brorum
1284 2123 1440 2162 postulat.

1177 2167 1217 2195 43
1241 2174 1322 2203 quas
1338 2166 1535 2204 amplissime
1550 2165 1742 2205 supplicatio
1756 2176 1830 2197 con-

1136 2210 1246 2236 secuta
1260 2207 1320 2246 est]
1338 2208 1536 2247 amplissime
1557 2208 1718 2247 intellige,
1734 2209 1833 2240 modo

1138 2248 1482 2285 lmnorifieemissinw,
1497 2259 1542 2280 se.
1565 2256 1698 2290 propter
1721 2250 1830 2281 decre-

1140 2295 1213 2320 tum
1241 2292 1344 2321 verbis
1374 2291 1561 2322 honorificis
1590 2292 1726 2324 sactum.
1771 2293 1833 2324 Sed

1144 2333 1224 2363 milii
1239 2338 1351 2364 tamen
1366 2339 1553 2373 suspectum
1569 2339 1630 2370 est,
1642 2334 1834 2374 legendum-

1142 2385 1204 2414 que
1225 2381 1305 2414 puto
1321 2377 1537 2415 amplissima,
1552 2384 1686 2416 propter
1702 2377 1835 2408 verbum

1142 2422 1321 2453 consecuta,
1347 2419 1399 2448 cui
1426 2417 1508 2449 illud
1534 2428 1601 2449 non
1624 2425 1672 2449 est
1699 2424 1835 2459 aptum:

1143 2459 1275 2490 dixisset
1288 2461 1417 2490 decreta
1431 2464 1477 2490 est
1487 2472 1497 2489 :
1519 2466 1554 2490 et
1568 2460 1751 2499 amplitudo
1772 2461 1837 2492 fuit
1853 2468 1857 2471 “

1144 2501 1178 2531 in
1203 2512 1340 2532 numero
1363 2502 1502 2538 dierum,
1525 2507 1565 2532 ut
1585 2513 1603 2532 e
1625 2504 1837 2542 sequentibus

1144 2548 1247 2583 patet.

1187 2588 1227 2616 44
1242 2596 1262 2614 α
1279 2596 1339 2625 quo
1353 2586 1380 2616 si
1394 2596 1431 2615 ea
1445 2590 1540 2623 gesta
1553 2590 1666 2623 essent,
1680 2597 1750 2627 quoe
1760 2590 1840 2620 scri-

1138 2628 1221 2667 psit]
1248 2628 1380 2658 Cori-exi
1404 2628 1472 2657 sine
1496 2628 1701 2659 dubitatione
1723 2637 1838 2669 essent,

1148 2680 1205 2710 pro
1233 2674 1332 2700 sunt:
1363 2679 1438 2699 nam
1468 2669 1500 2699 id
1529 2670 1675 2709 postulat
1702 2681 1838 2712 sequens

1144 2712 1337 2750 gauderem,
1357 2717 1394 2741 ut
1418 2712 1580 2743 Corradus
1595 2714 1665 2751 jam
1690 2717 1838 2745 monuit:

1147 2760 1182 2784 et
1202 2755 1318 2784 vitium
1346 2754 1535 2790 latinitatis,
1559 2755 1646 2793 quod
1671 2756 1704 2785 in
1730 2757 1838 2787 tirone

1148 2806 1214 2826 non
1237 2796 1371 2831 feratur,
1388 2806 1454 2826 non
1477 2796 1647 2828 ferendum
1669 2798 1768 2828 estin
1784 2799 1840 2829 Ci-

1148 2839 1275 2869 ceronis
1289 2837 1392 2869 libris.

1190 2883 1230 2910 45
1254 2885 1398 2911 nostrum
1414 2881 1563 2921 inquam,
1580 2885 1610 2911 te
1625 2881 1838 2922 conjungens]

1150 2922 1253 2954 Nullo
1269 2922 1365 2954 modo
1386 2923 1465 2954 mihi
1489 2923 1692 2965 probabitur,
1707 2923 1841 2966 conjun-
