1940 3231
336 121 388 156 *is
401 123 418 156 i
884 112 1229 156 PRAEFATIO.

337 228 377 268 in
400 227 492 269 aliis
522 228 728 270 librorum
752 227 1133 270 Ciceronianorum
1160 227 1350 284 partibus
1373 224 1526 285 reperi,
1549 235 1596 269 ut
1627 227 1669 270 in
1700 244 1764 271 re·-

333 296 533 336 censione
564 310 743 352 operum
774 296 1069 337 universorum
1101 296 1220 337 dixi:
1258 306 1305 337 ut
1338 305 1479 336 tamen
1514 311 1586 338 eos
1619 310 1765 338 recen-

334 362 507 416 tiorum,
529 364 602 420 qui
625 364 669 405 in
703 364 770 405 his
799 363 993 420 epistolis
1024 364 1286 415 laborarunt,
1311 363 1442 405 libros
1467 379 1550 405 non
1573 364 1768 420 neglige-

333 444 438 471 rem.

390 486 590 540 Jensonus
620 506 764 540 utrum
800 514 823 539 e
850 497 962 540 libro
998 499 1159 555 scripto
1184 513 1307 540 suum
1345 508 1512 540 textum
1546 514 1599 540 an
1630 513 1653 539 e
1678 499 1767 539 Ro-

330 580 458 607 mano
481 567 667 618 duxerit,
689 581 776 608 non
799 566 988 608 sustineo
1006 566 1306 623 pronunciare.
1367 567 1469 608 Non
1491 576 1634 608 tamen
1662 566 1765 608 illud

329 633 435 675 mihi
458 649 557 675 vero
589 633 794 675 dissimile
819 633 1000 685 videtur,
1023 634 1130 675 adeo
1160 634 1306 676 multis
1338 634 1442 676 locis
1474 635 1529 675 ab
1562 634 1764 676 Romano

331 701 530 757 exemplo
553 702 774 744 dissentit:
795 702 1076 758 inprimisque
1099 717 1167 744 me
1188 713 1334 744 movet
1354 703 1453 753 hoc,
1467 703 1582 758 quod
1607 703 1765 743 Graeca

329 784 416 811 non
438 769 582 822 habet,
605 785 702 826 quae
725 778 825 811 sunt
847 769 890 811 in
924 769 1137 821 Romana,
1160 784 1245 812 non
1270 770 1339 812 ille
1362 770 1558 826 profecto
1582 770 1766 811 omissu-.

328 853 415 890 rim,
437 839 472 879 si
502 852 596 880 eam
627 838 757 880 modo
787 837 1043 895 repetiisset,
1065 839 1214 880 leviter
1245 848 1481 880 correctam
1512 840 1567 880 ab
1599 852 1664 889 eo,
1688 837 1763 894 qui-

329 921 417 947 suae
439 906 618 948 editioni
641 915 867 961 praeesset:
891 914 934 948 et
956 906 1093 963 reperi
1114 906 1222 958 loca,
1242 907 1284 948 in
1307 908 1463 963 quibus
1485 906 1762 948 manifestum

327 984 406 1023 est,
435 989 534 1015 eum
570 982 742 1015 textum
779 973 853 1030 qui
885 973 1090 1027 confecit,
1123 974 1358 1016 editionem
1397 975 1639 1017 Romanam
1676 987 1763 1015 non

328 1042 543 1094 habuisse,
562 1058 603 1084 v.
625 1051 716 1085 not.
739 1050 930 1084 nostram
952 1042 1006 1084 ad
1021 1042 1076 1094 V,
1100 1049 1136 1084 1.
1157 1043 1261 1084 item
1283 1042 1545 1099 Malaspinae
1567 1042 1620 1083 ad
1642 1041 1763 1083 illum

326 1109 485 1152 locum.
561 1110 765 1152 Ceterum
801 1110 872 1152 ille
902 1118 1047 1152 textus
1080 1109 1354 1152 Jensonianus
1383 1110 1522 1152 factus
1551 1119 1616 1151 est
1648 1109 1762 1151 basis

325 1179 564 1220 editionum
584 1178 870 1234 sequentium,
887 1177 1242 1230 Mediolanensis‚
1271 1179 1564 1230 Ascensianae,
1590 1177 1764 1219 Aldinae

324 1248 405 1288 διο.
465 1247 707 1288 Victorium
741 1246 879 1302 reperi
912 1246 967 1287 ab
996 1260 1048 1288 eo
1077 1247 1222 1289 multis
1254 1246 1358 1288 locis
1389 1246 1646 1289 discessisse.
1707 1244 1762 1286 In

325 1314 515 1356 editione
540 1314 766 1357 Cratandri
792 1314 965 1356 interim
991 1315 1035 1356 in
1062 1317 1259 1372 margine
1287 1316 1422 1371 reperi
1446 1314 1651 1355 lectiones
1672 1312 1765 1354 Ro-

323 1395 486 1433 manas,
503 1392 697 1439 receptas
719 1382 875 1424 deinde
895 1382 941 1424 in
970 1383 1038 1425 ed.
1059 1383 1351 1440 Hervagiana‚
1368 1383 1574 1439 quasdam
1596 1391 1640 1423 et
1662 1396 1686 1422 a
1709 1380 1762 1421 P.

324 1448 545 1492 Manutio.
609 1450 678 1492 De
706 1451 904 1493 Victorio
937 1451 1051 1493 idem
1074 1451 1163 1494 fere
1193 1452 1432 1502 observavi,
1455 1450 1571 1506 quod
1593 1449 1636 1490 in
1660 1463 1762 1505 epp.

322 1520 374 1560 ad
409 1519 631 1561 Diversos.
694 1519 843 1561 Plures
869 1519 939 1561 ille
969 1519 1258 1561 correctiones
1294 1519 1455 1576 vulgati
1490 1529 1580 1560 tum
1612 1526 1759 1559 textus

322 1586 389 1628 vel
415 1587 545 1629 tacite
562 1603 586 1629 e
609 1587 808 1630 Romana
830 1588 997 1641 sumsit,
1015 1588 1082 1630 vel
1108 1590 1188 1630 sub
1211 1589 1385 1630 nomine
1408 1585 1666 1643 exemplaris
1690 1599 1762 1626 ve-

320 1655 437 1706 teris,
460 1670 484 1696 e
505 1670 592 1711 quo
615 1670 729 1712 saepe
752 1656 952 1698 sumsisse
982 1671 1026 1698 se
1054 1656 1186 1709 dicit;
1221 1657 1303 1697 nisi
1328 1669 1442 1707 vero,
1465 1664 1514 1696 ut
1535 1662 1635 1695 ante
1655 1667 1761 1695 con-

312 1722 418 1776 jeci,
440 1723 483 1763 id
507 1724 647 1778 ipsum
668 1723 890 1780 exemplar
910 1724 1007 1776 fuit,
1030 1740 1052 1764 e
1076 1738 1163 1779 quo
1188 1723 1387 1765 Romana
1408 1721 1608 1778 exempla
1628 1721 1761 1762 ducta

320 1803 442 1833 sunt:
477 1806 738 1847 quamquam
771 1791 988 1833 interdum
1014 1791 1157 1848 plures
1187 1791 1318 1833 libros
1342 1801 1504 1833 veteres
1526 1790 1760 1832 correctio-

319 1859 384 1900 nis
406 1869 602 1902 auctores
624 1859 744 1911 facit‚
765 1871 814 1901 ut
837 1858 1030 1911 XII,lO.
1045 1859 1082 1911 I,
1101 1865 1164 1907 19.
1187 1860 1230 1900 in
1254 1864 1404 1901 σόλοικα.
1443 1859 1664 1915 Quicquid
1687 1858 1760 1910 sit,

318 1926 532 1984 pleraeque
562 1929 656 1970 istae
695 1928 983 1969 correctiones
1007 1927 1132 1970 bonae
1165 1937 1291 1969 sunt:
1324 1928 1436 1968 unde
1470 1927 1659 1968 Romani
1681 1941 1760 1967 ex—

317 1996 450 2052 empli
481 1996 651 2037 bonitas
687 1994 870 2053 intelligi
903 2004 1059 2051 potest.
1104 2010 1190 2051 quo
1227 1995 1364 2052 magis
1397 1995 1664 2046 miraremur,
1692 2007 1758 2035 re-

316 2063 527 2104 centiores
549 2063 735 2104 editores
757 2062 860 2104 illud
890 2076 978 2104 non
999 2062 1260 2114 adhibuisse,
1281 2062 1363 2104 nisi
1387 2064 1606 2113 sciremus,
1628 2061 1758 2103 nimis

316 2147 410 2174 rara
441 2146 532 2174 esse
572 2119 684 2173 illius
719 2130 922 2182 editionis
953 2130 1166 2187 exempla,
1198 2140 1243 2173 et
1280 2131 1315 2171 si
1346 2145 1444 2186 quae
1475 2131 1576 2182 sint,
1608 2129 1755 2171 latere.

317 2199 410 2242 Nos
432 2199 604 2257 quidem
639 2199 850 2240 feliciores
883 2198 1174 2255 superioribus
1201 2198 1438 2239 editoribus
1472 2197 1648 2249 fuimus,
1680 2198 1754 2253 qui

315 2277 360 2309 et
392 2267 522 2323 hujus
561 2277 605 2308 et
639 2267 820 2308 aliorum
856 2265 1156 2322 exemplorum
1196 2266 1494 2307 Romanorum
1530 2274 1755 2321 compotes

315 2334 419 2377 facti
443 2350 603 2386 sumuS,
624 2334 755 2390 hujus
776 2334 950 2389 quidem
971 2333 1228 2375 liberalitate
1248 2333 1306 2374 ill.
1332 2332 1481 2374 Davii.
1551 2332 1757 2374 Ceterum

314 2418 414 2445 cum
442 2403 581 2459 plures
602 2402 673 2444 alii
698 2402 775 2443 viri
807 2401 1048 2443 doctissimi
1071 2402 1114 2442 in
1147 2411 1268 2456 textu
1304 2401 1451 2442 harum
1476 2401 1756 2456 epistolarum

314 2472 582 2514 emendando
604 2484 677 2527 per
692 2470 963 2524 conjecturas
986 2469 1233 2519 laborarint,
1251 2477 1394 2509 tamen
1415 2483 1508 2509 raro
1532 2469 1590 2509 illi
1609 2469 1755 2510 felices

316 2541 418 2582 satis
454 2541 496 2580 in
520 2554 571 2580 eo
604 2538 745 2580 fuere:
779 2547 963 2592 suntque
992 2537 1221 2592 pleraeque,
1245 2548 1292 2577 ut
1319 2536 1594 2591 Malaspinae,
1617 2537 1755 2588 Bosii,

312 2607 539 2657 Tunstalli,
572 2605 791 2656 duriores3
826 2614 874 2645 ut
911 2605 1041 2646 etiam
1073 2619 1187 2660 saepe
1221 2605 1399 2644 miratus
1427 2605 1522 2654 sim,
1548 2618 1679 2659 quare.
1710 2605 1756 2646 in

314 2676 396 2718 illis
418 2676 460 2717 in
482 2683 650 2715 textum
671 2672 929 2728 recipiendis
949 2681 1036 2713 tam
1059 2672 1196 2714 facilis
1215 2673 1344 2713 etiam
1363 2672 1574 2714 Gruterus
1598 2673 1752 2716 fuerit:

313 2743 436 2798 cujus
472 2741 724 2782 facilitatem
758 2755 835 2781 nos
865 2754 945 2781 nec
976 2740 1021 2781 in
1052 2741 1149 2790 iilis,
1187 2755 1264 2781 nec
1300 2741 1344 2780 in
1377 2740 1443 2780 his
1473 2739 1755 2781 Tunstallinis

315 2810 471 2852 imitati
494 2823 654 2851 sumus.
707 2808 799 2850 Nos
822 2808 997 2864 quidem
1020 2810 1062 2850 in
1086 2809 1334 2850 recensione
1358 2819 1507 2850 nostra
1527 2809 1617 2849 sine
1635 2807 1755 2851 libris

1889 1113 1904 1164 ξ’

1896 1253 1897 1258 ’
1905 1252 1910 1277 ι’

1887 1307 1890 1314 ι
1904 1295 1917 1315 »2¹

1892 1362 1899 1368 ⁰
1914 1360 1917 1380 ί

1909 1436 1917 1444 ..

1887 1494 1916 1591 Ξ

1887 1650 1914 1684 (ἕ.

1892 1689 1915 1749 ἓξ

1891 1736 1915 1773 ⁴¹⁷⁸,

1902 1776 1915 1830 ι’.

1909 1852 1915 1865 ί
