1940 3231
738 127 950 166 LIBER
990 128 1040 166 11.
1525 135 1600 170 501

162 248 272 287 esse,
294 250 394 277 cum
418 234 504 276 suis
527 232 656 274 servis
675 232 717 273 in
729 231 994 288 Pompeium
1016 231 1225 287 impetum
1246 231 1398 284 facere,
1418 248 1602 291 eumque

164 293 378 335 occideime
408 292 492 333 hoc
525 290 658 331 Curio
687 288 737 330 ad
766 299 933 345 patrem
967 288 1135 339 detulit,
1160 289 1228 330 ille
1251 289 1301 330 ad
1327 289 1600 353 Pompeium.

167 365 233 391 res
255 351 396 392 delata
415 350 467 391 ad
491 356 684 388 senatum
706 356 786 387 est.
810 346 1079 387 introductus
1105 346 1288 397 Vettius,
1314 361 1451 402 primo
1471 363 1602 404 nega-

168 408 256 459 bat,
280 411 320 443 59
334 423 377 448 se
406 419 607 460 umquam
639 418 737 444 cum
771 403 962 444 Curione
992 404 1222 446 iestitisse:
1255 418 1394 459 neque
1427 405 1468 446 id
1502 421 1601 447 saue

164 464 254 506 diu.
287 479 383 506 nam
413 464 558 505 statim
586 461 715 502 fidem
744 460 961 525 publicam
997 461 1246 517 postulavit.
1276 461 1317 492 60
1332 461 1445 502 haud
1468 463 1602 503 recla-

163 530 329 564 matum
349 529 428 561 est.
460 529 552 559 tum
581 519 801 574 exposuit,
835 533 1010 560 manum
1040 518 1170 560 fuisse
1197 519 1456 575 juventutis,
1491 521 1600 562 duce

165 578 369 631 Curione,
403 577 444 618 in
481 591 566 631 qua
598 575 771 616 Paullus
803 576 929 617 initio
962 576 1128 627 fuisset,
1150 586 1193 617 et
1214 577 1326 622 61Q.
1352 576 1506 632 Caepio
1531 578 1601 619 hic

165 636 340 686 Brutus,
361 642 405 675 et
430 633 651 684 Lentulus,
670 634 856 674 flaminis
877 633 1003 684 filius,
1020 635 1194 675 conscio
1220 644 1353 690 patre.
1378 645 1527 690 postea
1547 634 1599 676 C.

162 693 440 748 Septimium,
465 692 648 732 scribam
681 690 842 742 Bibuli,
866 691 1100 747 pugionem
1127 692 1206 732 sibi
1240 707 1265 732 a
1299 691 1454 732 Bibulo
1486 703 1601 732 attu-

160 750 285 795 lisse:
318 749 434 805 quod
467 759 607 789 totum
635 748 803 788 irrisum
828 758 916 790 est:
953 748 1098 789 Vettio
1131 749 1365 811 pugionem
1398 749 1599 800 defuisse,

162 807 242 848 nisi
265 809 303 847 ei
326 806 476 849 consul
499 806 709 846 dedisset·
700 820 870 860 ,eoque
890 807 1027 862 magis
1045 807 1086 847 id
1110 807 1295 860 ejectum
1320 817 1398 856 est,
1421 807 1535 862 quod
1560 823 1598 848 a.

161 863 204 906 d.
241 878 320 907 111.
354 864 420 905 Id.
454 863 565 904 Mai.
599 838 781 904 Bibiilus
816 863 1071 919 Pompeium
1103 862 1263 904 fecerat
1285 864 1528 914 ceitior,em
1553 875 1599 904 ut

158 932 331 963 cav·e1et
355 921 543 962 insidias
576 921 618 961 in
641 935 727 976 quo
749 921 786 961 ei
813 920 1093 977 Pompeius
1070 923 1228 967 oratias
1250 932 1410 977 egerat.
1455 921 1599 962 Intio-

158 979 314 1020 ductus
339 979 473 1020 Curio
497 978 624 1027 filius,
647 979 760 1019 dixit
790 978 842 1018 ad
871 992 935 1028 ea,
965 993 1061 1032 quae
1092 978 1258 1019 Vettius
1281 980 1475 1020 dixerat:
1508 994 1599 1019 ina-

158 1037 362 1092 ximeque
391 1038 432 1077 in
465 1051 519 1076 eo
549 1046 639 1076 tum
669 1035 843 1090 quidem
875 1035 1045 1076 Vettius
1075 1047 1140 1076 est
1164 1036 1458 1091 reprehensus,
1481 1037 1596 1091 quod

160 1094 201 1125 ⁶2
215 1094 400 1144 dixerat,
423 1093 758 1134 adolescentium
784 1093 1026 1141 consilium,
1058 1103 1104 1133 ut
1127 1092 1170 1133 iu
1195 1094 1289 1133 foro
1311 1107 1409 1134 cum
1434 1093 1598 1149 gladia-

159 1152 326 1193 toribus
366 1151 545 1192 Gabinii
578 1150 833 1206 Pompeium
869 1151 1162 1201 adorirentur3
1196 1151 1237 1190 in
1270 1164 1322 1190 eo
1356 1152 1596 1206 principem

158 1207 357 1250 Paullum
380 1209 532 1260 fuisse3
563 1222 692 1262 quem
715 1208 942 1248 constabat
963 1222 1014 1248 eo
1036 1218 1232 1263 tempore
1262 1209 1303 1248 in
1336 1207 1598 1249 Macedonia

157 1265 304 1308 fuisse.
351 1266 400 1307 fit
433 1275 604 1306 senatus
638 1266 898 1315 consultum,
936 1275 981 1306 ut
1012 1265 1198 1314 Vettius,
1229 1265 1343 1320 quod
1375 1265 1596 1307 confessus

155 1335 283 1388 esset,
314 1338 357 1364 se
385 1338 483 1364 cum
508 1322 592 1363 telo
616 1321 761 1373 fuisse,
795 1323 837 1362 in
864 1322 1033 1363 vincula
1060 1323 1368 1377 conjiceretur:
1400 1325 1475 1379 qui
1497 1337 1597 1364 eum

156 1382 383 1432 emisisset,
404 1390 556 1421 contra
580 1379 887 1436 rempublicam
910 1395 1001 1421 esse
1023 1379 1254 1420 tactui-,um
1285 1394 1350 1421 res
1369 1389 1463 1421 erat
1485 1381 1526 1421 in
1547 1396 1597 1422 ea

156 1439 378 1503 opinione,
400 1448 448 1478 ut
471 1447 672 1501 putarent
694 1438 733 1478 id
758 1451 849 1477 esse
871 1447 1030 1488 actum,
1051 1447 1099 1478 ut
1119 1437 1321 1478 Vettius
1312 1453 1353 1478 in
1378 1440 1473 1479 foro
1496 1453 1596 1479 cum

158 1496 363 1560 pugione,
396 1503 440 1536 et
470 1496 572 1535 item
606 1494 713 1535 servi
743 1495 835 1549 ejus
856 1495 1324 1551 compiehenderentui
1353 1510 1452 1537 cum
1484 1496 1595 1547 telis,

147 1553 311 1595 deiude
333 1545 403 1593 ille
425 1567 468 1593 se
490 1552 653 1593 diceret
675 1552 990 1605 indicatur3um
1021 1553 1060 1583 63
1076 1553 1205 1608 idque
1224 1554 1285 1593 ita
1303 1562 1446 1594 actum
1469 1564 1596 1605 esset,

152 1611 236 1652 nisi
266 1610 477 1652 Curiones
507 1624 595 1650 rem
626 1620 725 1651 ante
755 1610 806 1650 acl
832 1609 1091 1666 Pompeium
1113 1610 1382 1652 detulissent.
1414 1621 1504 1652 tum
1530 1626 1594 1652 se-

151 1678 279 1710 natus
301 1668 579 1710 consultum
570 1682 614 1708 m
637 1667 848 1709 concione
870 1669 1094 1709 recitatum
1119 1677 1198 1709 est.
1245 1667 1425 1709 Postero
1449 1680 1593 1710 autem

146 1726 220 1768 die
243 1726 404 1777 Caesar,
435 1726 485 1777 is,
513 1725 586 1780 qui
618 1725 736 1776 olim,
769 1734 927 1781 praetor
948 1740 1046 1767 cuin
1077 1735 1202 1777 esset,
1227 1726 1283 1772 Q.
1308 1725 1511 1767 Catulum
1535 1741 1590 1768 ex

147 1783 352 1825 inferiore
385 1783 481 1824 loco
511 1782 700 1838 jusserat
733 1783 889 1833 dicere,
925 1783 965 1813 64
980 1783 1176 1824 Vettium
1215 1783 1259 1824 in
1294 1782 1454 1825 Rostra
1490 1798 1630 1840 pro-p·
1646 1789 1698 1822 39.

148 1841 303 1891 duxit;
344 1855 528 1896 eumque
561 1841 605 1881 in
640 1855 690 1882 eo
724 1840 820 1881 loco
848 1841 1090 1892 constituit,
1121 1856 1208 1896 quo
1240 1841 1400 1882 Bibulo
1422 1842 1632 1883 consuli‘·

149 1899 338 1954 aspirffle
368 1913 454 1940 non
477 1898 639 1939 liceret.
672 1899 712 1929 65
728 1898 797 1939 bic
820 1898 889 1939 ille
912 1899 1072 1962 omnia,
1095 1913 1192 1954 quae
1218 1898 1369 1949 voluit,
1391 1899 1444 1940 de
1466 1914 1592 1956 repu-

149 1955 264 1998 blica
284 1956 424 2008 dixit3
447 1957 488 1987 66
500 1966 544 1997 et
565 1957 639 2011 qui
661 1955 763 1997 illuc
786 1956 926 1997 factus
948 1956 1259 2013 institutusque
1280 1957 1480 1999 venisset.
1507 1957 1594 2013 p1i-

178 2143 220 2175 59
233 2150 267 2170 se
277 2149 425 2179 unquam
435 2150 510 2171 eum
528 2139 666 2170 Curione
677 2139 843 2180 restitisse]
894 2140 955 2172 Cn.
984 2146 1074 2171 recte
1101 2142 1225 2182 recepit
1254 2141 1413 2174 Graevius.
1451 2152 1528 2174 nam
1557 2143 1591 2173 id

142 2183 164 2214 i.
182 2193 211 2213 e.
228 2192 372 2222 unquam
395 2192 429 2213 se
449 2192 525 2214 eum
543 2192 582 2213 eo
598 2183 733 2213 verbum
757 2193 846 2212 eom·
890 2193 1080 2222 praenomen
1103 2190 1137 2214 et
1159 2184 1236 2215 alibi
1261 2189 1322 2216 est.
1350 2195 1379 2215 v.
1407 2185 1499 2217 Clav.
1528 2186 1589 2217 Ed.

146 2230 306 2263 mutasse,
322 2225 526 2256 collocutum
542 2235 631 2263 esse3
650 2235 690 2255 ne
705 2225 848 2255 breviter
889 2226 986 2256 Rom.
1002 2225 1101 2257 habet
1123 2226 1180 2257 Cn.
1196 2227 1286 2258 Jens.
1307 2227 1343 2258 C.

143 2267 290 2308 quidem,
307 2274 345 2298 ut
360 2269 410 2304 fit,
434 2278 509 2298 cum
527 2269 561 2298 in
577 2268 629 2298 via
649 2267 708 2298 sibi
731 2277 844 2297 occur-

143 2314 254 2341 rentes
267 2313 437 2348 resistunt,
455 2311 541 2350 quod
558 2315 609 2340 est
623 2310 793 2351 proprium
806 2309 845 2340 de

144 2352 206 2384 tali
222 2362 398 2393 congressu
414 2353 560 2383 verbum.

185 2396 227 2425 60
250 2396 342 2426 haud
354 2397 574 2426 reclamatum
590 2395 650 2435 est]
675 2396 696 2426 i.
712 2406 741 2426 e.
757 2394 846 2426 haud

144 2442 324 2477 negatum:
361 2447 478 2478 nempe
506 2448 573 2469 non
599 2439 686 2469 SCto
712 2437 741 2468 ei
765 2438 844 2468 fides

140 2480 231 2516 data,
254 2480 310 2511 sed
331 2480 570 2511 acclamatione
592 2486 737 2511 senatus.
782 2480 846 2510 Sed

140 2522 176 2553 id
204 2523 341 2553 dubium
372 2523 497 2553 factum
528 2522 699 2554 nonnullis
725 2532 765 2554 ex
794 2533 844 2558 eo,

143 2565 231 2605 quod
245 2570 319 2606 post
336 2565 457 2596 dicitur
478 2566 513 2596 in
528 2566 661 2596 vincula
674 2567 846 2605 conjectus

141 2616 223 2639 esse.
269 2608 393 2639 Verum
415 2608 473 2638 illa
491 2608 570 2638 fides
593 2608 781 2649 pertinebat
803 2607 845 2638 ad

142 2649 344 2682 delationem
367 2660 495 2688 eorum,
516 2660 596 2690 quos
619 2650 844 2691 appellaturus

143 2697 228 2730 erat,
250 2694 286 2723 in
311 2692 428 2732 quibus
456 2694 524 2733 ipse
548 2692 665 2723 consul
692 2692 844 2724 Bibulus.

143 2732 183 2764 In
199 2734 332 2765 vincula
343 2736 513 2775 conjectus
528 2740 579 2765 est
592 2736 635 2765 ob
649 2735 789 2771 facinus,
805 2735 846 2765 ad

140 2776 233 2814 quod
253 2776 332 2807 fides
349 2778 480 2817 publiea
496 2787 564 2808 non
578 2778 735 2819 pertinet.
782 2779 843 2808 Ce-

141 2822 253 2848 terum
281 2819 353 2850 edd.
382 2829 433 2860 pr.
462 2829 577 2850 omnes
606 2824 722 2851 carent
746 2820 845 2851 verbo

144 2860 246 2891 haud.
269 2871 288 2891 e
302 2861 366 2892 Ms.
383 2861 508 2893 addidit
522 2863 650 2893 Bosius.

184 2902 224 2935 61
256 2902 301 2944 Q.
335 2902 436 2944 Caepio
462 2906 515 2936 hie
537 2904 683 2946 Brutus]
710 2905 744 2947 Q

749 2929 756 2936 .
786 2915 845 2946 pro

924 2269 965 2299 62
977 2268 1120 2306 dixerat,
1136 2270 1388 2300 adolescentium
1402 2271 1588 2311 consilium]

888 2310 950 2340 int.
974 2322 991 2341 e
1013 2313 1222 2350 sequentibus
1233 2311 1364 2351 sitisse.-
1387 2313 1447 2343 etsi
1478 2313 1591 2353 paullo

888 2353 1000 2383 durius
1016 2354 1186 2385 omittitur
1200 2354 1264 2385 hic.
1289 2355 1374 2385 forte
1389 2359 1464 2396 post
1479 2356 1593 2396 legen·

889 2396 968 2426 dum
985 2397 1018 2426 in
1035 2407 1140 2437 eoque.

929 2439 969 2469 63
991 2439 1088 2478 idque
1101 2441 1150 2470 ita
1166 2444 1278 2470 aetum
1292 2439 1385 2480 esset]
1411 2440 1510 2472 Haud
1527 2441 1587 2472 du·

887 2481 939 2511 bie
961 2481 1169 2512 scribendum
1180 2481 1321 2522 factum
1335 2488 1437 2514 esset.
1470 2484 1588 2515 vitium

888 2528 1011 2559 ortum,
1028 2524 1113 2563 quod
1128 2530 1206 2555 ante
1220 2529 1271 2555 est
1286 2530 1399 2556 actum
1415 2536 1489 2557 esse.

920 2567 961 2597 6⁴
978 2566 1123 2597 Vettium
1134 2569 1168 2597 in
1180 2572 1287 2597 rostra
1292 2568 1466 2609 produxit]
1485 2569 1589 2600 Nem-

888 2618 928 2648 pe
943 2619 981 2639 ex
995 2608 1149 2640 inferiore
1166 2610 1237 2640 loco
1252 2609 1433 2641 audiendus
1447 2617 1520 2642 erat
1533 2612 1591 2642 ho.

888 2661 944 2680 mo
958 2651 1042 2688 vilis,
1057 2662 1132 2683 cum
1147 2652 1188 2692 Ω.
1206 2652 1345 2683 Catulus
1358 2654 1471 2684 nonin
1486 2660 1591 2685 rostra

888 2692 1067 2733 productus
1082 2700 1167 2725 esset
1182 2695 1223 2725 ab
1238 2704 1288 2726 e0.

931 2736 972 2766 65
999 2737 1052 2767 hic
1072 2738 1130 2767 ille
1153 2739 1274 2773 onmia,
1297 2748 1368 2779 quoe
1387 2739 1490 2768 voluit
1513 2739 1586 2779 ἃς]

888 2778 974 2808 Puto
989 2779 1046 2809 ille
1060 2789 1128 2810 esse
1144 2780 1253 2810 alieno
1268 2781 1354 2817 loeo,
1366 2781 1591 2812 scribendum-

887 2831 971 2859 que:
997 2822 1049 2851 hic
1068 2824 1191 2860 omnia,
1208 2832 1278 2862 quoe
1297 2824 1353 2853 ille
1372 2823 1510 2864 (Caesar)
1536 2834 1591 2855 vo-

889 2864 963 2894 luit.

932 2906 972 2936 66
988 2910 1019 2938 et
1033 2908 1089 2947 qui
1103 2908 1182 2937 illuc
1197 2905 1250 2937 f.
1239 2919 1260 2935 ι.
1273 2906 1423 2947 venisset]
1443 2907 1495 2938 Sic
1506 2907 1588 2939 Mss.

815 2947 946 2990 ka
