1940 3231
628 121 811 161 EPIST.
829 121 908 160 AD
935 117 1207 158 BRUTUM.
1568 122 1616 158 95
1625 120 1643 157 1*

190 227 263 271 sed
303 228 400 287 ipso
437 236 605 280 senatu,
629 237 754 285 putet
789 242 834 268 se
870 226 1052 282 imperia
1085 222 1294 280 quaelibet
1332 219 1642 278 concupiscere

191 290 348 342 posse?
392 286 538 334 Quare
571 297 662 327 tum
692 297 736 326 et
767 283 1036 334 felicitatem,
1066 292 1111 323 et
1144 279 1462 338 providentiam
1494 280 1640 321 lauda-

190 345 248 385 bo
273 354 405 396 tuam,
430 360 527 386 cum
551 344 825 400 exploratum
848 342 1007 383 habere
1034 352 1226 396 coeperO,
1251 336 1469 378 Caesarem
1501 337 1640 378 liono-

196 402 332 453 ribus,
355 418 470 458 quos.
485 402 714 457 acceperit,
734 398 1088 441 extraordinariis
1110 397 1202 438 fore
1226 403 1496 436 contentum.
1546 394 1641 435 Ali-

190 473 286 500 enae
319 461 466 516 igitur,
496 460 681 514 inquieS,
713 458 851 515 culpa:
884 460 1004 498 24me
1038 469 1155 497 reum
1188 452 1421 509 subjicies?
1456 450 1637 492 Prorsus

191 516 358 568 alienae,
383 519 416 558 si
441 517 655 572 provideri
679 518 838 572 potuit,
866 530 919 556 ne
951 515 1192 556 exsisteret.
1225 510 1342 567 quod
1373 508 1540 550 utinam
1573 509 1638 549 in·-

192 585 388 629 spectare
411 574 546 630 possis
571 575 770 616 timorem
793 574 846 615 de
868 573 940 614 illo
964 587 1105 613 meum
1124 572 1132 613 Ξ
1167 569 1251 611 His
1275 568 1428 609 litteris
1451 566 1638 623 scriptis,

194 641 238 672 te
259 632 480 672 consulem
502 631 665 673 factum
701 632 961 673 audivimus
992 641 1083 671 tum
1110 643 1209 670 vero
1241 626 1448 682 incipiam
1479 638 1641 680 propo-

188 703 290 730 nere
311 689 419 730 mihi
442 691 754 746 rempublicam
773 690 955 745 justam,
977 697 1021 729 et
1044 687 1138 743 jam
1172 685 1259 726 suis
1294 685 1502 724 nitentem
1537 682 1640 723 viri-

190 746 286 797 bus,
309 747 343 786 si
368 747 510 788 isthuc
534 749 695 789 videro.
759 748 892 788 Filius
915 746 1042 795 valet,
1065 755 1107 785 et
1131 745 1171 784 iu
1207 741 1516 783 Macedoniam
1538 753 1638 781 cum

187 804 384 859 equitatu
412 807 658 862 praemissus
680 815 760 847 est.
823 804 974 846 Idibus
1000 803 1149 852 Maiis,
1172 816 1225 842 ex
1251 800 1416 841 castris.

707 894 1116 934 ARGUMENTUM.
1649 873 1675 930 5

186 969 324 1007 Scribit
342 984 365 1007 a
383 971 521 1007 Senatu
540 973 752 1020 permissam
771 983 844 1007 esse
862 970 1016 1006 arbitrio
1037 969 1147 1004 Bruti
1164 980 1239 1004 rem
1259 968 1302 1003 (Ie
1326 964 1527 1002 Dolabella
1552 975 1635 1011 per-

238 1026 430 1071 sequendo,
452 1026 495 1060 de
513 1037 625 1072 eaque
640 1037 744 1060 suum
763 1025 953 1060 consilium
982 1022 1162 1058 ostendit:
1191 1021 1326 1056 Filium
1351 1031 1456 1055 suum
1483 1029 1519 1052 se
1547 1016 1638 1051 velle

239 1078 278 1112 in
298 1078 487 1125 collegium
507 1078 730 1127 Pontificum
752 1079 932 1112 minorum
951 1076 1130 1111 absentem
1158 1074 1336 1121 cooptari,
1357 1073 1466 1119 idque
1491 1081 1556 1118 per
1585 1069 1636 1104 le-

235 1141 298 1176 ges
318 1130 527 1166 Domitiam
546 1135 580 1166 et
597 1131 838 1179 Juliamfieri
853 1140 957 1178 posse
975 1129 1197 1164 demonstrat
1214 1141 1227 1167 ;
1259 1127 1302 1161 (le
1321 1137 1390 1173 quo
1417 1123 1634 1160 sententiam

240 1182 352 1218 Brun·
366 1184 460 1218 scire
477 1185 589 1232 cupit.

625 1249 862 1292 CICERO
896 1248 1107 1291 BRUTO
1141 1248 1185 1289 S.
1643 1257 1675 1321 Ξ.
1692 1246 1766 1280 276.

187 1307 254 1360 Α.
291 1317 348 1360 D.
388 1334 412 1359 v
449 1317 665 1361 Kalendas
701 1319 860 1370 Maias,
895 1333 993 1359 cum
1035 1318 1088 1359 de
1129 1318 1195 1366 iis,
1229 1315 1304 1371 qui
1334 1313 1480 1355 hostes
1511 1311 1633 1368 25ju-

183 1376 315 1417 dicati
356 1387 470 1428 sunt,
508 1377 618 1418 bello
658 1377 979 1434 persequendis,
1010 1376 1236 1416 sententias
1276 1374 1536 1423 dicerentur,
1569 1371 1634 1412 di—

185 1434 254 1475 xit
278 1434 483 1475 Servilius
513 1435 644 1476 etiam
676 1435 729 1476 de
754 1435 974 1484 Ventidio,
997 1444 1040 1474 et
1073 1443 1118 1474 ut
1151 1432 1326 1474 Cassius
1358 1443 1634 1487 persequere-

186 1500 256 1532 tur
294 1492 581 1534 Dolabellam.
644 1492 727 1534 Cui
762 1508 861 1534 cum
905 1506 1039 1532 essem
1084 1505 1294 1542 assensus,
1336 1490 1506 1530 decrevi
1550 1487 1634 1528 hoc

186 1550 387 1606 amplius,
422 1560 470 1591 ut
503 1559 564 1601 tu,
600 1551 635 1592 si
678 1551 934 1591 arbitrarere
969 1549 1086 1600 utile,
1125 1563 1233 1604 eque
1268 1546 1491 1603 republica
1526 1559 1633 1596 esse,

183 1621 487 1663 persequerere
511 1608 621 1649 bello
646 1607 946 1649 Dolabellam:
981 1608 1015 1648 si
1040 1608 1179 1648 minus
1214 1606 1257 1647 id
1288 1603 1520 1647 commodo
1550 1603 1634 1643 rei-

189 1665 378 1720 publicae
419 1666 561 1708 facere
603 1680 764 1722 posses,
800 1666 889 1707 sive
926 1677 1015 1706 non
1047 1665 1318 1706 existimares
1353 1677 1375 1703 e
1413 1661 1635 1717 republica

181 1737 290 1774 esse,
326 1733 373 1764 ut
406 1723 448 1765 in
484 1724 636 1765 iisdem
668 1724 774 1765 locis
805 1723 1047 1765 exercitum
1078 1722 1337 1766 contineres.
1398 1718 1523 1761 Nihil
1554 1717 1634 1760 ho·

186 1781 486 1822 norificentius
529 1781 673 1838 potuit
708 1781 850 1823 facere
885 1789 1235 1837 senatuS,·quam
1267 1791 1314 1821 ut
1357 1788 1479 1819 tuum
1522 1787 1634 1818 esset

179 1839 416 1894 judicium,
450 1840 554 1895 quid
594 1840 785 1881 maxime
825 1840 1067 1881 conducere
1104 1838 1356 1895 reipublicae
1397 1835 1477 1877 tibi
1515 1835 1634 1877 vide-

188 1907 322 1938 retur.
383 1896 596 1953 Equidem
637 1898 698 1939 sic
739 1898 893 1949 sentio,
927 1898 961 1938 si
1000 1912 1177 1938 manum
1215 1896 1361 1947 habet,
1403 1894 1436 1934 si
1479 1903 1634 1946 castra,

187 1955 221 1996 si
257 1955 331 1995 ubi
366 1956 577 1996 consistat
613 1956 781 2013 uspiam
818 1955 1072 1997 Dolabella:
1105 1955 1156 1996 ad
1184 1954 1329 2005 fidem,
1352 1963 1395 1993 et
1415 1951 1468 1993 ad
1491 1952 1636 2007 digni-

187 2022 321 2054 tatem
346 2023 462 2054 tuam
488 2014 716 2070 pertinere,
739 2029 838 2056 eum
861 2014 1096 2070 persequi..
1136 2012 1205 2054 De
1239 2011 1376 2053 Cassii
1406 2010 1540 2051 nostri
1563 2024 1636 2051 co-

187 2071 272 2127 piis
312 2071 421 2112 nihil
466 2073 722 2113 sciebamus.
766 2087 905 2128 neque
943 2073 1058 2112 enim
1098 2072 1152 2112 ab
1194 2071 1296 2127 ipso·
1326 2069 1423 2111 ullae
1463 2067 1635 2119 litterae‚

187 2142 328 2184 neque
354 2130 635 2171 nuntiabatur
656 2130 910 2186 quidquam,
941 2130 1057 2186 quod
1095 2144 1173 2186 pro
1208 2137 1326 2169 certo
1363 2126 1637 2168 haberemus.

185 2187 474 2243 Quantopere
512 2199 656 2229 autem
689 2189 873 2240 intersit,
895 2188 1083 2244 opprimi
1131 2185 1414 2235 Dolabellam,
1438 2183 1635 2240 profecto

186 2244 426 2301 intelligis3
459 2261 558 2287 cum
594 2256 642 2288 ut
678 2246 848 2288 sceleris
888 2261 1042 2302 poenas
1080 2245 1311 2302 persolvat,
1346 2252 1439 2284 tum
1472 2257 1526 2283 ne
1564 2241 1635 2293 sit,

188 2317 276 2358 quo
299 2317 343 2344 se
366 2302 582 2345 latronum
606 2304 736 2346 duces
758 2319 813 2346 ex
840 2303 1085 2345 Mutinensi
1118 2303 1224 2360 fuga
1240 2301 1495 2343 conferant.
1556 2298 1639 2340 At-

186 2375 271 2416 que
306 2361 390 2402 hoc
425 2361 531 2402 mihi
565 2362 659 2418 jam
694 2372 794 2403 ante
833 2362 1060 2419 placuisse,
1094 2372 1217 2417 potes
1250 2375 1305 2401 ex
1345 2358 1640 2415 superioribus

189 2419 298 2459 meis
332 2419 486 2460 litteris
521 2421 760 2462 recordari:
803 2434 1067 2476 quamquam
1111 2429 1203 2460 tum
1246 2428 1289 2459 et
1329 2417 1448 2474 fugae
1489 2424 1640 2472 portus

191 2485 284 2517 erat
301 2477 345 2518 in
368 2478 452 2518 tuis
474 2479 640 2528 castris,
657 2487 700 2519 et
717 2478 958 2519 subsidium
983 2478 1130 2518 salutis
1153 2477 1195 2518 in
1223 2485 1298 2517 tuo
1318 2474 1531 2516 exercitu.
1553 2488 1642 2529 quo

190 2535 330 2590 magis
360 2550 477 2576 nunc
509 2536 680 2577 liberati
703 2541 772 2589 (ut
805 2537 949 2592 spero)
973 2535 1198 2592 periculis,
1223 2535 1267 2575 in
1303 2533 1532 2575 Dolabella
1563 2547 1643 2588 op—

186 2592 421 2648 primendo
453 2595 656 2650 occupati
688 2608 780 2634 esse
812 2595 1034 2635 debemus.
1095 2593 1180 2634 Sed
1201 2592 1298 2633 haec
1330 2591 1547 2647 cogitabis
1577 2590 1643 2630 di-

192 2650 416 2706 ligentius,
447 2660 609 2693 statues
641 2651 885 2709 sapienter:
918 2651 1050 2693 facies
1083 2665 1178 2702 nos,
1208 2649 1313 2706 quid
1350 2647 1645 2700 constitueris,

232 2794 275 2823 24
297 2802 349 2823 me
370 2802 465 2823 reum
475 2792 602 2834 stu-ies]
628 2793 710 2827 Mss.
726 2794 827 2826 Paris.
843 2804 896 2825 me
938 2803 982 2825 no
997 2794 1154 2835 recipere.
1177 2797 1211 2825 et
1233 2797 1285 2824 est
1306 2791 1492 2831 elegantius
1507 2790 1644 2832 vulgato

187 2843 283 2866 reum
318 2834 480 2876 subjicies,
510 2839 596 2866 teste
628 2836 829 2877 Alemanno,
861 2842 894 2868 et
925 2836 1051 2877 facies.

187 2876 258 2914 alii,
285 2881 372 2908 teste
399 2878 471 2909 «lac.
499 2878 681 2917 Gronovio,
710 2880 792 2910 item
821 2879 895 2911 edd.
983 2882 1023 2910 25
1037 2878 1187 2920 judicati
1201 2878 1293 2920 sunt]
1312 2876 1476 2909 Usitatius
1489 2879 1575 2908 esset
1584 2875 1647 2918 ju-

185 2917 287 2955 Rom.
301 2920 396 2954 dens.
413 2930 473 2953 nec
484 2920 638 2954 dubitavi
651 2931 728 2953 cum
740 2922 898 2955 Aleman—
941 2921 1043 2953 dicati
1057 2926 1171 2954 essent.
1251 2922 1255 2928 '
1383 2925 1387 2928 ⁴

853 2970 984 3009 31³4
