1940 3231
302 98 392 164 914*
692 123 875 164 EPIsT.
903 126 983 163 AD
1009 127 1056 167 Q.
1085 124 1397 170 FRATREM,

300 230 523 271 faciemus.
558 229 641 272 Sed
662 231 774 272 idem
799 231 957 272 Nerius
981 231 1111 272 index
1131 233 1170 261 24
1184 230 1320 271 edidit
1340 230 1395 272 ad
1416 229 1638 287 allegatos,
1655 228 1742 274 Cn.

306 288 535 328 Lentulum
559 288 763 329 Vae-,ciam
792 299 835 329 et
870 289 922 330 C.
946 289 1212 329 Cornelium.
1276 287 1441 329 Eodem
1473 288 1542 329 die
1572 298 1755 330 senatus-

168 366 202 398 p.
219 346 551 390 309.consultum
587 347 747 386 factum
782 356 861 395 est,
888 359 949 386 UT
975 359 1335 396 5οῡΑΜΤΑΤΕ5,
1360 359 1744 396 DECURIATIQUE

263 409 687 444 ³¹DISCEDERENT:
722 416 922 454 LEXQUE
943 416 1006 443 DE
1032 417 1098 444 ns
1125 416 1402 454 FERRETUR,
1421 416 1501 453 ur,
1523 417 1608 454 9151
1635 414 1742 443 Non

306 474 709 509 DISCESSJSSENT‚
728 473 787 499 EA
808 473 972 506 POENA,
989 474 1096 512 91]AE
1119 473 1206 501 EST
1224 474 1287 501 DE
1304 472 1746 512 v1,TENERENTUR.

303 519 358 559 A.
382 519 423 558 d.
450 532 508 557 111
538 516 601 557 ld.
624 517 715 557 dixi
742 531 817 572 pro
841 517 989 557 Bestia
1010 517 1062 557 de
1084 518 1250 558 ambitu
1270 517 1384 573 apud
1409 528 1637 573 praetorem
1661 515 1745 557 Cn.

305 575 568 624 Domitium,
592 575 634 614 in
669 574 764 614 soro
786 574 944 624 medio,
967 574 1160 615 maximo
1182 585 1427 616 conventu:
1461 574 1680 629 incidique
1702 573 1748 614 in

304 647 403 673 eum
427 631 567 672 locum
602 632 642 671 in
666 631 864 682 dicendo,
887 632 1209 682 cum-Sextius,
1232 632 1379 672 multis
1401 632 1444 672 in
1475 631 1637 688 templo
1662 630 1749 671 Ca-

306 689 432 731 storis
467 689 712 729 v·ulne1ibus
747 689 951 744 acceptis,
973 689 1165 730 subsidio
1201 689 1361 730 Bestiae
1397 699 1588 730 servatus
1623 697 1749 729 esset.

307 747 398 788 Hie
419 766 480 801 πς
472 766 604 798 ῳκονομ
606 749 730 798 ἠο-ιίμην
759 746 963 800 quiddam
994 750 1145 801 εύκκιςως
1167 746 1220 786 (le
1252 746 1319 796 ils,
1343 760 1440 800 quae
1474 761 1519 787 ln
1550 746 1751 788 Sextium

306 805 628 866 apparabantur
649 803 845 852 crimina,
863 813 906 843 et
928 818 1024 843 eum
1048 803 1197 843 ornavi
1222 803 1332 844 veris
1353 803 1566 855 laudibus,
1588 817 1752 859 magno

307 875 481 902 assensu
504 874 714 900 omnium.
737 875 802 901 ies
835 861 1001 902 homini
1026 860 1109 901 fuit
1131 861 1407 901 vehementer
1439 871 1576 916 grata.
1637 862 1751 908 Quae

307 919 389 960 tibi
412 933 462 959 eo
494 919 650 966 scribo,
673 918 789 972 quod
820 933 888 958 ine
918 918 971 959 de
1002 918 1227 958 retinenda
1257 918 1398 959 Sextii
1428 918 1569 974 gratia
1596 917 1753 959 litteris

309 991 424 1031 saepe
459 975 680 1015 monuisti.
743 975 861 1016 Prid.
901 975 966 1016 Id.
1000 975 1093 1016 haec
1116 975 1268 1031 scripsi
1299 983 1399 1016 ante
1419 975 1575 1017 lucem
1607 990 1658 1016 eo
1681 975 1754 1020 die

309 1034 424 1090 apud
450 1032 556 1073 Pom
549 1033 741 1088 ponium
767 1033 808 1074 in
841 1032 933 1088 ejus
957 1033 1119 1088 nuptiis
1142 1047 1257 1074 eram
1289 1043 1535 1074 cenaturus.
1596 1032 1755 1075 Cetera

310 1100 412 1133 sunt
435 1091 475 1131 in
500 1090 626 1130 lebus
656 1091 813 1131 nostris
847 1091 1095 1146 hujusmodi
1118 1094 1186 1143 (ut
1209 1100 1254 1131 tu
1289 1090 1396 1131 mihi
1419 1090 1507 1131 fere
1539 1089 1755 1133 diffidenti

311 1148 599 1206 piaediczaibis)
624 1147 748 1204 plena
781 1149 1007 1205 dignitatis
1041 1157 1085 1188 et
1117 1148 1294 1204 gratiae:
1335 1163 1432 1204 quae
1469 1148 1644 1204 quidem
1667 1157 1757 1199 tua,

311 1207 372 1247 mi
408 1206 550 1256 frater,
594 1206 835 1262 prudentia,
870 1206 1092 1262 patientia,
1128 1206 1302 1256 virtute,
1333 1207 1511 1262 pietate,
1542 1205 1756 1248 suavitate

312 1264 460 1314 etiam,
484 1238 578 1312 tib'i,
594 1256 706 1303 'mih‘
682 1278 795 1305 mue
817 1273 918 1304 sunt
940 1265 1152 1306 restituta.
1215 1263 1384 1304 Domus
1420 1263 1503 1304 tibi
1524 1263 1578 1305 ad
1608 1262 1756 1306 lucum

314 1321 487 1366 Pisonis
514 1320 738 1361 Liciniana
760 1321 977 1362 conducta
997 1332 1076 1362 est.
1110 1320 1198 1371 sed,
1219 1332 1268 1362 ut
1289 1335 1429 1376 spero,
1455 1321 1605 1377 paucis
1629 1335 1749 1362 men-

314 1380 434 1420 sibus
458 1387 556 1434 post
589 1377 771 1419 Kalend.
811 1379 965 1425 Quint.
1001 1380 1043 1419 in
1079 1387 1197 1419 tuam
1231 1378 1555 1434 commigrabis.
1615 1377 1756 1420 Tuam
1876 1390 1884 1419 1

315 1437 360 1477 in
387 1436 555 1477 Carinis
591 1436 739 1476 mundi
775 1436 1041 1477 habitatores
1074 1436 1236 1478 Lamiae
1270 1436 1589 1478 conduxerunt.
1648 1434 1690 1477 A
1713 1443 1757 1477 te

316 1505 419 1550 post
441 1493 555 1534 illam
581 1492 831 1534 Olbiensem
858 1494 1085 1558 epistolam
1109 1493 1245 1534 nullas
1266 1494 1430 1534 litteias
1449 1495 1613 1550 accepi.
1637 1493 1759 1540 Quid

320 1567 438 1608 agaS‚
461 1561 503 1592 et
537 1560 583 1591 ut
621 1560 662 1590 te
698 1551 903 1602 oblectes,
926 1566 1034 1593 seire
1067 1551 1222 1607 cupi03
1258 1551 1534 1606 maximeque
1571 1551 1759 1607 teipsum

1869 758 1885 870 ᾗ.

1870 1095 1884 1147 i

1866 1231 1885 1346 Ξ

314 1584 462 1650 videre
484 1608 817 1664 quamprimum.
843 1609 973 1660 Cura,
995 1609 1054 1649 mi
1075 1608 1220 1658 f··1ate1,
1244 1616 1291 1649 ut
1313 1608 1467 1649 valeas.
1489 1619 1533 1650 et
1554 1611 1594 1640 25
1608 1623 1781 1665 quam-7
1870 1620 1882 1641 ’ν

316 1681 444 1721 quam
469 1677 532 1706 est
555 1665 707 1718 hiems,
728 1676 871 1708 tamen
895 1665 1137 1708 Saidiniam
1161 1640 1296 1709 ist'am
1312 1680 1403 1707 esse
1424 1667 1607 1723 cogites.
1638 1666 1679 1698 26
1691 1679 1755 1708 xv
1869 1674 1883 1723 ζ,

319 1723 664 1765 K·1len(l.Ma1t.
1872 1727 1882 1780 J

278 1818 306 1854 4
839 1814 1249 1852 ARGUMENTUM.
1870 1842 1881 1858 Ἡ

319 1879 382 1915 De
400 1878 524 1914 Sextio
553 1878 718 1914 absoluto
749 1882 784 1913 et
808 1877 956 1914 Vatinio
992 1880 1029 1914 in
1050 1877 1196 1924 judicio
1229 1878 1405 1915 Sextiano
1434 1883 1578 1922 vexato,
1607 1877 1764 1926 aliisque
1868 1865 1881 1917 ·l

687 1931 894 1966 domesticis
913 1931 1015 1967 rebus
1035 1930 1348 1980 certioremfacit.
1870 1923 1880 1952 '³

1870 1994 1880 2008 ἢ

698 2014 959 2056 MARCUS
994 2015 1051 2062 Q.
1076 2014 1307 2056 FRATRI
1342 2015 1388 2056 S.
1871 2034 1875 2039 ·

323 2070 596 2124 SEXTIUS
621 2092 766 2123 noster
791 2083 1013 2124 absolutus
1036 2092 1100 2128 est
1123 2099 1161 2124 a.
1184 2083 1227 2124 d.
1254 2098 1291 2125 11
1318 2083 1384 2124 Id.
1409 2082 1545 2124 Mart.
1567 2089 1625 2134 et,
1646 2082 1764 2138 quod
1864 2079 1879 2139 ’ζ

322 2141 600 2181 vehementer
622 2141 818 2182 interfuit
840 2141 1105 2197 reipublicae,
1136 2141 1295 2181 nullam
1321 2141 1454 2182 videri
1478 2142 1520 2181 in
1544 2140 1759 2196 ejusmodi

324 2213 453 2239 causa
484 2198 793 2238 dissensionem
817 2213 921 2246 esse,
954 2199 1153 2239 omnibus
1178 2199 1401 2239 sententiis
1435 2199 1656 2239 absolutus
1681 2206 1764 2238 est.
1871 2234 1877 2252 :

277 2255 453 2306 b.Illud,
488 2256 601 2310 quod
638 2257 716 2296 tibi
751 2271 864 2311 saepe
895 2271 1008 2296 curae
1042 2271 1133 2296 esse
1167 2255 1478 2307 intellexeram,
1500 2270 1555 2296 ne
1587 2255 1656 2296 cui
1679 2254 1762 2295 ini·
1867 2271 1878 2304 v}

326 2328 412 2368 quo
457 2314 789 2368 relinqueremus
833 2310 1103 2369 vituperandi
1146 2313 1304 2365 locum,
1337 2314 1411 2369 qui
1452 2328 1529 2353 nos
1569 2313 1762 2368 ingratos
1875 2311 1877 2314 ’

326 2386 418 2411 6556
441 2371 617 2420 (liceret,
645 2371 723 2411 nisi
760 2371 871 2411 illius
907 2371 1230 2426 perversitatem
1265 2371 1523 2426 quibusdam
1557 2370 1601 2410 in
1637 2369 1763 2411 rebus

327 2442 455 2483 quam
491 2428 797 2468 humanissime
828 2428 1058 2470 ferremus:
1093 2429 1201 2469 scito
1234 2428 1318 2470 hoc
1351 2443 1430 2469 nos
1453 2428 1495 2468 in
1519 2442 1569 2468 eo
1593 2426 1765 2483 judicio

328 2495 584 2525 consecutos
607 2500 711 2536 esse,
736 2496 782 2526 ut
805 2486 997 2526 omnium
1029 2486 1261 2541 gratissimi
1279 2486 1588 2541 judicaremur.
1651 2483 1766 2525 Nam

329 2542 372 2583 in
396 2542 665 2583 defendendo
700 2557 870 2584 moroso
896 2543 1070 2583 homine
1102 2543 1440 2584 cumulatissime
1463 2541 1764 2590 satisfecimus.

329 2610 373 2640 et
391 2601 452 2653 (id
475 2600 591 2654 quod
615 2599 683 2640 illc
717 2602 905 2641 maxime
928 2601 1150 2656 cupiebat)
1174 2601 1414 2652 Vatinium,
1445 2615 1470 2641 a
1501 2614 1587 2655 quo
1622 2599 1764 2656 palam

369 2732 411 2761 24
433 2730 533 2760 edidit
555 2730 602 2759 cul
621 2730 794 2770 allegatos]
821 2740 852 2761 v.
877 2730 968 2761 Clav.
991 2730 1026 2761 in
1070 2735 1104 2762 et
1119 2730 1300 2761 valetudini
1315 2735 1396 2761 tuae.

328 2774 503 2810 allegatus.
1113 2774 1154 2804 <26
1178 2782 1222 2804 xv
1238 2773 1320 2804 Kal.
1334 2772 1456 2812 Mara]
1482 2772 1570 2803 Ante
1583 2771 1769 2811 scripserat,

370 2817 410 2844 25
433 2823 634 2853 quamquam
657 2819 701 2844 est
725 2814 839 2853 hiems]
865 2814 948 2855 Qua²
964 2815 1026 2845 mi-
1070 2826 1106 2846 56
1121 2815 1205 2846 hanc
1227 2816 1399 2856 epistolam
1424 2815 1588 2856 scripsisse
1610 2813 1695 2855 prid.
1717 2814 1768 2846 ld.

329 2867 390 2886 nus
406 2856 589 2897 periculosa
610 2862 661 2886 (εἰ
675 2857 876 2887 valotudfni:
901 2862 1027 2892 tamvr,
1073 2858 1165 2888 Febr.
1210 2858 1326 2898 Itaque
1354 2858 1407 2888 hic
1442 2863 1597 2888 numerus
1634 2857 1768 2888 filiosus

329 2900 405 2939 quia
420 2898 570 2930 Sardinia
582 2903 631 2930 est
647 2900 738 2940 gravi
754 2898 851 2939 coelo,
867 2910 944 2931 cave
966 2900 1031 2931 tili
1071 2900 1201 2933 videtur
1215 2900 1407 2933 Pontederae
1425 2901 1458 2931 in
1472 2900 1568 2942 epist.
1583 2909 1614 2941 p.
1631 2900 1707 2930 345.
