1940 3231
220 2027 275 2070 39

295 140 376 180 768
722 134 906 174 EPIST.
934 134 1013 174 AD
1043 134 1328 182 ATTIOUM,

298 251 445 284 tamen
467 242 633 285 aberro.
683 240 862 283 Asinius
897 241 1037 284 Pollio
1070 242 1123 284 ad
1155 257 1225 283 me
1247 241 1418 299 scripsit
1439 245 1479 275 33
1494 243 1547 286 de
1570 243 1747 301 impuro

296 310 446 341 nostro
467 308 671 356 cognato.
704 299 821 355 quod
856 299 1017 341 Balbus
1037 301 1180 341 minor
1201 314 1338 356 nuper
1356 300 1457 341 satis
1481 302 1621 356 plane,
1646 302 1738 344 Do-

296 357 452 399 labella
479 359 677 408 obscure,
711 357 784 398 hic
817 357 1099 412 apertissime.
1134 359 1289 398 ferrem
1318 358 1520 413 graviter,
1545 360 1578 400 si
1612 374 1740 402 novae

297 415 565 472 aegrimoniae
588 414 707 456 locus
729 423 854 454 esset.
878 413 950 454 sed
979 423 1123 455 tamen
1155 415 1311 470 ecquid
1334 415 1575 470 impurius?
1608 431 1637 458 o
1662 416 1740 457 ho-

295 475 456 515 minem
491 471 755 513 cavendum!
788 473 1101 526 34quamquam
1137 472 1242 513 mihi
1277 473 1466 528 quidem.
1496 474 1568 514 sed
1591 484 1742 514 tenen-

295 531 376 572 dus
397 530 520 571 dolor
542 538 620 570 est.
671 527 753 579 Tu,
786 528 991 583 quoniam
1026 543 1199 570 necesse
1232 530 1341 571 nihil
1373 541 1452 581 est,
1485 531 1547 572 sic
1576 531 1738 572 scribes

296 587 475 643 aliquid,
510 586 542 626 si
568 585 755 626 vacabis.
817 585 948 632 Quod
982 595 1107 641 putas
1140 597 1340 642 oportere
1363 590 1402 619 ‘35
1419 588 1740 644 perviderijam

296 645 430 686 animi
464 644 548 684 mei
584 643 847 694 firmitatem,
881 643 1141 698 graviusque
1173 645 1383 698 quosdam
1417 646 1568 686 scribis
1595 646 1649 687 de
1672 660 1741 686 me

295 702 431 757 loqui,
454 716 583 757 quarn
614 712 689 742 aut
726 710 768 741 te
799 700 1000 752 scribere,
1034 710 1108 742 aut
1142 701 1352 743 Brutum:
1385 702 1434 753 si,
1458 704 1531 758 qui
1555 718 1623 744 me
1656 698 1744 744 ¹fra-

294 769 415 800 ctum
438 773 529 800 esse
552 758 697 799 animo
720 769 764 799 et
785 757 1057 799 debilitatum
1092 768 1263 814 putant,
1291 759 1429 799 sciant
1450 761 1552 815 quid
1576 760 1742 802 littera-

294 831 392 858 rum
425 827 469 857 et
501 816 626 872 cujus
657 816 826 872 generis
860 815 1115 867 conficiam3
1148 816 1291 868 credo,
1326 817 1358 856 si
1393 818 1523 858 modo
1543 818 1740 859 homines

295 875 398 926 sint,
417 873 671 915 existiment
690 888 772 924 me,
793 873 882 914 sive
901 872 962 913 ita
978 872 1143 914 levatus
1162 874 1258 924 sim,
1281 883 1326 914 ut
1343 874 1534 915 animum
1556 890 1741 917 vacuum

294 932 350 973 ad
391 946 455 972 res
484 931 681 973 difficiles
720 930 966 972 scribendas
995 930 1186 982 afferam,
1219 931 1614 987 reprehendendum
1651 947 1740 974 non

294 1004 413 1040 esse;
445 989 535 1030 sive
570 989 683 1030 hanc
717 988 1033 1030 aberrationem
1067 1003 1091 1029 a
1123 988 1270 1030 dolore
1306 989 1554 1046 delegerim,
1587 991 1739 1046 36quae

293 1047 487 1088 maxime
508 1046 822 1097 liberalissima,
844 1046 1060 1101 doctoque
1083 1045 1259 1088 homine
1281 1046 1551 1102 dignissima,
1574 1047 1738 1089 laudari

294 1119 364 1146 me
386 1106 518 1146 etiam
540 1113 754 1161 oportere.
778 1104 866 1154 sed,
887 1118 984 1145 cum
1011 1118 1092 1160 ego
1118 1103 1274 1145 faciam
1297 1105 1458 1156 omnia,
1481 1119 1577 1159 quae
1599 1104 1740 1146 facere

295 1163 458 1219 possim
483 1163 537 1203 ad
563 1177 631 1203 me
652 1161 972 1216 adjuvandum5
1005 1171 1051 1202 tu
1073 1161 1196 1203 effice
1219 1162 1277 1212 id,
1299 1162 1414 1216 quod
1443 1162 1564 1203 video
1588 1172 1629 1203 te
1652 1177 1739 1204 non

294 1220 453 1272 minus,
474 1235 604 1275 quam
628 1235 696 1260 me
717 1219 926 1260 laborare.
977 1218 1079 1260 Hoc
1102 1220 1205 1260 mihi
1230 1219 1387 1260 debere
1411 1220 1571 1270 videor,
1601 1234 1741 1275 neque

291 1277 425 1319 levari
456 1292 594 1334 posse,
618 1277 701 1318 nisi
736 1276 917 1327 solvero,
952 1285 1026 1317 aut
1059 1277 1222 1328 videro,
1246 1291 1314 1317 me
1345 1291 1470 1333 posse
1495 1277 1672 1328 solvere,
1694 1277 1740 1319 id

293 1346 373 1387 est,
409 1336 568 1387 locum,
602 1334 770 1391 qualem
806 1334 919 1384 volo,
953 1335 1172 1375 invenero.
1226 1334 1420 1375 Heredes
1455 1335 1670 1390 Scapulae,
1703 1335 1739 1376 si

292 1393 399 1434 istos
423 1392 587 1444 hortos,
610 1402 659 1434 ut
690 1391 841 1433 scribis
866 1392 945 1432 tibi
970 1391 1190 1433 Othonem
1214 1392 1391 1443 dixisse,
1417 1393 1609 1448 partibus
1632 1398 1747 1448 qua-'

294 1460 393 1491 tuor
425 1449 566 1502 factis,
588 1453 625 1484 37
642 1449 760 1491 liceri
793 1450 1016 1505 cogitant:
1049 1449 1157 1490 nihil
1179 1459 1244 1490 est
1273 1450 1437 1490 scilicet
1460 1451 1614 1491 emtori
1637 1450 1738 1492 loci.

273 1509 361 1549 ‚sin
394 1508 629 1550 venibunt:
661 1507 766 1562 quid
798 1507 888 1548 fieri
922 1507 1073 1562 possit,
1096 1507 1353 1548 videbimus.
1386 1522 1484 1548 nam
1519 1507 1587 1549 ille
1618 1507 1738 1549 locus

291 1566 588 1616 Publicianus,
611 1567 684 1621 qui
705 1574 769 1606 est
790 1563 997 1605 Trebonii
1019 1573 1062 1605 et
1082 1564 1266 1616 Cusinii,
1289 1575 1379 1605 erat
1401 1565 1452 1605 ad
1479 1580 1546 1606 me
1568 1565 1736 1607 allatus.

290 1624 364 1665 sed
389 1623 469 1664 scis
503 1637 644 1664 aream
668 1637 774 1663 esse.
796 1622 913 1663 nullo
945 1631 1073 1677 pacto
1105 1623 1256 1678 probo.
1315 1621 1482 1662 Clodiae
1519 1637 1620 1663 sane
1647 1623 1738 1678 pla-

290 1691 416 1733 cent3
440 1681 512 1722 sed
537 1695 623 1721 non
647 1689 752 1736 puto
774 1694 865 1720 esse
884 1678 1067 1720 venales.
1120 1679 1188 1720 De
1213 1679 1342 1720 Drusi
1364 1678 1516 1730 hortis,
1539 1680 1737 1734 quamvis

289 1740 345 1780 ab
369 1738 420 1779 iis
443 1738 689 1789 abhorreas,
713 1746 761 1777 ut
783 1737 950 1788 scribis,
974 1747 1118 1777 tamen
1139 1751 1190 1777 eo
1214 1736 1482 1791 confugiam,
1515 1738 1596 1778 nisi
1631 1737 1737 1792 quid

289 1796 520 1838 inveneris.
544 1795 778 1836 aedificatio
802 1809 870 1835 me
890 1809 978 1835 non
1006 1803 1167 1835 movet.
1189 1794 1297 1834 nihil
1318 1794 1432 1834 enim
1456 1794 1570 1835 aliud
1596 1794 1737 1835 aedifi-

288 1855 414 1903 cabo,
437 1854 517 1894 nisi
543 1853 601 1903 id,
623 1853 739 1908 quod
759 1852 905 1903 etiam,
929 1852 962 1892 si
986 1851 1080 1892 illos
1103 1866 1185 1892 non
1209 1851 1399 1892 habuero
1417 1859 1510 1906 ”33⁰⁵
1529 1854 1560 1900 ὃ,
1580 1872 1605 1900 ε,
1627 1851 1735 1892 mihi

289 1913 351 1953 sic
368 1911 545 1968 placuit,
565 1921 612 1952 ut
626 1919 768 1952 cetera
784 1909 1073 1962 Antisthenis,
1093 1909 1281 1951 hominis
1299 1909 1414 1950 acuti
1433 1910 1586 1965 magis,
1604 1923 1736 1965 quam

289 1970 461 2012 eruditi.

725 2026 962 2069 CICERO
993 2025 1222 2068 ATTICO
1255 2027 1300 2068 S.

285 2089 728 2145 TABELLARIUS
761 2101 814 2143 ad
846 2116 915 2142 me
947 2116 1047 2143 cum
1086 2102 1177 2143 sine
1212 2101 1368 2143 litteris
1407 2100 1492 2142 tuis
1530 2099 1734 2150 venisset,

287 2161 534 2202 existimavi
571 2160 651 2201 tibi
694 2174 790 2200 eam
829 2174 1002 2200 causam
1046 2174 1132 2200 non
1175 2158 1391 2200 scribendi
1436 2157 1582 2208 fuisse,
1615 2157 1734 2212 quod

285 2219 426 2276 pridie
463 2218 704 2274 scripsisses
738 2231 788 2259 ea
823 2216 932 2272 ipsa,
964 2217 1019 2258 ad
1054 2232 1151 2272 quae
1187 2216 1387 2273 rescripsi
1417 2215 1502 2256 hac
1534 2214 1732 2271 epistola.

286 2285 585 2332 exspectaram
609 2284 754 2316 tamen
781 2273 945 2329 aliquid
976 2275 1029 2315 de
1060 2275 1212 2316 litteris
1235 2274 1377 2315 Asinii
1411 2272 1635 2314 Pollionis.
1658 2271 1734 2312 sed

285 2334 468 2376 nimium
493 2348 548 2374 ex
572 2347 669 2374 meo
701 2333 792 2374 otio
819 2341 940 2374 tuum
962 2341 1126 2388 specto.
1148 2346 1413 2389 quamquam
1436 2330 1516 2371 tibi
1539 2329 1730 2379 remitto,

283 2393 367 2433 nisi
390 2391 495 2445 quid
517 2404 690 2432 neeesse
712 2390 808 2440 erit,
830 2404 1004 2431 necesse
1035 2404 1088 2430 ne
1118 2390 1277 2431 habeas
1309 2389 1510 2438 scribere,
1534 2386 1615 2427 nisi
1646 2385 1730 2426 eris

284 2450 408 2492 valde
430 2449 610 2490 otiosus.
653 2447 720 2489 De
743 2447 973 2489 tabellariis
995 2446 1181 2489 facerem
1204 2447 1319 2504 quod
1343 2446 1508 2496 suades,
1531 2444 1565 2484 si
1587 2452 1733 2485 essent

324 2583 364 2612 33
389 2581 428 2610 cle
452 2580 581 2619 impuro
605 2583 712 2610 nostro
733 2577 884 2618 cognato]
911 2578 987 2609 Fra·
1030 2577 1121 2608 libris
1135 2582 1218 2609 vett.
1233 2587 1293 2619 pro
1310 2576 1444 2615 vulgato
1455 2574 1623 2615 providam-2
1638 2583 1733 2615 repo-

280 2624 341 2655 tris
354 2623 472 2664 Quinti
488 2621 571 2652 filio.
1029 2621 1142 2652 suisse.
1187 2622 1319 2659 Sicjam
1334 2624 1407 2649 erat
1421 2618 1455 2647 in
1469 2616 1520 2647 ed.
1537 2617 1635 2647 Rom.

324 2669 367 2697 34
393 2673 594 2705 quamquam
621 2664 703 2693 mihi
730 2661 874 2703 quidem]
914 2662 986 2692 Du·
1072 2664 1113 2694 36
1126 2672 1196 2703 qua*
1210 2663 1355 2692 maxime
1367 2659 1612 2698 liberalissima]
1634 2656 1734 2688 Lam-

281 2709 362 2740 dum
387 2707 550 2738 cavendus
567 2706 652 2735 visus
677 2711 727 2735 cst
749 2705 791 2735 ob
809 2705 985 2736 malitiam.
1031 2705 1127 2735 binus
1143 2704 1287 2734 malebat
1302 2703 1447 2734 mazime
1461 2702 1651 2739 delegerim,
1662 2710 1734 2739 quoe

281 2752 398 2783 Dousa
419 2748 560 2790 Explan.
597 2747 707 2778 Plaut.
734 2758 767 2787 p.
786 2750 861 2780 407.
878 2748 989 2787 explet
1031 2748 1271 2782 liberalissima,
1284 2746 1499 2786 placebatque
1509 2743 1649 2774 Graevio.
1671 2742 1735 2774 Sed

278 2804 299 2824 6
314 2793 445 2828 Plauto,
459 2795 537 2821 oetas
551 2794 597 2821 est
609 2790 812 2831 actufi’rme,
823 2794 882 2818 tua
896 2790 986 2820 istud
1026 2800 1058 2820 v.
1076 2790 1168 2821 Clav.
1185 2789 1217 2819 in
1237 2789 1390 2819 maoeime.

278 2834 386 2874 ‘reffert
411 2835 570 2871 naarime,
596 2837 636 2863 ut
659 2832 760 2863 habet
784 2832 852 2871 ipse
868 2831 984 2862 Cicero
1069 2835 1108 2865 37
1148 2832 1237 2862 liceri
1274 2829 1434 2870 cogitant]
1461 2827 1512 2859 Ad
1550 2825 1730 2869 aequandas

280 2878 323 2908 ad
338 2879 434 2908 Brut.
452 2887 504 2917 ep.
524 2879 572 2906 11.
1026 2880 1136 2916 partes
1152 2873 1357 2911 hereditatis,
1373 2883 1402 2903 v.
1419 2881 1528 2913 supra.

323 2922 365 2951 35
383 2918 564 2960 pervideri]
588 2918 705 2951 Bosius
726 2917 790 2949 hoc
813 2926 847 2948 se
873 2915 951 2948 dicit
966 2927 984 2948 e
