1940 3231
748 115 960 156 LIBER
998 112 1105 154 XVI.
1571 107 1646 147 865

202 224 299 276 mg&
327 227 424 273 λέξιν,
463 222 683 279 ceteroqui
713 231 758 264 et
796 222 898 263 satis
940 221 1143 278 graviter,
1176 226 1219 260 et
1255 231 1343 258 non
1374 209 1644 257 contumaci-

204 286 283 319 ter.
307 288 475 321 tantum
508 280 606 321 addi
641 279 815 336 placuit,
837 281 952 334 quod
988 287 1079 319 erat
1113 290 1246 318 coss.
1270 274 1424 324 solum,
1445 283 1492 314 ut
1514 279 1640 320 esset,

205 347 389 378 PRAETT.
423 351 592 379 TRIBB.
628 351 770 379 PLEB.
809 350 1056 387 SENATU13
1091 349 1145 375 ne
1177 332 1238 374 illi
1277 346 1364 372 non
1401 332 1685 387 proferrentb.

201 405 288 443 eas,
310 408 407 449 quae
430 396 483 436 ad
505 395 621 450 ipsos
652 394 796 436 missae
829 404 985 435 essent.
1048 394 1230 434 Sextum
1263 398 1406 431 autem
1439 385 1644 427 nuntiant.

201 463 302 491 cum
339 466 425 492 una
466 452 601 492 solum
640 451 812 508 legione
855 451 985 492 fuisse
1029 447 1325 504 Karthagine:
1357 444 1548 499 4leique,
1590 455 1642 482 eo

201 506 297 561 ipso
320 507 404 559 die,
425 511 563 564 42quo
592 510 802 565 oppidum
837 509 1019 550 Boream
1051 509 1252 563 cepisset,
1274 503 1520 545 nuntiatum
1551 513 1643 540 esse

198 563 252 604 de
291 564 492 607 Caesare:
525 576 654 622 capto
693 567 870 623 oppido,
912 567 1065 607 miram
1105 563 1299 606 laetitiam
1335 557 1644 602 commutatio-

199 634 384 677 nemque
424 624 683 675 animorum,
713 637 1056 678 concursumque
1086 622 1300 676 undiquc:
1333 618 1405 659 sed
1437 616 1558 662 illum
1586 612 1644 654 ad

199 692 275 719 sex
317 678 524 735 legiones,
560 697 665 736 quas
707 682 748 723 in
786 681 986 722 ulteriore
1019 679 1275 734 reliquisset,
1309 675 1548 717 revertisse.
1586 670 1643 712 ad

200 735 341 790 ipsum
376 747 522 779 autem
557 739 770 780 Libonem
796 739 981 795 scripsit,
1014 737 1173 778 43nihil
1196 749 1301 785 esse,
1326 734 1404 773 nisi
1428 732 1480 773 ad
1509 731 1644 772 larem

198 806 323 834 suum
345 794 507 837 liceret.
530 811 698 838 summa
719 797 1050 853 postulatorum,
1074 805 1121 835 ut
1149 807 1297 834 omnes
1329 790 1544 832 exercitus
1576 787 1642 827 di-

198 851 442 904 mittantur,
465 855 539 909 qui
563 854 722 910 ubique
745 855 844 895 sint.
907 852 1020 894 Haec
1043 852 1130 893 fere
1153 852 1205 892 de
1238 849 1389 890 Sexto.
1451 847 1519 888 De
1552 844 1642 885 Bu-

197 907 371 950 throtiis
405 911 595 966 undique
629 926 840 967 quaerens,
863 911 972 952 nihil
1007 910 1287 966 reperiebam.
1319 905 1406 955 alii,
1441 902 1639 946 concisos

196 966 445 1023 agripetas:
478 969 565 1020 alii,
593 969 814 1020 Plancum,
838 968 1028 1024 acceptis
1059 967 1216 1016 numis,
1250 963 1407 1005 relictis
1439 961 1535 1011 illis,
1565 974 1640 999 au-

198 1022 376 1080 fugisse.
399 1026 545 1082 itaque
567 1042 652 1068 non
678 1027 802 1068 video
826 1027 1033 1067 sciturum
1056 1039 1139 1075 me,
1155 1023 1257 1078 quid
1279 1021 1372 1077 ejus
1396 1021 1465 1071 sit,
1487 1019 1530 1060 ni
1555 1027 1641 1059 sta-

197 1080 274 1122 tim
299 1083 461 1138 aliquid
483 1085 737 1125 litterarum.
800 1083 887 1125 Iter
913 1083 1017 1124 illud
1050 1080 1345 1129 Brundisium,
1369 1078 1421 1118 de
1443 1092 1529 1133 quo
1560 1076 1641 1116 du-

195 1138 405 1192 bitabam,
428 1142 644 1183 sublatum
668 1143 851 1183 videtur.
874 1141 1065 1197 legiones
1088 1140 1202 1180 enim
1226 1138 1457 1178 adventare
1487 1134 1641 1175 <licun-

195 1205 279 1238 tur.
301 1198 448 1240 44haec
469 1210 613 1241 autem
643 1199 864 1256 navigatio
889 1199 1018 1240 habet
1040 1196 1245 1253 quasdam
1271 1194 1537 1250 suspiciones
1567 1205 1641 1247 pe-

193 1253 333 1296 riculi.
369 1256 514 1312 itaque
547 1258 866 1299 constituebam
906 1258 968 1298 uti
1002 1258 1182 1309 δμοπλοίᾳ.
1213 1253 1472 1309 paratiorem
1502 1248 1641 1291 offen-

192 1311 234 1352 di
270 1312 470 1365 Brutum,
502 1330 631 1370 quam
655 1316 899 1356 audiebam.
933 1328 1033 1355 nam
1065 1322 1109 1353 et
1138 1313 1230 1367 ipse
1265 1310 1488 1351 Domitius
1527 1307 1641 1348 bona

193 1369 321 1424 plane
352 1371 485 1413 habet
515 1373 708 1415 dicrota:
742 1382 927 1428 suntque
963 1370 1138 1426 navigia
1173 1378 1383 1425 praeterea
1420 1365 1639 1408 luculenta

192 1426 350 1480 Sextii,
372 1429 601 1481 Buciliani,
617 1441 874 1472 ceterorum.
898 1444 996 1471 nam
1021 1426 1159 1469 Cassii
1184 1426 1488 1480 classem,quae
1513 1423 1640 1479 plane

179 1483 303 1526 bella
324 1495 403 1536 est,
427 1502 511 1528 non
536 1502 713 1530 numero
738 1488 848 1528 ultra
881 1487 1056 1528 fretum.
1086 1484 1190 1526 illud
1219 1493 1285 1525 est
1318 1483 1426 1524 mihi
1464 1483 1640 1522 submo-

186 1541 360 1594 lestum‚
399 1545 514 1600 quod
553 1561 705 1601 parum
749 1545 911 1586 Brutus
954 1556 1183 1601 properare
1225 1541 1408 1582 videtur.
1447 1540 1637 1596 primum

186 1599 485 1642 confectorum
509 1602 704 1644 ludorum
738 1603 913 1644 nuntios
942 1609 1192 1657 exspectat:
1224 1598 1394 1649 deinde,
1415 1606 1628 1653 quantum

175 1656 400 1716 ,intelligm
424 1661 544 1701 tarde
564 1671 628 1701 est
651 1661 946 1716 navigaturus,
966 1660 1206 1701 consistens
1229 1656 1272 1697 in
1297 1656 1401 1697 locis
1422 1655 1631 1711 pluribus⁶

190 1723 336 1758 tamen
359 1717 546 1759 arbitror
565 1733 657 1760 esse
683 1719 955 1760 commodius
987 1717 1106 1758 tarde
1137 1715 1357 1770 navigare,
1383 1728 1510 1768 quam
1544 1726 1637 1752 om-

189 1777 292 1819 nino
315 1791 402 1818 non
431 1776 659 1831 navigare:
691 1786 736 1817 et
766 1776 817 1827 si,
838 1790 936 1817 curn
970 1772 1319 1831 processerimus,
1342 1770 1636 1828 exploratiora

190 1835 475 1886 videbuntur,
490 1833 647 1875 Etesiis
670 1842 855 1875 utemur.

625 1922 861 1966 CICERO
891 1920 1121 1963 ATTICO
1154 1922 1200 1963 S.
1648 1909 1673 1948 5

185 1983 354 2037 TUAS
380 1991 475 2049 jam
507 1991 670 2034 litteras
705 1992 867 2033 Brutus
899 1991 1213 2046 exspectabat:
1245 1986 1316 2030 cui
1346 1987 1520 2043 quidem
1551 2000 1634 2043 ego

187 2055 328 2093 45non
362 2065 523 2092 novum
555 2051 783 2091 attuleram
818 2049 871 2090 de
903 2048 1040 2089 Tereo
1069 2047 1198 2088 Attii.
1234 2046 1304 2087 ille
1337 2045 1521 2086 Brutum
1558 2059 1635 2100 pu-
1718 2091 1731 2098 ν

188 2110 325 2151 tabat.
359 2108 432 2150 sed
466 2118 610 2149 tamen
643 2107 826 2149 rumoris
861 2107 1007 2148 nescio
1036 2105 1141 2161 quid
1174 2104 1409 2154 afflaverat,
1431 2091 1768 2165 commis-{2⁰⁴-

187 2168 308 2210 sione
331 2166 604 2217 Graecornm,
626 2164 912 2221 frequentiam
938 2179 1022 2205 non
1047 2163 1203 2204 fuisse:
1228 2161 1343 2217 quod
1367 2161 1542 2216 quidem
1565 2175 1634 2202 me
1668 2158 1676 2165 ’

186 2225 366 2267 minime
397 2223 564 2265 fefellit.
591 2223 674 2264 scis
696 2223 827 2272 euim,
849 2222 953 2277 quid
975 2235 1058 2277 ego
1080 2221 1133 2261 (le
1157 2219 1326 2261 Graecis
1348 2218 1459 2259 ludis
1482 2217 1634 2259 existi-

184 2297 316 2325 mem.
376 2278 508 2324 Nunc
539 2281 653 2333 audi,
686 2280 802 2337 quod
835 2280 967 2336 pluris
998 2288 1077 2330 est,
1106 2292 1236 2334 quam
1269 2276 1429 2318 omnia.
1493 2276 1634 2322 Quin-

228 2434 267 2463 41
292 2431 383 2471 eique
399 2441 433 2461 eo
447 2431 513 2471 ipso
526 2429 592 2469 die]
619 2430 705 2461 Puto
727 2438 761 2461 eo
776 2428 887 2461 delen·
931 2410 1103 2468 reciperet.
1427 2441 1438 2449 -

186 2474 278 2506 dum.
294 2474 424 2504 variant
438 2473 472 2504 in
488 2473 550 2503 hoc
566 2473 639 2503 loeo
654 2473 742 2504 libri.
973 2473 1015 2501 44
1037 2472 1103 2500 lcoec
1125 2479 1157 2499 α.
1178 2466 1362 2506 navigatio]
1389 2466 1417 2497 E
1441 2470 1538 2506 portu
1566 2467 1631 2496 Pu-

227 2519 270 2547 42
291 2526 352 2556 quo
382 2516 535 2556 oppidum
568 2515 712 2546 Boream
741 2513 886 2554 cepisset]

185 2556 386 2598 intelligunt
407 2558 506 2598 vulgo
529 2558 670 2588 Boream
686 2557 805 2588 Africae
826 2567 884 2596 op-

186 2601 319 2642 pidum:
343 2600 400 2632 sed
413 2601 493 2640 quid
510 2600 542 2630 id
557 2600 764 2637 adrSextum,
781 2599 838 2638 qui
852 2601 886 2629 in

187 2643 350 2683 Hispania
369 2646 466 2673 erat?
497 2644 607 2682 itaque
629 2650 688 2674 aut
711 2643 745 2672 in
767 2641 888 2672 vicinia

186 2685 398 2724 Carthaginis
425 2685 615 2726 Hispanicae
642 2685 708 2716 fuit
728 2684 887 2725 oppidum

185 2728 248 2760 hoc
264 2728 410 2763 nomine,
424 2734 483 2758 aut
495 2728 614 2758 vitiosa
626 2734 676 2759 est
690 2728 801 2758 lectio.

227 2773 269 2801 43
292 2771 376 2800 nihil
389 2780 464 2806 esse,
481 2771 542 2800 nisi
557 2770 603 2800 ad
612 2772 721 2801 iurem
735 2779 834 2800 suum
847 2770 887 2799 u-

185 2812 286 2852 ceret]
306 2812 347 2842 Se
361 2812 402 2843 ab
417 2812 516 2843 armis
534 2822 602 2842 non
625 2822 828 2844 recessurum
850 2816 885 2841 et

187 2865 301 2898 pacem
330 2854 509 2892 facturum,
535 2855 598 2885 nisi
623 2856 759 2886 domum
782 2855 885 2895 patris

185 2899 235 2929 sui
258 2897 462 2938 publicatam
479 2902 514 2928 et
536 2896 702 2930 venditam
724 2897 886 2933 Antonio,

254 2953 364 2982 vor.
390 2954 468 2983 111.
494 2946 616 2984 P.11L

931 2513 1079 2548 teolano,
1095 2521 1120 2542 S.
1138 2510 1282 2541 Puteolis
1306 2510 1339 2539 in
1363 2510 1523 2540 Graeciam
1541 2521 1547 2539 :
1571 2511 1631 2540 Iza-

930 2556 980 2586 bet
999 2554 1193 2595 suspiciones
1207 2553 1363 2592 periculi,
1388 2563 1407 2582 a
1429 2552 1556 2591 piratiS‚
1575 2552 1630 2590 qui

929 2599 963 2628 in
987 2598 1046 2627 ilio
1071 2598 1153 2627 mari
1175 2594 1286 2635 vagari
1308 2595 1484 2625 dicuntur:
1509 2593 1548 2625 de
1567 2604 1632 2633 quo

929 2650 1039 2680 snpra.

970 2685 1012 2713 45
1033 2691 1098 2712 mm
1111 2679 1246 2720 notum]
1273 2677 1438 2714 Corradus
1453 2683 1488 2708 et
1510 2678 1632 2713 Manu-

929 2725 996 2755 tius
1020 2735 1082 2754 mm
1105 2722 1282 2754 delendum
1304 2726 1437 2761 putant,
1454 2725 1541 2750 recte
1555 2730 1631 2760 pro-

930 2767 1030 2798 bante
1059 2764 1396 2799 Graevio-Bracum,
1420 2763 1566 2793 fabulam
1594 2774 1629 2793 e-

929 2810 1056 2850 jusdem
1072 2809 1168 2840 Attii.
1213 2808 1389 2847 lgnorarat
1410 2805 1552 2836 Tereum
1566 2806 1630 2836 At-

928 2853 966 2882 tii
983 2853 1095 2891 fuisse,
1111 2852 1146 2884 in
1161 2860 1225 2891 qua
1240 2855 1354 2882 tantus
1369 2846 1501 2889 plausus
1521 2847 1629 2879 factus

929 2900 1025 2926 esset.

864 2944 948 2982 ’διε
