1940 3231
732 118 940 160 LIBER
977 118 1092 158 XIII.
1542 124 1622 162 809

180 227 475 271 liberalissime
496 226 779 284 respondisse.
840 221 906 265 Eo
930 223 1063 279 igitur
1097 230 1282 263 utamur.
1312 235 1413 264 nam
1436 217 1475 256 ¹6
1488 225 1618 267 Silius

180 287 359 329 culcitas
383 301 469 327 non
491 285 637 326 habet.
697 282 815 324 Dida
835 290 995 332 autem,
1018 279 1188 337 opinor,
1210 279 1457 337 hospitibus
1480 291 1618 325 totam

179 344 323 386 villam
346 343 572 386 concessit.

609 395 844 438 CICERO
874 393 1104 438 ATTICO
1136 394 1181 436 S.

177 459 278 512 AD
303 468 518 511 Caesarem
541 480 669 521 quam
703 465 803 507 misi
825 464 1067 521 epistolam,
1090 463 1182 519 ejus
1215 462 1462 520 exemplum
1500 462 1616 521 fugit

177 541 247 568 me
270 536 360 568 tum
385 525 463 571 tibi
486 523 685 575 mittere3
725 538 802 565 nec
825 523 866 564 id
891 522 989 572 fuit,
1008 523 1123 577 quod
1149 522 1392 578 suspicaris,
1417 524 1453 555 Π
1472 531 1517 563 ut
1547 537 1616 564 me

177 585 358 643 puderet
380 582 458 631 tui,
490 595 543 622 ne
568 581 745 623 ridicule
774 579 1041 622 hemicillus:
1082 593 1160 620 nec
1191 579 1433 620 mehercule
1463 580 1616 636 scripsi

179 642 316 692 aliter,
353 654 402 682 ac
445 638 478 679 si
517 644 595 693 πςὸς
622 640 688 678 ἴσον
716 642 906 693 &manuque
937 638 1182 678 scriberem.
1241 639 1350 678 bene
1383 636 1498 678 euim
1539 653 1617 680 ex-

177 700 322 742 istimo
348 700 384 729 18
397 697 450 738 de
468 695 550 737 illis
574 695 706 747 libris,
730 703 778 735 ut
810 696 891 736 tibi
925 709 1085 736 coram.
1118 695 1262 750 itaque
1284 695 1451 751 scripsi,
1471 705 1515 737 et
1535 703 1615 737 ἀκο-

176 755 358 801 λακεύτως,
376 763 420 796 et
452 762 594 795 tamen
627 752 702 804 sic,
726 762 772 794 ut
803 752 911 794 nihil
931 767 1030 794 eum
1052 752 1298 794 existimem
1331 752 1542 794 lecturum
1565 753 1616 794 li·-

174 809 362 854 beatius.
415 811 483 853 De
505 810 654 852 Attica
676 811 986 860 nuncdemum
1010 810 1115 851 mihi
1134 820 1198 851 est
1219 810 1512 866 exploratum.
1535 811 1618 853 ita-

177 881 261 922 que
282 868 319 908 ei
343 870 397 912 de
418 869 588 925 integro
611 868 841 925 gratulare.
901 867 1132 924 Tigellium
1158 878 1298 910 totum
1317 868 1441 918 mihi,
1457 877 1501 910 et
1521 869 1617 925 qui-

177 924 276 966 dem
320 927 666 984 quamprimum:
716 941 815 967 nam
861 927 1025 983 pendeo
1074 927 1222 967 animi.
1269 929 1322 969 *19
1337 925 1477 968 Narro
1519 927 1616 979 tibi,

179 981 371 1029 Quintus
404 1000 510 1026 cras.
543 984 615 1026 sed
654 984 706 1025 ad
730 998 812 1035 me,
844 999 897 1025 au
919 985 972 1025 ad
1007 993 1064 1034 te,
1101 984 1260 1025 nescio.
1302 984 1410 1025 mihi
1444 985 1618 1041 scripsit

179 1038 368 1084 Romam
402 1057 496 1085 v111
524 1041 620 1083 Kal.
653 1042 722 1083 sed
749 1042 859 1093 misi,
883 1043 954 1097 qui
990 1041 1219 1083 invitaret:
1252 1041 1332 1082 etsi
1365 1042 1613 1099 herclejam

180 1095 369 1142 Romam
394 1100 649 1142 veniendum
672 1108 750 1151 est,
772 1102 813 1130 2⁰
827 1114 878 1140 ne
901 1099 971 1140 ille
994 1108 1092 1140 ante
1115 1099 1301 1141 advolet.

611 1182 846 1225 CICERO
877 1182 1107 1226 ATTICO
1141 1185 1184 1226 S.

178 1239 293 1292 210
328 1256 652 1300 HOSPITEM
696 1258 802 1299 mihi
845 1268 932 1300 tam
976 1259 1180 1314 gravem!
1232 1263 1493 1312 ἀμεταμέλητον.
1536 1257 1622 1299 fuit

178 1317 294 1358 enim
317 1316 596 1374 perjucunde.
629 1315 702 1357 sed
733 1330 830 1357 curn
865 1316 1062 1357 secundis
1095 1316 1394 1358 Saturnalibus
1426 1316 1478 1357 ad
1516 1315 1621 1356 Phi-

179 1375 345 1431 lippum
391 1375 555 1430 vesperi
588 1374 788 1424 venisset,
831 1374 930 1415 villa
961 1375 1022 1415 ita
1062 1374 1279 1431 completa
1311 1374 1520 1415 militibus
1541 1383 1621 1425 est,

180 1441 231 1473 ut
266 1433 339 1473 vix
381 1432 630 1482 triclinium,
666 1432 742 1471 ubi
784 1441 1035 1472 coenaturus
1078 1432 1169 1488 ipse
1209 1432 1356 1473 Caesar
1388 1440 1513 1482 esset,
1550 1446 1623 1472 va-

182 1498 324 1531 caret:
373 1492 535 1546 quippe
570 1488 794 1529 hominum
838 1502 915 1530 elo
956 1502 1051 1531 clo.
1095 1503 1196 1530 sane
1236 1504 1329 1530 sum
1363 1500 1622 1540 commotus,

181 1547 285 1603 quid
320 1547 512 1588 futurum
553 1555 664 1587 esset
697 1547 929 1601 postridie:
978 1550 1082 1588 2230
1124 1547 1233 1587 mihi
1269 1547 1413 1588 Barba
1446 1547 1621 1588 Cassius

178 1605 403 1647 subvenit:
456 1604 657 1646 custodes
698 1603 833 1645 dedit.
878 1612 1017 1645 castra
1048 1604 1091 1644 in
1125 1619 1255 1661 agro:
1303 1604 1403 1645 villa
1440 1604 1618 1646 defensa.

178 1672 258 1704 est.
290 1662 359 1703 ille
383 1662 518 1703 tertiis
544 1661 841 1702 Saturnalibus
864 1662 978 1718 apud
1003 1661 1260 1718 Philippum
1277 1662 1328 1703 ad
1356 1663 1502 1703 horam
1528 1661 1754 1702 vum-222·

177 1735 258 1762 nec
293 1734 554 1776 quemquam
584 1718 772 1760 admisit.
804 1719 991 1761 rationes
1013 1720 1169 1776 opinor
1191 1735 1289 1762 cum
1323 1720 1478 1761 Balbo.
1519 1715 1661 1760 iudea·

179 1778 417 1820 ambulavit
441 1780 482 1819 iu
504 1777 641 1818 litore.
683 1776 787 1818 Post
811 1777 961 1818 horam
987 1791 1080 1820 vul
1107 1779 1150 1818 in
1173 1778 1399 1820 balneum:
1434 1787 1525 1818 tum
1547 1791 1622 1818 au-

178 1836 289 1878 divit
309 1835 362 1876 de
396 1835 644 1877 Mamurra:
678 1834 843 1876 vultum
868 1850 953 1876 non
987 1836 1199 1877 mutavit:
1234 1847 1389 1876 unctus
1419 1845 1512 1886 est3
1553 1849 1624 1876 ac-

181 1893 359 1946 cubuit3
390 1896 532 1945 ἐμετικὴν
566 1892 737 1948 agebat.
771 1894 917 1949 itaque
949 1903 993 1933 et
1025 1893 1115 1934 edit
1152 1902 1195 1933 et
1219 1893 1330 1934 bibit
1352 1895 1448 1938 ἀδεῶς
1481 1903 1525 1934 et
1551 1893 1625 1948 ju-

179 1950 344 2001 cunde3
376 1951 552 2006 opipare
576 1964 690 2001 sane,-
712 1960 755 1991 et
777 1959 1003 2008 apparate:
1038 1965 1116 1992 nec
1140 1951 1182 1992 id
1206 1950 1359 2002 solum,
1379 1952 1418 1980 ²3
1431 1949 1510 2002 sed,
1531 1950 1628 1991 bene

179 2015 306 2059 cocto,
328 2014 366 2048 ec

1627 408 1680 445 51

1633 1180 1689 1217 52

228 2099 265 2129 16
289 2096 406 2137 Silius]
433 2097 612 2135 Corrigunt
627 2096 818 2135 Sallustius,
832 2098 883 2127 vel

926 2098 1106 2135 semiliber,
1120 2097 1173 2138 qni
1191 2098 1224 2128 in
1240 2098 1341 2138 priori
1358 2097 1498 2137 epistola
1513 2097 1628 2127 Cicero

183 2144 324 2180 utroque
339 2140 412 2170 loco
431 2140 494 2180 legi
512 2140 614 2170 Silius
630 2139 757 2170 volunt.
775 2146 884 2180 potest

928 2150 993 2170 nou
1007 2141 1120 2178 fuerit,
1136 2151 1212 2171 cum
1228 2142 1271 2171 sit
1288 2142 1322 2172 in
1338 2140 1398 2171 hac
1409 2150 1477 2170 non
1493 2140 1628 2170 ridicule

181 2183 322 2222 intelligi
336 2182 466 2219 tertius,
476 2182 602 2213 scilicet
616 2182 656 2213 ad
666 2193 762 2222 quem
774 2182 812 2213 de
824 2184 882 2213 ho-

182 2226 281 2266 spitio
305 2230 413 2266 posset
429 2225 586 2256 scribere:
611 2224 666 2255 sed
683 2225 714 2255 id
730 2234 762 2254 se
778 2225 883 2256 facere

184 2268 287 2306 nolle,
311 2268 388 2308 quia
411 2269 508 2298 nimis
533 2268 680 2298 tenuiter
705 2267 883 2304 habitaret,

185 2312 280 2351 eique
302 2311 383 2341 adeo
403 2311 561 2341 molestus
577 2320 646 2340 esse
666 2310 783 2341 nollet.
808 2321 884 2341 nam

186 2359 220 2385 et
231 2354 272 2384 de
287 2353 353 2384 alio
366 2353 473 2384 simile
488 2354 565 2392 quid
580 2353 670 2383 dicit.

231 2399 267 2430 17
292 2401 329 2427 ut
357 2406 408 2426 me
428 2397 568 2437 puderet
594 2396 656 2432 tui,
681 2405 722 2425 ne
747 2395 886 2425 rIdieuZe

185 2435 347 2479 Miec'llus]
374 2439 427 2469 Sic
442 2439 514 2470 edd.
530 2449 578 2479 pr.
605 2439 719 2468 vitiose
735 2439 804 2468 sine
828 2437 886 2468 du-

185 2481 251 2512 bio.
293 2481 392 2513 Varie
411 2487 579 2512 tentatum
596 2486 657 2512 est.
702 2480 817 2510 Bosius
833 2480 886 2511 de-

187 2522 236 2553 dit
263 2525 444 2555 hemicillus
465 2535 482 2554 e
506 2525 570 2555 Ms.
594 2524 779 2559 decurtato,
803 2523 888 2562 quod

188 2566 350 2597 Gruterus
379 2574 512 2600 secutus
540 2574 602 2603 est,
632 2566 664 2597 id
691 2572 741 2596 est
763 2565 886 2604 ἡμίονος,

188 2609 374 2640 convicium
401 2610 434 2641 in
461 2610 621 2640 humilem
656 2609 825 2640 hominem
854 2616 888 2640 et

189 2651 354 2691 abjectum
384 2658 635 2683 assentatorem.
686 2651 737 2681 Fr.
761 2652 887 2682 Odinus

191 2694 277 2735 apud
303 2694 471 2725 Olivetum
487 2694 625 2734 μικύλος,
651 2693 802 2735 pusillus,
831 2695 890 2725 hu-

189 2736 289 2774 milis,
313 2737 401 2776 quod
426 2737 520 2769 valde
541 2738 650 2778 placet
673 2736 816 2768 oliveto.
841 2742 892 2768 est

190 2779 334 2809 aliorum
357 2781 556 2818 conjecturis
581 2780 711 2816 melius,
728 2785 763 2810 et
784 2780 891 2811 simile

188 2821 421 2859 Gronov-ianae,
450 2824 592 2854 humilis.
636 2821 831 2853 Tunstallus
857 2833 890 2862 p.

192 2864 261 2895 163.
285 2863 366 2904 legit
380 2869 419 2895 ut
433 2875 483 2894 me
491 2866 632 2905 puderet
658 2866 717 2901 (sc.
734 2865 796 2894 tibi
812 2866 890 2896 mit·-

189 2908 293 2949 tere).
327 2905 391 2940 Fui
411 2916 470 2939 nec
493 2908 630 2940 ridicule
651 2906 812 2948 ἣμίκαλος,
827 2908 848 2940 i.
862 2918 892 2940 e.

929 2183 1021 2213 liber.

975 2228 1009 2256 18
1033 2226 1072 2256 de
1086 2227 1151 2256 illis
1166 2225 1271 2266 libris]
1291 2227 1428 2258 Caesaris
1455 2225 1628 2256 Anticato-

927 2268 1035 2299 nibus.

976 2314 1011 2345 19
1035 2311 1154 2342 Ναννο
1183 2311 1255 2351 tibi]
1295 2311 1347 2342 Sic
1370 2311 1488 2342 Bosius
1515 2309 1629 2340 edidit.

928 2353 988 2384 Ed.
1002 2354 1098 2385 Rom.
1111 2359 1224 2385 tamen
1240 2364 1307 2385 non
1320 2354 1406 2385 male
1419 2353 1534 2390 etiam,
1550 2362 1631 2383 nar-

927 2397 1006 2427 rabo
1028 2397 1096 2427 tibi.
1142 2397 1204 2427 Sed
1227 2396 1309 2427 illud
1337 2396 1452 2427 melius
1471 2401 1506 2425 et
1528 2395 1632 2426 usita-

927 2439 1008 2469 tius,
1025 2450 1056 2469 v.
1083 2439 1174 2470 Clav.
1190 2439 1241 2470 ed.
1268 2440 1360 2470 JenS.
1388 2444 1422 2470 et
1446 2438 1520 2470 aliae
1543 2438 1630 2469 male

929 2482 1083 2513 narrabit
1095 2487 1119 2512 t.

974 2526 1015 2555 ‘20
1038 2534 1077 2554 ne
1092 2524 1160 2563 ille]
1189 2525 1300 2555 Caesar
1314 2535 1354 2556 ex
1371 2523 1545 2565 Hispania.

973 2570 1009 2597 21
1036 2568 1080 2599 0.
1098 2569 1130 2597 Ιι.
1149 2568 1231 2597 mihi
1246 2571 1317 2598 tam
1329 2576 1483 2606 gravem,
1502 2565 1575 2606 ἔψη]
1607 2565 1629 2596 ἰ.

931 2619 962 2640 e.
980 2609 1096 2650 hospes
1111 2611 1232 2646 Caesar,
1244 2620 1340 2649 quem
1356 2608 1436 2639 mibi
1453 2610 1632 2639 molestum

931 2652 1000 2682 fore
1027 2653 1199 2692 putabam,
1223 2652 1300 2682 talis
1323 2652 1399 2688 fuit,
1425 2657 1465 2682 ut
1488 2661 1540 2682 me
1564 2660 1633 2681 non

934 2695 1105 2734 poeniteat,
1121 2705 1198 2725 eum
1214 2694 1379 2734 hospitem
1395 2695 1559 2725 habuisse.
1589 2693 1632 2723 si-

935 2737 1012 2768 mile
1028 2738 1132 2768 infra:
1157 2738 1254 2768 habes
1269 2738 1443 2777 hospitium
1458 2737 1519 2768 &c-

975 2782 1016 2812 22
1039 2790 1079 2811 ac
1095 2780 1191 2820 mihi]
1215 2779 1268 2810 An
1285 2784 1321 2810 at
1336 2780 1416 2810 mihi
1428 2780 1445 2808 ?

977 2825 1016 2855 23
1039 2824 1096 2853 sed
1109 2824 1185 2853 bene
1206 2827 1292 2853 cocto
1315 2821 1390 2861 δία]
1420 2821 1479 2851 Est
1501 2831 1518 2851 e
1534 2819 1635 2852 Luci-

935 2865 993 2906 lio,
1011 2866 1092 2897 item
1108 2867 1253 2898 occurrit
1268 2865 1307 2896 de
1322 2864 1395 2896 Fin.
1409 2863 1456 2897 11.
