1940 3231
346 144 424 179 842
775 137 951 178 EPIST.
980 138 1059 177 AD
1087 138 1372 183 ATTICUM,

346 243 600 302 legatoriam
641 243 936 299 provinciam?
986 256 1115 299 atque
1150 243 1265 285 haud
1305 242 1410 295 scio,
1443 258 1497 286 an
1530 243 1680 286 melius
1717 245 1787 297 sit,

347 305 388 337 59
401 317 529 358 quam
554 302 607 343 ad
634 301 836 343 Eurotam
861 301 1020 342 sedere.
1053 301 1124 342 sed
1149 301 1244 342 haee
1267 315 1389 342 casus
1420 302 1695 358 gubernabit.
1726 305 1788 345 ait
1915 277 1922 354 l,

346 370 506 412 autem,
528 360 680 401 eodem
704 369 898 414 tempore
932 358 1150 399 decretum
1176 359 1241 409 iri,
1267 368 1313 399 ut
1335 358 1385 399 iis
1416 368 1459 399 et
1481 360 1654 415 reliquis
1678 374 1790 416 prae-
1919 359 1921 411 j

347 417 471 459 toriis
496 417 732 474 provinciae
755 416 1054 457 decernantur.
1085 415 1169 457 hoc
1192 425 1307 457 certe
1329 415 1495 468 melius,
1516 417 1557 447 60
1569 431 1699 472 quam
1722 416 1793 459 illa.
1919 430 1924 462 ,⁸

345 474 520 516 Persice
552 474 759 530 porticus.
790 472 945 513 61nolo
965 472 1079 513 enim
1105 473 1460 515 Lacedaemonem
1487 474 1790 530 longinquam3
1920 475 1923 478 ’

346 532 589 574 Lanuvium
612 530 875 572 existimavi.
907 529 1034 580 rides,
1059 529 1240 585 inquies,
1263 531 1305 571 in
1329 531 1485 572 talibus
1508 533 1662 574 rebus?
1683 532 1788 587 quid

344 589 530 631 faciam?
562 587 771 644 plorando
804 586 939 628 fessus
972 601 1081 627 sum.
1144 586 1219 628 Dii
1244 588 1528 630 immortales!
1561 604 1692 644 quam
1723 604 1790 631 me

342 647 650 689 conturbatum
676 645 814 686 tenuit
835 643 1031 700 epistolae
1056 653 1142 685 tuae
1164 645 1279 700 prior
1301 646 1486 701 pagina?
1517 647 1620 702 quid
1644 657 1790 689 autem

343 705 424 745 iste
448 704 490 744 in
529 703 659 744 domo
683 712 757 743 tua
779 716 901 743 casus
939 704 1185 743 armorum?
1224 701 1295 742 sed
1326 702 1442 744 hunc
1472 704 1647 759 quidem
1679 704 1791 745 nim-

344 762 449 802 bum
480 761 568 802 cito
605 760 824 801 transiisse
855 759 992 800 laetor.
1032 768 1078 799 tu
1117 759 1218 813 quid
1251 760 1389 815 egeris
1421 769 1496 801 tua
1529 776 1629 803 eum
1661 762 1790 814 tristi,

343 828 437 860 tum
456 818 585 859 etiam
603 817 768 859 difficili
794 816 846 857 ad
870 815 1184 857 consiliandum
1207 817 1248 847 62
1261 816 1492 873 legatione,
1515 818 1792 860 vehementer

342 886 566 932 exspecto,
599 886 664 916 est
684 875 799 915 enim
824 873 1157 930 inexplicabilis.
1189 873 1250 914 ita
1270 875 1633 918 circumsedemur
1651 877 1789 933 copiis

343 934 560 975 omnibus.
622 932 702 973 Me
723 931 898 988 quidem
922 931 1047 972 Bruti
1071 931 1242 983 litterae,
1268 947 1374 987 quas
1396 933 1586 974 ostendis
1609 949 1634 975 a
1657 942 1698 975 te
1730 934 1791 976 le-

341 1001 450 1043 ctaS,
486 991 547 1032 ita
569 991 889 1046 perturbarunt,
915 998 974 1038 ut,
1006 1002 1268 1044 quamquam
1300 999 1399 1030 ante
1432 991 1613 1045 egebam
1645 992 1789 1033 consi-

340 1048 417 1100 lio,
439 1057 586 1089 tamen
609 1047 740 1090 animi
764 1046 911 1088 dolore
931 1046 1012 1086 sim
1032 1046 1206 1087 tardior.
1239 1046 1312 1087 sed
1333 1046 1468 1103 plura,
1491 1062 1589 1089 cum
1613 1048 1695 1090 ista
1714 1064 1790 1090 co-

342 1121 497 1163 gnoro.
527 1105 612 1147 hoc
643 1116 787 1146 autem
814 1114 1022 1160 tempore,
1045 1103 1160 1159 quod
1192 1105 1438 1155 scriberem,
1458 1105 1568 1146 nihil
1588 1115 1693 1157 erat,
1714 1121 1788 1148 eo-

340 1178 427 1220 que
449 1164 606 1214 minus,
638 1163 753 1218 quod
785 1161 1055 1213 dubitabam,
1078 1170 1125 1202 tu
1160 1161 1235 1202 has
1270 1161 1382 1217 ipsas
1423 1162 1587 1204 litteras
1618 1177 1786 1205 essesne

341 1232 612 1279 accepturus.
642 1229 735 1261 erat
755 1220 870 1260 enim
903 1219 1130 1270 incertum,
1153 1219 1376 1260 visurusne
1406 1229 1449 1261 te
1469 1229 1580 1262 esset
1611 1220 1789 1262 tabella-

341 1279 444 1321 rius.
476 1293 559 1336 ego
583 1287 677 1320 tuas
699 1276 862 1319 lit'teras
884 1277 1159 1318 vehementer
1179 1287 1403 1333 exspecto.

277 1370 330 1407 10
770 1365 1006 1408 CICERO
1037 1364 1266 1407 ATTICO
1299 1366 1344 1407 S.

341 1424 391 1478 O
428 1434 619 1478 BRUTI
663 1444 856 1477 amanter
895 1434 1075 1491 scriptas
1113 1435 1301 1478 litteras!
1354 1451 1380 1477 o
1423 1435 1620 1492 iniquum
1660 1445 1783 1480 tuum

339 1503 527 1550 tempuS‚
565 1493 639 1549 qui
681 1493 736 1534 ad
777 1508 875 1534 eum
917 1493 976 1533 ire
1018 1507 1102 1533 non
1147 1493 1308 1549 possis!
1361 1508 1443 1549 ego
1487 1505 1630 1535 autem
1678 1496 1782 1550 quid

338 1553 553 1593 scribam?
595 1552 636 1582 63
651 1560 699 1591 ut
735 1550 944 1592 beneficio
976 1550 1153 1590 istorum
1191 1553 1401 1593 utantur?
1442 1551 1543 1606 quid
1578 1554 1781 1609 turpius?

337 1617 387 1650 ut
418 1609 651 1650 moliantur
681 1608 875 1663 aliquid?
907 1622 987 1649 nec
1019 1607 1194 1658 audent,
1225 1623 1303 1649 nec
1330 1608 1424 1663 jam
1449 1618 1643 1664 possunt.
1684 1624 1781 1666 age,

315 1667 564 1722 .quiescant
598 1667 847 1707 auctoribus
881 1665 1037 1706 nobis?

1088 1664 1183 1720 quis
1225 1665 1265 1695 64
1285 1666 1627 1707 incolumitatem
1670 1682 1781 1723 prae-

338 1727 453 1766 stat?
484 1725 524 1755 65
539 1723 572 1764 si
599 1737 696 1765 vero
728 1722 890 1779 aliquid
920 1723 972 1764 de
1001 1721 1186 1763 Decimo
1218 1723 1418 1778 gravius3
1448 1723 1489 1755 66
1502 1738 1600 1779 quae
1624 1725 1781 1766 nostris

336 1855 433 1886 cebat
447 1855 692 1894 relegatonam.
726 1853 908 1892 Vulgatum
925 1863 1036 1883 verum

335 1902 408 1936 est;
439 1907 515 1928 nam
538 1902 573 1927 et
602 1898 636 1928 in
665 1897 761 1936 epist.
789 1903 946 1934 sequente
975 1895 1038 1926 hoe

337 1950 460 1970 munus
498 1939 621 1978 legatio
659 1938 858 1980 appellatur,
888 1943 928 1968 ut
955 1938 1037 1968 bene

338 1982 486 2013 Graevius
501 1982 594 2013 vidit.

380 2028 421 2060 59
442 2034 543 2065 quam
558 2025 605 2054 acl
618 2023 783 2055 Eurotam
798 2022 919 2062 sedere]
945 2022 1038 2053 Otia-

336 2067 364 2098 ri
378 2071 412 2098 et
428 2066 511 2097 nihil
527 2077 636 2107 agere.
658 2067 700 2097 V.
711 2066 802 2098 Clav.
826 2064 900 2096 Ind.
916 2065 1036 2104 Geogr.

336 2111 371 2140 in
389 2109 548 2140 Eurotas.

377 2152 419 2182 60
441 2161 541 2191 quam
563 2153 624 2182 illa
654 2150 787 2181 Persice
802 2149 964 2189 porticus]
999 2148 1036 2179 [n

334 2192 511 2225 Lanuvina
538 2194 617 2224 villa
652 2193 762 2228 Bruti,
790 2193 844 2222 ubi
875 2191 931 2222 ille
967 2198 1040 2221 erat

334 2241 420 2267 tum.
467 2235 599 2267 Persice
615 2235 704 2266 dicta
717 2240 767 2265 est
783 2234 823 2265 ab
836 2234 893 2265 illa
910 2234 1036 2264 Persice

335 2278 601 2315 Lacedaemonia,
614 2282 740 2309 structa
752 2287 769 2307 e
782 2277 946 2307 manubiis
959 2275 1037 2306 belli

334 2331 411 2351 eum
428 2321 533 2352 Persis
546 2322 642 2361 gesti,
658 2320 697 2350 de
712 2330 776 2359 qua
790 2319 967 2350 Pausanias
983 2317 1038 2349 ad-

334 2363 461 2394 eundus
487 2362 641 2394 Laconic.
659 2373 691 2403 p.
714 2365 788 2394 232.
815 2362 895 2392 item
919 2361 1030 2392 Vitru-

334 2406 405 2436 vius
422 2406 450 2443 1,
465 2410 498 2440 9.

375 2449 413 2479 61
438 2449 511 2478 nolo
539 2448 626 2477 enim
654 2445 1030 2484 Laced-existimavi]

335 2488 417 2521 Haec
431 2490 497 2521 fere
512 2500 529 2520 e
544 2491 737 2529 conjectura
751 2488 904 2519 eduntur.
918 2497 1030 2519 sensus

331 2537 383 2562 est
396 2543 402 2562 z
427 2541 495 2562 non
508 2533 597 2563 enim
611 2532 727 2571 loquor
741 2531 779 2562 de
795 2531 1031 2562 Lacedaeinone

330 2574 390 2605 illa
419 2573 622 2613 longinqua:
656 2573 696 2604 de
724 2572 873 2604 Lanuvio
903 2574 1032 2612 loquor,

332 2617 387 2647 ubi
416 2616 539 2647 Brutus
555 2623 617 2646 est.
641 2616 695 2646 alii
712 2615 819 2647 aliter.
847 2616 879 2646 J.
896 2615 931 2646 F.
948 2615 1031 2645 Gro-

331 2658 448 2689 novius
471 2658 666 2697 corrigebat,
689 2658 848 2698 probante
878 2657 1028 2688 Graevio:

330 2703 403 2732 nolo
425 2703 512 2732 enim
538 2701 804 2734 Lacedaemonem
829 2700 1031 2740 longinquio-

329 2754 400 2774 rem
415 2743 568 2776 Lanuvio
579 2743 776 2781 existimari,
789 2743 903 2774 eodem
920 2751 1029 2774 sensu.

331 2786 388 2818 sed
403 2786 450 2817 nil
466 2786 548 2817 certi
566 2789 628 2817 est.

371 2829 413 2859 62
436 2827 611 2867 legacione]
643 2827 753 2868 Quam
776 2826 908 2858 Atticus
936 2837 1032 2867 expe-

329 2871 442 2907 tierat,
466 2876 506 2901 ut
532 2875 608 2901 tuto
637 2870 747 2901 abesse
774 2874 896 2910 posset.
941 2869 1031 2909 Ergo

329 2917 364 2944 et
387 2913 513 2953 equites
536 2912 637 2945 talem
660 2912 863 2954 legationem
887 2912 1032 2944 nancisei

1105 1858 1250 1884 oterant.

1081 1864 1102 1894 p
1124 1896 1163 1926 63
1187 1900 1223 1925 ut
1240 1895 1387 1936 beneficio
1401 1896 1538 1927 istorum.
1552 1897 1708 1937 utantur]
1727 1898 1781 1928 Sic

1081 1938 1155 1969 edd.
1171 1944 1252 1968 vett.
1265 1939 1286 1969 i.
1299 1949 1329 1969 e.
1343 1939 1467 1969 Brutus
1480 1945 1513 1969 et
1525 1939 1672 1970 Cassius:
1689 1940 1783 1970 Grae-

1080 1982 1151 2010 vius
1166 1984 1296 2017 utatur,
1312 1990 1358 2011 sc.
1374 1980 1509 2017 Brutus,
1526 1986 1564 2012 ut
1579 1981 1653 2012 aliae
1669 1991 1781 2012 recen-

1080 2024 1193 2053 tiores.
1218 2023 1299 2053 illud
1321 2033 1450 2055 verum:
1474 2033 1552 2055 nam
1574 2030 1608 2055 et
1631 2025 1782 2064 sequitur

1081 2067 1275 2102 moliantur,
1288 2066 1453 2105 quiescant
1470 2066 1529 2096 διο.
1553 2072 1714 2105 ceterum,
1729 2067 1782 2098 sin

1080 2114 1115 2138 et
1137 2108 1306 2144 moliatur,
1325 2108 1466 2147 quiescat
1490 2109 1686 2149 corrigatur,
1711 2119 1781 2140 ma-

1082 2150 1141 2181 lim
1164 2154 1295 2186 ututur,
1313 2151 1389 2189 quia
1411 2151 1498 2182 infra
1519 2151 1558 2181 de
1581 2151 1651 2182 solo
1673 2151 1780 2182 Bruto

1081 2202 1188 2223 sermo
1203 2199 1268 2223 est:
1290 2194 1408 2224 macris
1419 2195 1547 2224 consilio
1559 2203 1634 2225 cum
1649 2198 1779 2225 utatur.

1120 2235 1162 2265 64
1184 2236 1444 2266 incolumitatem
1463 2236 1616 2276 proestat]
1643 2236 1696 2266 Sic
1718 2246 1778 2276 pro

1079 2277 1214 2317 vulgato
1240 2278 1337 2308 hodie
1355 2283 1488 2318 proestet
1505 2278 1679 2317 legendum
1694 2288 1782 2309 sem·

1080 2330 1138 2360 per
1160 2321 1296 2360 putavi:
1320 2321 1415 2351 etsie
1441 2320 1559 2352 deiude
1581 2321 1616 2351 in
1629 2319 1702 2351 edd.
1725 2331 1776 2362 pr.

1077 2372 1197 2402 reperi.

1119 2404 1159 2436 65
1182 2404 1209 2434 si
1232 2414 1263 2435 v.
1287 2413 1319 2435 a.
1343 2404 1382 2435 de
1395 2403 1533 2436 Decimo
1547 2404 1702 2444 gravius]
1727 2404 1780 2437 De

1077 2446 1122 2477 D.
1154 2447 1261 2478 Bruto
1295 2452 1463 2478 statuatur
1499 2446 1643 2485 gravius,
1681 2448 1780 2486 quale

1074 2489 1151 2526 fuit,
1173 2499 1248 2519 cum
1270 2489 1300 2519 ei
1326 2489 1494 2530 provincia
1517 2488 1625 2518 Gallia
1646 2488 1778 2522 ademta

1075 2538 1137 2563 est.
1181 2532 1233 2561 Sic
1258 2541 1333 2562 eum
1356 2532 1484 2562 Graevio
1498 2530 1580 2561 edidi
1597 2541 1615 2560 e
1632 2532 1778 2572 vestigiis

1075 2574 1234 2604 librorum
1258 2582 1424 2604 veterum:
1449 2576 1487 2603 ut
1511 2577 1545 2604 et
1571 2573 1722 2613 placebat
1743 2575 1779 2607 J.

1074 2615 1110 2646 F.
1143 2615 1322 2647 Gronovio.
1380 2617 1508 2647 Ceterae
1532 2614 1691 2646 lectiones
1718 2622 1779 2648 aut

1074 2658 1247 2688 manifeste
1262 2658 1387 2688 vitiosae
1401 2662 1492 2693 sunt,
1505 2663 1539 2688 et
1551 2658 1694 2698 intelligi
1708 2668 1776 2690 non

1073 2706 1224 2741 possunt,
1242 2705 1299 2731 aut
1322 2705 1401 2731 sunt
1425 2701 1547 2741 pariter
1567 2711 1585 2731 e
1608 2702 1777 2741 conjectu-

1073 2752 1128 2773 ris,

1115 2785 1157 2815 66
1179 2794 1250 2824 qnoe
1272 2786 1390 2816 nostris
1409 2784 1493 2825 vita]
1522 2785 1641 2816 Haereo
1667 2784 1700 2816 in
1720 2795 1777 2816 no-

1072 2828 1161 2858 stris.
1186 2837 1263 2858 nam
1287 2827 1397 2865 debet,
1424 2828 1511 2867 quod
1538 2827 1619 2858 dicit
1647 2828 1776 2866 Cicero,

1073 2870 1238 2910 pertinere
1261 2869 1301 2900 ad
1325 2870 1469 2901 Brutum
1490 2876 1525 2901 et
1552 2870 1714 2907 Cassium,
1739 2875 1778 2901 ut

1075 2917 1185 2944 cetera
1209 2913 1335 2946 omnia.
1362 2923 1392 2944 v.
1419 2922 1447 2945 c.
1471 2918 1544 2944 tum
1573 2922 1649 2944 vero
1676 2918 1777 2944 erunt

1928 1765 1929 1773 ⁴
1928 1639 1940 1744 ἱἺΓ--Η
1926 1621 1940 1627 ῗ
1929 1578 1940 1607 κ’*
