1940 3231
321 153 397 191 962
744 150 922 190 EPIsT.
950 152 1027 190 AD
1054 144 1327 193 BRUTUM'.

321 256 367 297 in
407 255 559 296 timore
595 254 788 309 benigni,
820 262 948 311 quam
982 257 1025 297 in
1049 257 1229 298 victoria
1258 259 1298 289 52
1314 253 1425 313 grati
1463 252 1746 311 reperiuntur;

322 311 420 367 Ego
450 312 580 362 enim,
605 311 660 352 D.
685 312 821 353 Bruto
853 313 1047 363 liberato,
1070 329 1166 355 eum
1199 315 1446 356 laetissimus
1479 312 1549 353 ille
1579 306 1748 353 civitati

322 370 412 410 dies
436 369 658 420 illuxisset,
683 369 879 423 idemque
902 385 1001 410 casu
1026 371 1149 411 Bruti
1172 371 1324 412 natalis
1345 378 1470 420 esset,
1493 367 1678 418 decrevi,
1697 374 1750 407 ut

321 427 367 468 in
390 427 509 467 fastis
531 427 582 467 ad
605 440 702 466 eum
725 426 836 466 diem
863 426 984 467 Bruti
1004 441 1157 468 nomen
1182 425 1515 470 adscriberetur.
1536 425 1580 466 in
1610 436 1750 478 eoque

323 499 413 525 sum
430 483 641 538 majorum
659 482 904 537 exemplum
926 493 1108 533 secutus,
1127 485 1199 539 qui
1219 485 1332 527 hunc
1351 485 1556 526 honorem
1578 479 1750 523 mulieri

325 541 536 582 Larentiae
572 540 828 590 tribuerunt,
862 539 930 580 cui
956 555 1028 581 vos
1065 541 1289 596 pontifices
1321 543 1373 583 ad
1402 556 1518 583 aram
1542 541 1581 570 53
1594 539 1639 579 in
1661 537 1749 578 Ve-

320 598 440 639 labro
477 597 616 638 facere
649 595 807 636 soletis,
838 596 952 651 quod
986 611 1067 652 ego
1105 612 1203 639 cum
1236 599 1390 640 dabam
1425 599 1578 647 Bruto,
1597 603 1750 645 notam.

321 669 412 696 esse
434 655 475 695 in
500 653 620 694 fastis
642 653 897 708 gratissimas
916 654 1106 695 victoriae
1130 656 1431 711 sempiternam
1450 655 1661 696 volebam.
1683 658 1749 692 at-

321 726 404 766 que
432 711 504 752 illo
537 710 606 751 (lie
639 711 842 765 cognovi,
875 713 915 741 54
930 710 1070 767 paullo
1104 711 1242 766 plures
1278 713 1320 753 in
1351 721 1499 753 senatu
1522 708 1754 752 malivolos*

320 783 425 819 esse,
449 782 577 823 quam
600 775 760 823 gratos.
821 767 907 808 Eos
940 782 1015 823 per
1048 768 1163 823 ipsos
1196 769 1301 818 dies,
1335 768 1467 810 effudi
1495 768 1551 822 (si
1578 768 1640 808 ita
1661 764 1747 819 vis)

318 826 503 867 honores
526 825 567 865 in
591 834 798 875 mortqu
832 823 1027 865 Hirtium
1059 834 1103 865 et
1132 825 1333 877 Pansam,
1365 825 1568 881 Aquilam
1598 824 1747 865 etiam.

318 883 433 938 quod
463 882 557 937 quis
590 881 878 938 reprehendit,
911 881 989 922 nisi
1023 882 1112 936 qui,
1145 883 1342 939 deposito
1378 891 1512 933 metu,
1538 879 1749 937 praeteriti

318 940 496 996 periculi
529 938 658 980 fuerit
690 937 878 980 oblitus?
908 939 1158 980 Accedebat
1189 940 1242 981 ad
1277 940 1473 982 beneficii
1496 937 1750 980 memoriam

299 1006 485 1052 -gratam
515 996 623 1038 ratio
657 995 741 1046 illa,
764 1010 860 1051 quae
890 997 1021 1037 etiam
1054 998 1234 1052 posteris
1256 1007 1368 1039 esset
1389 995 1598 1039 salutaris.
1657 992 1750 1035 Ex-

319 1064 430 1095 stare
451 1055 565 1095 enim
583 1052 780 1094 volebam
803 1053 846 1094 in
866 1053 1180 1095 crudelissimos
1195 1054 1341 1096 hostes
1359 1060 1641 1096 monumenta
1659 1051 1750 1092 odii

318 1111 482 1168 publici
521 1111 799 1166 sempiterna.
859 1111 1066 1167 Suspicor
1107 1111 1211 1153 illud
1255 1113 1395 1154 minus
1436 1111 1519 1153 tibi
1559 1108 1750 1165 probari,

316 1169 434 1224 quod
465 1168 519 1209 ab
552 1168 636 1209 tuis
676 1167 974 1219 familiaribus,
1005 1168 1184 1225 optimis
1216 1169 1297 1210 illis
1320 1169 1496 1226 quidem
1527 1166 1645 1217 viris,
1674 1165 1751 1206 sed

317 1227 362 1268 in
393 1225 613 1282 republica
645 1225 839 1277 rudibus,
877 1227 916 1256 55
932 1239 1017 1266 non
1052 1226 1329 1282 probabatur,
1359 1226 1491 1283 quod,
1519 1233 1571 1267 ut
1599 1222 1750 1264 ovanti

317 1284 494 1325 introire
517 1281 680 1324 Caesari
709 1282 871 1333 liceret,
898 1283 1175 1325 decreverim.
1236 1283 1330 1340 Ego
1357 1293 1500 1325 autem
1534 1281 1628 1336 (sed
1653 1294 1750 1321 erro

315 1340 522 1382 fortasse:
555 1354 634 1381 nee
665 1347 808 1380 tamen
831 1339 865 1380 is
888 1354 997 1389 sum,
1029 1348 1077 1381 ut
1098 1355 1194 1382 mea
1214 1355 1283 1382 me
1306 1341 1496 1383 maxime
1516 1337 1752 1387 delectent)

313 1398 422 1440 nihil
444 1396 549 1439 mihi
574 1397 721 1437 videor
744 1396 826 1438 hoc
848 1396 959 1438 bello
982 1397 1162 1439 sensisse
1184 1399 1450 1454 prudentius.
1492 1397 1582 1439 Cur
1602 1407 1749 1437 autem

313 1455 376 1496 ita
410 1456 479 1507 sit,
511 1454 788 1510 aperiendum
825 1468 911 1495 non
941 1463 1019 1506 est,
1053 1469 1107 1496 ne
1142 1456 1182 1486 56
1195 1456 1333 1513 magis
1365 1456 1514 1498 videar
1545 1451 1750 1510 providus

313 1512 461 1564 fuisse,
483 1527 612 1567 quam
636 1520 796 1567 gratus,
828 1511 912 1552 hoc
944 1512 1100 1568 ipsum,
1123 1513 1320 1555 nimium.
1351 1527 1482 1569 quare
1502 1512 1586 1554 alia
1606 1509 1751 1552 videa-

314 1584 424 1611 mus.
479 1569 536 1610 D.
561 1569 697 1610 Bruto
720 1568 889 1610 decrevi
911 1568 1111 1620 honores,
1133 1570 1301 1612 decrevi
1327 1570 1376 1611 L.
1400 1570 1579 1611 Planco.
1629 1566 1751 1608 Prae-

314 1626 428 1668 clara
447 1626 518 1668 illa
532 1626 707 1682 quidem
726 1626 916 1681 ingenia,
932 1641 1028 1682 quae
1048 1626 1186 1683 gloria
1204 1628 1462 1670 invitantur:
1485 1626 1559 1668 sed
1577 1632 1749 1667 senatus

316 1685 446 1725 etiam
470 1685 653 1740 sapiens,
668 1683 757 1738 qui,
773 1697 858 1738 qua
873 1698 1086 1738 quemque
1108 1698 1151 1725 re
1171 1694 1308 1740 putat,
1326 1685 1457 1726 modo
1476 1684 1672 1733 honesta,
1695 1679 1750 1721 ad

313 1741 623 1797 rempublicam
652 1739 889 1795 juvandam
929 1755 1054 1796 posse
1086 1741 1256 1793 adduci,
1288 1742 1370 1783 hac
1402 1742 1552 1783 utitur.
1611 1739 1672 1780 At
1703 1738 1749 1780 in

317 1798 482 1855 Lepido
515 1797 890 1854 reprehendimur:
922 1798 991 1838 cui
1015 1812 1114 1839 cum
1138 1808 1321 1840 statuam
1344 1800 1389 1840 in
1410 1798 1556 1840 rostris
1579 1796 1753 1838 statuis-

315 1870 470 1907 semus,
494 1855 621 1896 iidem
645 1854 760 1895 illam
779 1855 1025 1896 evertimus.
1071 1855 1162 1897 Nos
1182 1856 1302 1897 illum
1324 1855 1487 1898 honore
1508 1854 1751 1896 studuimus

314 1928 339 1954 a
363 1913 505 1954 furore
532 1926 746 1953 revocare.
779 1912 883 1953 vicit
906 1912 1096 1954 amentia
1115 1912 1319 1954 levissimi
1350 1913 1536 1954 hominis
1558 1920 1752 1953 nostram

319 1970 608 2026 prudentiam.
631 1984 710 2011 nec
740 1978 880 2010 tamen
910 1978 1080 2011 tantum
1110 1970 1155 2011 in
1185 1970 1411 2011 statuenda
1435 1969 1586 2026 Lepidi
1609 1978 1754 2010 statua

313 2029 479 2069 factum
507 2037 571 2068 est
601 2025 716 2077 mali,
739 2035 946 2081 quantum
971 2028 1014 2068 in
1036 2028 1265 2069 evertenda
1290 2028 1408 2069 boni.
1469 2028 1582 2069 Satis
1612 2025 1749 2066 multa

314 2086 367 2126 de
386 2085 639 2126 honoribus.
671 2098 786 2125 nunc
808 2083 860 2124 de
882 2099 1015 2139 poena
1037 2099 1174 2141 pauca
1194 2093 1294 2126 sunt
1315 2084 1511 2126 dicenda.
1543 2082 1745 2125 Intellexi

314 2143 430 2183 enim
451 2157 505 2183 ex
529 2141 612 2182 tuis
632 2156 746 2197 saepe
762 2141 930 2192 litteris,
955 2150 995 2183 te
1018 2142 1060 2183 in
1084 2142 1150 2193 iis,
1171 2157 1278 2197 quos
1295 2141 1403 2183 bello
1425 2142 1638 2192 devicisti,
1660 2140 1746 2182 cle-

314 2199 519 2240 mentiam
545 2208 662 2239 tuam
687 2197 791 2239 velle
811 2198 989 2240 laudari.
1051 2199 1268 2240 Existimo
1295 2199 1494 2254 equidem
1516 2198 1623 2240 nihil
1645 2214 1670 2239 a
1693 2207 1749 2249 te,

313 2257 396 2298 nisi
420 2257 647 2312 sapienter.
709 2255 791 2296 Sed
815 2255 984 2297 sceleris
1005 2271 1179 2312 poenam
1203 2256 1529 2313 praetermittere
1547 2256 1610 2309 (id
1631 2255 1748 2296 enim

313 2325 393 2366 est,
416 2314 531 2369 quod
557 2321 733 2354 vocatur
755 2313 997 2370 ignoscere)
1019 2314 1151 2355 etiam
1174 2315 1207 2355 si
1236 2315 1279 2355 in
1310 2314 1462 2356 ceteris
1488 2314 1614 2355 rebus
1642 2311 1750 2354 tole-

357 2461 396 2491 52
416 2460 510 2497 grati
525 2458 747 2498 rfqicrz'umagr]
773 2459 835 2491 int.
847 2457 1009 2490 homines.
1053 2463 1182 2490 cruram
1198 2459 1311 2500 putavi
1327 2459 1514 2500 legendum.
1531 2459 1607 2500 quia
1620 2459 1655 2490 in
1669 2459 1753 2492 Mss.

314 2503 367 2533 Sic
383 2501 452 2532 edd.
477 2512 526 2542 pr.
547 2506 581 2531 et
607 2501 688 2531 Mss.
708 2500 790 2532 sere.
835 2500 943 2540 Vulgo
957 2511 1009 2531 re·
1054 2503 1149 2541 regiis
1175 2512 1245 2533 esse
1272 2503 1375 2533 tradit
1393 2502 1610 2538 metuamus,
1633 2507 1754 2542 estque.

311 2545 471 2585 petimur.
1051 2545 1151 2575 etiam
1167 2545 1201 2575 in
1218 2544 1269 2575 ed.
1295 2546 1390 2576 Rom.
1414 2554 1480 2575 non
1503 2544 1650 2574 dubitavi
1664 2545 1749 2575 reci-

359 2589 398 2618 53
421 2587 453 2616 in
484 2585 619 2616 Velabro
634 2583 753 2624 ,tacere
776 2585 894 2625 soletis]
922 2585 1006 2616 Edd.
1051 2596 1140 2626 pere,
1156 2593 1193 2617 ut
1208 2594 1242 2618 et
1256 2587 1457 2617 Alemannus
1473 2585 1562 2620 fecit.

316 2639 366 2669 pr.
390 2627 516 2658 addunt
539 2629 750 2668 sacrficium.
773 2638 839 2658 non
854 2629 950 2659 bene.
972 2638 1011 2659 ac
1095 2629 1136 2660 56
1172 2631 1280 2668 mag-is
1305 2629 1459 2669 providus
1485 2638 1585 2668 quam
1610 2629 1750 2669 gratus]

317 2671 398 2701 mihi
412 2671 510 2701 etiam
527 2673 571 2701 md
584 2680 679 2700 aram
696 2676 884 2710 suspectum
898 2676 961 2701 est.
1044 2671 1204 2710 providus
1216 2671 1316 2701 videri
1329 2676 1471 2711 poterat,
1485 2670 1572 2710 quod
1583 2671 1630 2701 ita
1644 2671 1752 2702 effice-

360 2716 400 2744 54
418 2715 532 2751 paullo
552 2714 667 2752 plures
693 2712 770 2751 esse]
805 2713 919 2752 paullo
942 2721 1010 2744 non
1053 2723 1086 2743 re
1101 2713 1252 2749 voluerit,
1270 2718 1307 2743 ut
1320 2715 1441 2749 Caesar,
1457 2713 1620 2752 ingressus
1635 2713 1752 2745 urbem

316 2754 424 2794 placet
446 2755 479 2786 h.
505 2755 528 2785 l.
553 2754 648 2794 idque
672 2759 729 2785 aut
749 2754 934 2789 delendum,
951 2760 1010 2785 aut
1052 2765 1165 2792 ovans,
1180 2755 1353 2796 imperium
1377 2755 1577 2795 deposceret,
1591 2755 1630 2786 de
1646 2764 1752 2793 more,

318 2798 419 2828 mul-‘0
434 2797 662 2837 corrigendum
685 2803 869 2836 esseputO,
887 2797 937 2827 vel
952 2796 1009 2827 ad-
1051 2802 1151 2836 atque
1175 2797 1222 2828 ita
1245 2798 1405 2828 exercitus
1428 2797 1469 2828 ad
1491 2797 1591 2828 alium
1612 2797 1751 2836 veniret,

318 2839 459 2870 «lendum
476 2840 576 2870 leand.
1052 2849 1115 2878 quo
1130 2840 1197 2880 ipse
1213 2840 1323 2870 obesse
1338 2841 1417 2879 reip.
1440 2844 1583 2880 poterat,
1597 2845 1637 2869 ut
1656 2843 1691 2869 et
1704 2839 1752 2871 fe·

361 2885 400 2914 55
422 2892 486 2913 non
505 2881 724 2924 probabatur]
749 2881 803 2912 Sic
820 2891 879 2923 per
900 2881 1011 2923 conje-
1052 2882 1110 2914 cit.
1133 2891 1234 2924 quam
1245 2885 1380 2922 gratus,
1395 2882 1461 2915 int.
1474 2882 1511 2916 in
1525 2881 1700 2917 Caesarem.
