1940 3231
307 114 383 148 438
725 108 905 147 EPIST.
933 109 1014 147 AD
1039 109 1258 148 ATTICU
1269 110 1328 154 M,

311 226 419 251 coss.
465 214 564 251 Scite
590 219 711 252 autem
730 215 922 251 Manutius
946 217 1086 262 primas
1105 216 1276 264 epistolas
1296 215 1524 251 distribuisse
1541 214 1699 258 videtur,
1718 218 1756 250 et

310 268 415 315 quasi
434 268 471 303 in
487 280 590 303 suum
610 269 725 304 locum
742 268 904 315 singulas
922 279 1130 308 revocasse;
1157 273 1197 304 ut
1215 269 1315 304 nullo
1333 269 1492 315 negotio,
1513 267 1658 314 quando
1672 268 1754 315 pri·

311 332 409 355 mum
438 321 532 357 inter
549 332 606 356 eos
626 322 771 357 initium
789 320 967 356 scribendi
974 319 1125 368 factum
1143 325 1209 359 est,
1230 322 1394 368 cognosci
1408 321 1523 368 possit
1535 320 1572 356 ἦ.

283 419 300 454 1
707 413 942 456 CICERO
972 413 1202 457 ATTICO
1235 415 1360 456 SAL.

320 469 694 535 PETITIONIS
727 501 900 541 nostrae‚
924 505 1054 545 quam
1086 491 1165 532 tibi
1191 506 1371 533 summae
1393 505 1508 533 curae
1539 504 1630 531 esse
1652 488 1758 540 scio,

318 548 566 605 hujusmodi
592 548 700 589 ratio
722 558 801 599 est,
823 548 938 602 quod
971 548 1113 589 adhuc
1135 551 1387 604 conjectura
1419 547 1632 605 provideri
1660 561 1760 602 pos-

320 608 391 648 sit.
453 606 633 647 Prensat
666 620 774 646 unus
810 604 861 646 P.
886 604 1042 646 Galba.
1076 605 1166 646 sine
1200 606 1301 647 fuco
1335 621 1384 647 ac
1415 605 1609 655 fallaciis,
1641 616 1760 644 more

321 664 549 719 majorum,
571 673 766 718 negatur.
800 671 847 703 ut
878 663 1028 718 opinio
1059 673 1124 703 est
1153 663 1395 713 hominum,
1418 678 1504 703 non
1532 663 1671 702 aliena
1691 675 1758 701 ra-

322 721 428 763 tioni
453 730 609 761 nostrae
634 720 716 761 fuit
738 720 849 761 illius
879 719 975 761 haec
1008 734 1279 777 praepropera
1307 720 1534 776 prensatio.
1568 733 1665 759 nam
1698 716 1760 758 illi

323 779 383 820 ita
420 787 581 833 negant
612 777 756 833 vulgo,
788 786 836 818 ut
866 776 971 817 mihi
1006 792 1049 818 se
1080 778 1239 819 debere
1271 779 1432 819 dicant.
1462 777 1522 818 ita
1554 774 1762 830 quiddam

322 850 446 892 spero
483 835 607 875 nobis
643 835 808 891 profici,
840 849 939 874 cum
970 833 1053 874 hoc
1087 836 1412 890 percrebrescit,
1447 834 1651 891 plurimos
1682 846 1764 872 no-

323 903 432 934 stros
453 893 615 933 amicos
637 891 834 932 inveniri.
879 890 972 932 Nos
1003 901 1145 933 autem
1170 892 1341 933 initium
1368 891 1592 948 prensandi
1617 890 1760 931 facere

323 950 614 1005 cogitaramus
636 963 687 990 eo
712 949 805 1006 ipso
836 956 1044 1005 tempore,
1076 964 1161 1004 quo
1195 955 1318 991 tumn
1350 964 1528 1005 puerum
1563 962 1660 989 cum
1695 946 1762 986 his
1789 960 1797 967 ·

323 1007 476 1049 litteris
516 1005 729 1062 proficisci
772 1005 949 1047 Cincius
980 1006 1167 1060 dicebat,
1198 1007 1240 1048 in
1273 1022 1442 1062 campo,
1465 1006 1652 1047 comitiis
1689 1003 1764 1044 tri-

324 1063 527 1114 buniciis‚
549 1079 586 1104 a.
620 1065 661 1105 d.
694 1078 775 1104 xvr
805 1062 986 1104 Kalend.
1009 1063 1131 1105 Sext.
1193 1064 1529 1120 Competitores‚
1551 1063 1624 1118 qui
1657 1060 1764 1102 certi

323 1137 417 1164 esse
441 1121 681 1172 videantur,
705 1121 861 1172 Galba,
880 1131 923 1161 et
945 1120 1177 1172 Antonius,
1200 1132 1242 1162 et
1267 1123 1323 1169 Q.
1349 1121 1624 1163 Cornificius.
1658 1128 1766 1174 puto

324 1189 369 1221 te
399 1180 443 1220 in
474 1178 557 1219 hoc
588 1188 662 1220 aut
693 1177 848 1230 risisse,
878 1188 952 1219 aut
978 1178 1283 1234 lingemuisse‚
1316 1189 1362 1220 ut
1397 1179 1581 1219 frontem
1621 1176 1765 1217 ferias.

326 1246 439 1287 sunt,
453 1236 526 1291 qui
540 1235 669 1277 etiam
681 1235 929 1278 Caesonium
944 1244 1109 1292 putent.
1142 1237 1379 1292 Aquillium
1397 1251 1480 1277 non
1493 1236 1767 1284 arbitramur,

324 1297 345 1326 53
367 1295 440 1350 qui
465 1294 709 1349 denegavit,
731 1302 773 1334 et
798 1293 963 1348 juravit
986 1295 1198 1345 morbum,
1221 1304 1262 1348 et
1296 1294 1397 1335 illud
1431 1308 1554 1335 suum
1583 1305 1767 1347 regnum

317 1351 528 1407 judiciale
571 1352 790 1407 opposuit.
853 1350 1056 1401 Catilina,
1085 1353 1154 1392 3si
1181 1352 1425 1407 judicatum
1458 1352 1554 1401 erit,
1587 1348 1766 1390 meridie

322 1423 412 1450 non
441 1407 596 1460 lucere,
618 1417 759 1449 certus
782 1408 862 1448 erit
883 1408 1157 1464 competitor.
1223 1409 1288 1450 De
1309 1408 1501 1459 Aufidio,
1530 1416 1573 1448 et
1594 1406 1647 1448 de
1680 1405 1764 1446 Pa-

324 1466 482 1519 licano,
507 1481 591 1507 non
616 1476 723 1522 puto
756 1476 797 1506 te
827 1475 1094 1521 exspectare,
1117 1466 1219 1508 dum
1251 1468 1450 1507 scribam.
1514 1464 1581 1506 De
1604 1465 1670 1514 iis,
1693 1462 1769 1518 qui

329 1538 445 1565 nunc
469 1532 636 1579 petunt,
669 1523 817 1564 Caesar
849 1532 990 1564 certus
1014 1533 1204 1580 putatur.
1264 1523 1475 1565 Thermus
1497 1537 1595 1564 cum
1620 1520 1768 1562 Silano

330 1581 591 1623 contendere
613 1580 911 1631 existimatur;
943 1581 1016 1635 qui
1040 1582 1100 1623 sic
1126 1582 1276 1637 inopes
1300 1592 1341 1622 et
1362 1583 1416 1622 ab
1440 1580 1588 1621 amicis
1611 1589 1652 1619 et
1675 1577 1771 1618 exi-

331 1639 580 1679 stimatione
603 1647 716 1684 sunt,
740 1649 787 1679 ut
817 1638 922 1679 mihi
949 1638 1142 1679 videatur
1165 1654 1250 1680 non
1273 1654 1364 1679 esse
1391 1641 1561 1687 ἀδύνατον,
1586 1635 1770 1677 Curium

281 1708 315 1743 b,
331 1696 559 1738 obducere.
592 1696 664 1737 sed
689 1695 769 1736 hoc
794 1705 949 1751 praeter
981 1710 1048 1736 me
1081 1697 1239 1737 nemini
1266 1697 1446 1736 videtur.
1510 1694 1681 1735 Nostris
1705 1707 1771 1733 ra-

331 1754 522 1795 tionibus
555 1753 742 1794 maxime
773 1753 1013 1794 conducere
1039 1753 1219 1804 videtur,
1243 1753 1510 1794 ⁴Tliermum
1544 1751 1633 1792 fieri
1666 1764 1768 1791 cum

332 1811 519 1853 Caesare.
550 1825 677 1851 nemo
699 1820 762 1851 est
792 1811 907 1851 enim
943 1825 997 1851 ex
1027 1810 1096 1861 iis,
1118 1811 1190 1866 qni
1225 1826 1338 1852 nune
1367 1820 1532 1866 petunt,
1554 1808 1644 1864 qui,
1667 1808 1700 1848 si
1726 1808 1771 1848 in

330 1878 524 1910 nostrum
549 1882 708 1909 annum
737 1868 950 1920 reciderit,
970 1867 1134 1909 firmior
1157 1868 1410 1910 candidatus
1433 1867 1523 1908 fore
1548 1867 1769 1915 videatur;

330 1935 559 1982 propterea
592 1925 708 1980 quod
743 1935 917 1966 curator
949 1935 1014 1965 est
1046 1925 1127 1967 viae
1162 1926 1402 1976 Flaminiae‚
1434 1940 1531 1980 quae
1566 1934 1656 1964 tum
1692 1922 1774 1962 erit

331 1986 349 2015 5
373 1982 585 2024 absoluta.
610 1997 710 2024 sane
732 1982 857 2024 facile
879 1997 974 2024 eum
1000 1981 1163 2037 [liberi]
1181 1989 1297 2039 θεςμὸν
1319 1983 1448 2024 ciceri
1471 1980 1676 2036 [consuli]
1699 1993 1773 2021 ac-

373 2125 393 2145 ·
414 2123 608 2155 Tunstallns
642 2123 797 2163 epistolas
826 2123 924 2163 hujus
950 2124 1027 2155 libri

331 2168 379 2197 ita
402 2167 580 2196 secundum
603 2166 750 2197 ordinem
775 2167 933 2206 temporis
961 2166 1028 2196 col-

330 2208 617 2282 gocgndasssputat:
643 2212 671 2240 5.
689 2209 719 2239 6.
736 2213 767 2242 7.
792 2212 821 2240 8.
844 2213 875 2243 9.
904 2213 952 2242 10.
979 2213 1026 2239 ll.

1070 2124 1168 2155 verbo
1193 2126 1310 2161 lucere,
1326 2133 1431 2163 nuper
1452 2123 1554 2153 etiam
1576 2119 1772 2152 Tunstallus

1071 2166 1094 2197 l.
1111 2178 1138 2197 c.
1160 2166 1280 2197 frustra
1294 2176 1420 2197 omnes.
1465 2165 1647 2204 Vulgatum
1660 2163 1774 2194 rectis-

1071 2209 1191 2239 simum
1207 2214 1268 2239 est.

1114 2254 1135 2281 Δ.
1148 2251 1298 2292 Tli.fieri
1311 2261 1385 2280 cum
1401 2249 1538 2289 Coesare]
1553 2250 1771 2289 i.praetorem.

378 2297 391 2324 l
417 2294 612 2333 ingemuisse
633 2297 670 2323 ut
681 2292 736 2333 fr.
749 2292 877 2334 serias]
903 2293 1029 2329 Legiti-
1072 2293 1133 2324 Est
1157 2301 1268 2324 autem
1287 2294 1454 2323 Minucius
1475 2292 1638 2322 Thermus
1660 2291 1699 2325 is,
1717 2290 1774 2329 qui

332 2346 388 2367 ma
409 2337 494 2367 ratio
519 2335 666 2376 postulat
675 2334 818 2375 serires,
840 2336 902 2368 uisi
929 2336 1031 2366 inter-

334 2384 503 2419 pungatur
525 2389 601 2409 cum
623 2378 800 2410 Tunstallo
817 2390 847 2419 p.
865 2381 916 2408 25.
939 2379 1030 2417 inge-

334 2422 462 2451 muisse.
512 2420 557 2452 Ut
566 2419 720 2460 simulem
731 2420 857 2461 ferias,
877 2425 953 2451 sunt
970 2422 1030 2451 &c.

333 2463 419 2503 quod
432 2463 512 2494 mihi
527 2463 645 2493 durum
662 2463 801 2494 videtur.

377 2509 397 2536 2
427 2508 483 2546 qui
506 2506 647 2544 denegat
673 2505 854 2548 etjuravit
879 2515 920 2535 m.
954 2503 1029 2544 &c.]

335 2548 470 2579 Correxi
498 2549 682 2587 denegavit.
729 2548 852 2579 Favent
874 2548 947 2578 libri
972 2556 1033 2576 scr.

336 2591 371 2621 in
401 2591 519 2630 quibus
555 2595 720 2630 repertum
748 2596 798 2622 est
827 2595 858 2621 et
885 2589 1033 2629 negavit,

335 2633 424 2673 quod
445 2638 480 2664 et
504 2632 655 2673 placebat
678 2633 829 2668 Pithoeo.
851 2634 944 2673 cujus
971 2633 1034 2664 Ms.

337 2676 481 2707 habebat
495 2679 526 2706 et
541 2679 676 2714 negant.
720 2676 850 2708 Graevio
873 2675 1035 2717 placebat,

338 2719 393 2757 qui
408 2723 439 2749 et
451 2719 597 2757 negavit.

382 2762 400 2791 3
423 2762 451 2791 si
457 2759 649 2801 judicatum
664 2762 739 2797 erit,
755 2761 890 2792 meridie
903 2770 967 2791 non
983 2762 1036 2791 lu-

339 2802 423 2841 cere]
450 2804 471 2833 i.
487 2814 514 2834 e.
532 2804 557 2834 si
575 2804 608 2833 in
631 2804 899 2835 manifestissimo
914 2803 1035 2834 scelere

337 2849 452 2875 tamen
468 2845 637 2876 absolutus
653 2846 730 2877 erit.
757 2847 837 2877 mire
855 2846 906 2877 hic
921 2856 967 2882 se,
985 2846 1036 2876 vel

339 2887 449 2931 potius
462 2887 668 2926 Ciceronem,
682 2893 841 2928 torquent
864 2889 979 2920 Critici
1001 2889 1036 2920 iu

1073 2341 1147 2375 post
1170 2336 1204 2365 in
1227 2341 1358 2375 genten]
1386 2335 1559 2375 patriciam
1583 2334 1774 2373 adoptatus,

1076 2378 1248 2414 Marciam,
1270 2378 1303 2409 C.
1319 2377 1470 2408 Marcius
1486 2377 1628 2415 Figulus
1641 2376 1718 2406 fuit.

1118 2423 1136 2450 5
1159 2422 1307 2451 absoluta
1336 2430 1414 2450 sane
1428 2419 1549 2460 facile.
1579 2428 1652 2448 eum
1681 2415 1775 2448 liberi

1075 2463 1180 2505 θερμὸν
1194 2463 1289 2493 ciceri
1312 2464 1434 2492 consuli
1456 2460 1662 2500 accuderint]
1693 2460 1775 2490 Haec

1075 2506 1145 2536 sine
1159 2506 1257 2536 dubio
1280 2510 1360 2535 sunt
1382 2505 1511 2535 vitiosa.
1558 2504 1705 2533 Primum
1723 2510 1773 2532 res

1076 2548 1223 2588 postulat
1241 2548 1427 2587 inter-pungi
1445 2553 1519 2587 post
1535 2547 1693 2577 absoluta.
1716 2545 1776 2574 Se-

1076 2591 1249 2629 quentium
1264 2599 1394 2619 sensum
1417 2590 1450 2619 in
1472 2595 1606 2629 promtu
1619 2592 1669 2617 est
1683 2595 1771 2616 esse:

1079 2632 1220 2663 libenter
1242 2643 1318 2663 eum
1342 2632 1480 2672 populus
1503 2636 1678 2671 praetorem
1695 2628 1776 2658 faci-

1079 2681 1126 2711 et,
1144 2685 1195 2705 me
1219 2674 1381 2705 Consule:
1405 2674 1460 2704 sed
1488 2674 1571 2704 ludit
1593 2673 1627 2702 in
1652 2680 1775 2702 nomen

1078 2718 1190 2761 θερμοῦ
1202 2723 1236 2748 et
1251 2727 1346 2747 suum
1363 2716 1539 2747 Ciceronis.
1565 2714 1670 2756 lupini
1684 2717 1717 2743 et
1731 2714 1778 2743 ci-

1077 2771 1164 2792 ceres
1176 2766 1253 2790 sunt
1277 2759 1412 2795 similes,
1429 2764 1462 2788 et
1477 2758 1575 2788 simul
1598 2756 1706 2795 coqui,
1723 2755 1776 2786 edi

1077 2804 1217 2844 possint.
1264 2802 1352 2832 Hinc
1366 2801 1444 2832 dicit
1456 2799 1567 2840 facile
1581 2810 1654 2830 eum
1670 2797 1777 2841 Ssgpiu

1077 2847 1173 2876 ciceri
1188 2845 1387 2875 accuderz‘nt.
1432 2844 1575 2874 Verbum
1589 2843 1712 2872 consuli
1726 2846 1777 2871 est

1079 2888 1252 2920 manifeste
1268 2898 1287 2919 a
1302 2887 1421 2928 glossa.
1457 2887 1491 2917 Si
1508 2886 1622 2917 Cicero
1636 2885 1681 2915 sic
1697 2884 1776 2914 scri-
