1940 3231
228 1421 262 1455 p.
278 1412 349 1444 169.

347 160 428 200 ‘706
771 145 955 198 EPIST.
982 158 1062 198 AD
1087 157 1384 205 AT'r1cUM‚

348 262 524 303 *vissime
553 261 968 321 diligentissimeque
997 264 1185 307 coluisti.
1218 265 1341 307 valde
1370 278 1422 306 eo
1453 263 1548 320 ipsa
1577 263 1787 309 delectata

350 329 440 362 est:
471 333 554 376 ego
585 332 728 361 autem
763 336 847 363 non
872 324 1039 375 minus;
1070 323 1194 378 cujus
1216 323 1390 378 quidem
1422 322 1556 363 virtus
1591 322 1788 365 mirifica.

353 391 440 432 quo
474 377 605 418 modo
638 377 712 418 illa
741 375 826 420 fert
848 380 1067 435 publicam
1096 380 1290 422 cladem?
1320 395 1405 435 quo
1433 380 1563 421 modo
1586 380 1792 421 domesti-

353 449 425 476 cas
448 437 604 476 tricas?
635 444 821 489 quantus
856 445 1001 478 autem
1023 437 1190 477 animus
1226 438 1270 479 in
1304 438 1492 479 discessu
1530 439 1707 479 nostro?
1738 436 1796 478 sit

352 497 466 548 ''⁰273”
489 493 544 533 sit
567 506 734 532 summa
754 494 898 543 ο-ὑντηξις
911 514 921 538 ;
956 502 1101 535 tamen
1123 509 1202 535 nos
1224 504 1339 536 recte
1362 495 1502 536 facere
1524 503 1568 535 et
1594 494 1699 535 bene
1721 508 1798 535 au-

353 549 444 589 dire
466 549 571 590 vult.
633 549 717 589 Sed
738 547 818 588 hae
842 562 970 604 super
990 565 1035 591 re
1056 551 1210 602 nimis:,
1246 566 1300 593 ne
1322 567 1458 594 meam
1484 553 1574 608 ipse
1593 556 1800 604 cupa-doum

346 605 439 660 jam
479 619 670 647 evocem.
729 604 811 655 Tu,
843 605 878 645 si
911 607 1014 663 quid
1037 607 1090 650 de
1112 608 1340 665 Hispaniis
1369 610 1542 660 certius,
1565 621 1610 650 et
1631 609 1665 649 si
1688 607 1796 665 quid

354 662 485 713 aliud,
507 662 609 703 dum
642 663 859 714 adsumus,
881 665 1066 706 scribes:
1098 675 1141 707 et
1162 680 1245 722 ego
1266 665 1447 708 fortasse
1477 666 1699 709 discedens
1721 665 1798 707 da-

358 721 412 759 bo
435 719 485 760 ad
508 719 759 775 te'aliquid:
791 734 842 761 eo
865 721 995 764 etiam
1023 723 1177 779 magis,
1198 723 1315 779 quod
1336 723 1477 765 Tullia
1497 733 1540 765 te
1561 738 1646 765 non
1670 733 1799 780 puta-

355 778 432 817 bat
453 776 536 818 hoc
559 786 754 833 tempore
775 791 831 817 ex
867 776 1008 820 Italia.
1070 780 1183 822 Cum
1217 780 1412 821 Antonio
1438 781 1543 822 item
1575 789 1640 823 est
1662 795 1798 837 agen-

354 833 473 885 dum,
496 843 544 876 ut
562 849 661 876 cum
685 834 890 885 Curione,
914 835 1083 878 Melitae
1104 851 1174 878 me
1196 837 1300 879 velit
1322 852 1427 889 esse,
1446 837 1548 880 huic
1571 837 1682 880 bello
1705 837 1800 879 nol-

353 891 393 931 le
415 891 633 933 interesse.
665 906 716 933 eo
738 891 867 932 velim
892 902 980 934 tam
1002 894 1120 935 facili
1142 894 1205 935 uti
1228 909 1414 951 possem,
1437 904 1480 935 et
1502 904 1590 937 tam
1612 896 1728 938 bono
1752 896 1799 937 in

353 962 438 999 me,
461 964 590 1004 quam
615 949 822 990 Curione.
855 949 889 990 is
925 951 977 992 ad
1001 951 1225 993 Misenum
1250 966 1298 993 v1
1325 952 1474 993 Nonas
1507 962 1710 995 venturus
1732 952 1799 993 di-

354 1007 550 1057 cebatur,
581 1006 624 1047 id
656 1017 721 1048 est
745 1007 901 1049 hodie:
944 1008 1016 1050 sed
1038 1009 1251 1066 praemisit
1280 1009 1389 1050 mihi
1421 1009 1593 1068 odiosas
1619 1010 1801 1061 litteras,

353 1063 438 1105 hoc
461 1064 661 1121 exemplo
681 1082 690 1107 ε

384 1170 704 1214 ANTONIUS
726 1171 890 1214 TRIB.
916 1171 1098 1272 PLIPivPP
1110 1171 1438 1272 PSROPRAET.
1461 1171 1772 1215 CICERONI

359 1283 503 1337 NISI
537 1305 576 1338 te
612 1297 735 1339 valde
771 1311 972 1350 amarem,
995 1307 1039 1339 et
1070 1298 1207 1340 multo
1237 1297 1414 1354 quidem
1448 1298 1559 1355 pluS,
1588 1311 1718 1354 quam
1751 1304 1800 1338 tu

360 1363 500 1409 putaS,
530 1370 616 1396 non
649 1355 948 1396 extimuissem
984 1369 1214 1407 rumorem,
1238 1356 1311 1412 qui
1335 1356 1387 1397 de
1420 1364 1462 1397 te
1495 1354 1686 1412 prolatus
1718 1362 1801 1406 est,

361 1425 458 1452 cuin
483 1413 722 1467 praesertim
755 1411 910 1453 falsum
934 1427 1025 1454 esse
1046 1413 1355 1454 existimarem.
1387 1413 1458 1455 sed
1482 1413 1584 1468 quia
1602 1421 1644 1454 te
1664 1411 1803 1454 nimio

340 1468 458 1525 'plus
479 1469 631 1526 diligo,
654 1485 741 1511 non
763 1485 937 1526 possum
968 1470 1251 1522 dissimulare,
1275 1470 1384 1512 mihi
1419 1470 1579 1513 famam
1614 1483 1804 1526 quoque,

361 1527 558 1581 quamvis
582 1528 638 1568 sit
659 1527 779 1578 falsa,
802 1527 948 1584 magni
972 1541 1077 1570 esse.
1137 1527 1199 1570 Te
1226 1528 1386 1569 iturum
1410 1536 1526 1569 trans
1558 1542 1690 1579 mare,
1710 1541 1803 1569 cre-

363 1584 463 1625 dere
505 1599 589 1626 non
630 1600 821 1641 possum,
857 1600 956 1626 cum
987 1585 1096 1626 tanti
1130 1585 1263 1627 facias
1296 1585 1584 1637 Dolabellam,
1614 1592 1659 1626 et
1698 1583 1802 1625 Tul-

361 1640 463 1683 liam
509 1651 642 1695 tuam,
685 1642 892 1684 feminam
932 1642 1226 1694 lectissimam,
1267 1642 1462 1698 tantique
1503 1643 1559 1683 ab
1599 1641 1803 1683 omnibus

361 1699 489 1740 nobis
524 1699 626 1750 fias3
668 1700 824 1755 quibus
862 1699 1107 1741 mehercule
1141 1699 1331 1756 dignitas
1369 1698 1696 1757 amplitudoque
1727 1708 1803 1739 tua

363 1770 488 1811 paene
510 1757 648 1798 carior
680 1766 759 1809 est,
782 1772 911 1813 quam
935 1757 1015 1798 tibi
1051 1757 1150 1813 ipsi.
1181 1756 1254 1799 sed
1287 1766 1431 1798 tamen
1453 1771 1540 1798 non
1573 1771 1666 1798 sum
1689 1755 1805 1798 arbi-

363 1822 499 1854 tratus
521 1828 612 1855 esse
644 1815 790 1865 amici,
810 1829 897 1855 non
927 1814 1192 1856 commoveri
1227 1813 1359 1856 etiam
1393 1814 1691 1870 improborum
1717 1827 1805 1854 ser-

317 1882 322 1886 ·
360 1885 514 1913 mone:
547 1880 676 1927 atque
708 1886 759 1912 eo
783 1870 866 1913 feci
899 1871 1145 1922 studiosius,
1177 1872 1294 1927 quod
1319 1871 1588 1928 judicabam,
1609 1870 1803 1912 duriores

362 1937 504 1984 partes
528 1928 634 1970 mihi
659 1929 882 1985 impositas
903 1943 994 1970 esse
1016 1929 1070 1970 ab
1092 1928 1331 1971 offensione
1352 1940 1513 1980 nostra,
1545 1943 1642 1984 quae
1664 1927 1806 1984 magis

363 2000 388 2025 a
407 1988 597 2041 ζηλοτυπίᾳ
618 2001 727 2036 mea,
749 2000 877 2042 quam
901 1987 955 2028 ab
979 1987 1137 2041 injuria
1158 1995 1233 2027 tua
1252 1995 1354 2028 nata
1375 1995 1454 2027 est.
1485 1986 1546 2027 sic
1568 1985 1684 2026 enim
1706 1984 1808 2026 volo

364 2052 406 2082 te
427 2042 505 2082 tibi
533 2044 798 2099 persuadere,
819 2043 925 2084 mihi
950 2044 1165 2085 neminem
1187 2059 1279 2085 esse
1308 2045 1516 2086 cariorem
1539 2052 1596 2095 te,
1617 2050 1806 2098 excepto

367 2099 540 2140 Caesare
561 2115 672 2151 meo,
697 2115 850 2156 ineque
882 2101 985 2143 illud
1018 2115 1103 2142 una
1118 2101 1331 2158 judicare,
1362 2101 1581 2143 Caesarem
1612 2100 1808 2142 maxime

365 2157 410 2197 in
431 2157 517 2197 suis
537 2157 605 2199 M.
630 2158 885 2199 Ciceronem
905 2172 1125 2214 reponere.
1169 2159 1330 2210 Quare,
1352 2159 1409 2199 mi
1431 2158 1601 2210 Cicero,
1620 2167 1663 2199 te
1681 2171 1805 2212 rogo,

364 2223 416 2255 'ut
439 2214 518 2256 tibi
548 2215 695 2256 omnia
716 2216 885 2271 integra
906 2230 1061 2267 serves,
1078 2216 1171 2272 ejus
1191 2216 1319 2257 fidem
1343 2215 1575 2273 improbes„
1599 2218 1641 2249 74
1652 2215 1727 2270 qui
1750 2213 1805 2254 ti-

364 2270 428 2322 bi,
451 2281 498 2312 ut
532 2272 790 2314 beneficium
823 2273 958 2325 daret,
981 2274 1098 2329 prius
1131 2272 1332 2328 injuriam
1367 2273 1496 2315 fecit:
1527 2276 1568 2308 75
1581 2280 1733 2314 contra
1753 2284 1807 2312 ne

369 2328 608 2385 profugias,
629 2330 703 2385 qui
727 2340 783 2381 te,
807 2330 888 2372 etsi
910 2345 996 2371 non
1027 2330 1206 2382 amabit,
1228 2331 1363 2386 (quod
1385 2330 1579 2371 accidere
1601 2344 1687 2371 non
1711 2338 1808 2385 pot-

369 2388 468 2437 est,)
492 2396 634 2428 tamen
668 2387 831 2428 salvum
871 2388 1269 2443 amplissimumque
1301 2403 1392 2430 esse
1423 2387 1585 2443 cupiet.
1646 2385 1810 2428 Dedita

369 2458 502 2499 opera
522 2445 575 2485 ad
607 2455 648 2485 te
681 2444 979 2501 Calpurnium,
1003 2445 1384 2486 familiarissimum
1416 2458 1576 2495 meum,
1599 2444 1723 2495 misi3
1756 2452 1805 2484 ut

371 2500 476 2540 mihi
500 2515 670 2557 magnae
705 2516 819 2543 curae
854 2511 973 2544 tuam
1008 2503 1142 2544 vitam
1170 2518 1220 2544 ac
1254 2502 1513 2560 dignitatem
1545 2515 1638 2542 esse
1659 2503 1806 2542 scires.

428 2556 593 2599 Eodem
615 2558 685 2599 die
706 2574 731 2599 a
754 2559 928 2602 Caesare
951 2559 1213 2602 Philotimus
1233 2560 1393 2611 attulit,
1415 2559 1498 2600 hoc
1520 2557 1720 2614 exemplo
1736 2574 1749 2599 2

414 2734 456 2766 74
477 2732 532 2771 qui
555 2731 624 2767 tibi,
648 2737 686 2761 ut
713 2730 815 2771 benef.
841 2733 949 2770 daret,
972 2734 1071 2772 prius
1155 2735 1195 2767 75
1218 2737 1332 2763 contra
1359 2742 1400 2762 ne
1422 2731 1614 2773 prqt‘ugz'as]
1642 2733 1810 2765 Victorius

371 2773 637 2813 injuriumsecit]
664 2773 850 2814 Pompeius
866 2776 920 2814 qui
933 2777 1001 2814 ejus
1016 2786 1071 2805 ex·-
1114 2774 1234 2805 delevit
1249 2785 1336 2812 eum,
1350 2785 1446 2813 quem
1463 2785 1577 2805 ornnes
1590 2777 1693 2806 secuti
1710 2784 1788 2807 sunt
1799 2789 1808 2806 :

372 2816 465 2845 ilium
475 2817 619 2854 juverat,
638 2816 743 2847 Clodii
768 2815 979 2857 adoptionem
995 2827 1068 2857 per·
1111 2817 1258 2847 Graevius
1286 2818 1445 2854 restituit,
1472 2817 1559 2856 quod
1588 2818 1622 2848 in
1656 2819 1809 2849 omnibus

372 2858 535 2887 mittendo
562 2862 595 2887 et
611 2858 746 2897 reliqua,
761 2859 957 2891 beneficium
972 2859 1068 2891 dede·
1112 2864 1191 2890 ante
1205 2859 1389 2890 victorium
1413 2865 1510 2890 esset.
1527 2860 1627 2891 immo
1643 2861 1737 2893 abest
1755 2861 1808 2892 ed.

372 2906 435 2938 rat,
452 2899 558 2931 reditu
566 2901 726 2941 JuvandO.
1112 2901 1211 2933 Rom.
1227 2902 1383 2943 abestque
1397 2902 1528 2934 melius.
