1940 3231
309 169 390 204 810
724 165 906 205 EPIST.
933 166 1014 204 AD
1039 159 1326 212 ATTICUM,

518 270 671 307 Condito
688 282 848 308 sermone
865 272 965 313 bono,
984 277 1031 316 et,
1049 274 1082 310 si
1099 275 1240 322 quoeris,
1261 273 1421 309 libenter.

313 344 522 394 praeterea
551 338 687 380 tribus
709 339 905 380 tricliniis
941 340 1105 395 accepti
1139 345 1168 380 οἱ
1185 345 1256 394 mg}
1274 343 1369 379 αὐτὸν
1399 336 1520 379 valde
1551 340 1738 396 copiose.

313 396 476 438 libertis
509 395 649 436 minus
682 396 822 447 lautis,
845 396 1061 451 servisque
1090 397 1198 438 nihil
1224 395 1375 436 defuit.
1407 409 1507 436 nam
1539 395 1739 440 lautiores

312 453 530 510 eleganter
550 452 731 508 accepti.
763 453 866 507 quid
889 452 1048 495 multa?
1079 454 1272 495 homines
1295 453 1375 493 visi
1395 467 1554 494 sumus.
1585 454 1740 511 hospes

313 520 457 552 tamen
480 524 566 551 non
586 509 636 560 is,
659 509 728 550 cui
760 510 936 560 diceres,
958 511 1113 552 amabo
1135 522 1192 561 te,
1212 510 1362 551 eodem
1384 510 1434 551 ad
1460 524 1528 551 me
1550 526 1649 553 cum
1672 527 1737 554 re-

313 578 490 609 vertere.
523 565 652 607 semel
688 567 790 606 satis
827 576 904 608 est.
935 569 1093 608 σπδαῖον
1122 570 1190 607 ἑδὲν
1222 568 1264 608 in
1303 581 1521 609 sermone:
1567 573 1741 618 φιλόλογα

310 624 462 667 multa.
494 623 597 678 quid
628 624 816 678 quaeris?
852 623 1086 665 delectatus
1117 633 1195 674 est,
1216 632 1260 665 et
1289 624 1471 666 libenter
1492 624 1589 666 fuit.
1651 625 1740 666 Pu-

310 681 435 723 teolis
457 694 501 722 se
522 680 665 722 aiebat
687 695 818 722 unum
841 681 956 722 diem
977 680 1083 732 fore,
1105 680 1284 722 alterum
1311 681 1364 722 ad
1384 681 1525 723 Baias.
1588 681 1740 723 Habes

310 738 565 795 hospitium,
578 738 666 779 sive
687 740 888 789 ἔπιςαιθμίκι
911 737 1119 789 odiosam,
1138 737 1379 790 mihi,dixi,
1399 753 1483 780 non
1497 738 1737 781 molestam.

310 795 407 852 Ego
432 795 661 852 paullisper
682 794 768 845 hic,
789 794 944 836 deinde
966 795 1008 836 in
1030 794 1335 836 Tusculanum.
1397 795 1634 838 Dolabellae
1659 797 1738 838 vil-

306 853 391 896 lam
412 868 512 895 cum
544 851 795 909 praeteriret,
817 853 956 893 omnis
989 862 1250 893 armatorum
1279 851 1420 908 copia,
1452 852 1603 895 dextra
1634 853 1737 896 sini-

307 921 394 953 stra
415 910 468 952 ad
489 925 662 966 equum,
684 911 815 950 24nec
837 924 1017 966 usquam
1038 909 1155 952 alibi.
1177 912 1217 940 25
1230 909 1314 951 hoc
1334 923 1389 951 ex
1412 909 1555 952 Nicia.

348 1028 389 1057 24
405 1035 462 1055 nec
475 1034 612 1064 usquam
628 1023 720 1062 alibi]
739 1023 790 1054 An
804 1024 880 1063 quia
893 1024 1000 1054 solum
1043 1023 1143 1054 etiam
1161 1022 1361 1063 Mongaltim

306 1068 517 1100 Dolabellam
533 1067 672 1097 timebat
686 1067 698 1095 ?
715 1067 862 1103 minime,
878 1072 918 1096 ut
931 1067 1003 1107 opi·
1086 1068 1126 1096 25
1149 1067 1205 1096 hoe
1220 1075 1260 1095 ex
1284 1064 1403 1105 Nicia]
1430 1064 1496 1106 Qui
1522 1065 1608 1108 apud
1632 1066 1736 1099 Dota-

303 1121 387 1150 nor3
424 1110 480 1141 sed
503 1109 637 1140 honoris
658 1118 784 1146 caussa,
806 1115 845 1139 ut
872 1108 998 1150 placuit
1042 1107 1161 1139 bellam
1177 1113 1259 1139 erat.
1280 1117 1378 1149 supra
1391 1118 1444 1149 ep.
1460 1110 1513 1140 28.

572 1340 656 1394 Μ.
695 1338 978 1393 TULLII
1020 1337 1447 1393 CICERONIS

489 1470 1537 1539 EPISTOLARUM

983 1613 1037 1638 AD

759 1691 805 1745 A
833 1691 876 1738 T
904 1690 947 1738 T
978 1690 1001 1738 I
1033 1690 1074 1738 C
1104 1690 1154 1738 U
1187 1690 1260 1748 M,

848 1804 1035 1847 LIBER
1068 1805 1201 1848 XIV.

868 1919 1150 1944 *-

805 2005 1208 2044 ARGUMENTUM.

296 2074 376 2112 Tris
403 2072 558 2121 amplius
576 2082 709 2108 menses
726 2071 835 2106 nullae
861 2074 986 2106 extant
1002 2071 1147 2118 scriptu>
1174 2070 1328 2109 litterae;
1358 2080 1400 2106 ex
1418 2070 1535 2106 tertiis
1556 2070 1723 2107 videlicet

342 2125 610 2166 Saturnalibus,
631 2135 709 2172 quae
729 2122 886 2174 suerunt
904 2134 966 2158 ΧΠ
996 2122 1083 2159 Kal.
1102 2122 1188 2158 Jan.
1208 2122 1256 2158 ad
1271 2126 1354 2170 post
1384 2121 1439 2159 Id.
1458 2122 1632 2166 Martias,
1650 2135 1722 2171 quo

341 2179 401 2214 die
433 2177 552 2213 Caesar
579 2178 714 2212 occisus
740 2180 804 2212 est.
860 2175 1003 2210 Occisus
1033 2178 1086 2209 est
1116 2179 1248 2215 autem,
1276 2178 1318 2210 nt
1353 2173 1505 2211 Velleius
1539 2176 1607 2217 ait,
1639 2187 1721 2211 cum

342 2231 500 2278 quinque
529 2240 660 2264 menses
677 2232 758 2275 post
774 2228 931 2263 reditum
949 2238 991 2262 ex
1018 2226 1202 2274 Hispania
1220 2226 1343 2262 Romae
1361 2225 1510 2276 fuisset.
1564 2226 1720 2275 Scriptae

339 2287 423 2318 sunt
441 2287 560 2318 autem
589 2281 654 2322 hae,
674 2280 728 2316 Μ.
753 2281 914 2316 Antonio
931 2283 967 2314 et
994 2279 1039 2315 P.
1061 2278 1225 2315 Cornelio
1243 2279 1442 2315 Dolabella
1470 2279 1566 2316 Coss,
1619 2279 1720 2315 Nam

340 2335 383 2376 is,
404 2333 594 2384 interfecto
624 2333 774 2374 Caesare,
783 2331 908 2380 fasces
933 2332 1073 2374 statim,
1098 2336 1141 2367 ut
1167 2333 1222 2367 ait
1249 2331 1475 2371 Paterculus,
1496 2336 1531 2367 et
1557 2332 1718 2379 insignia

342 2387 557 2422 Consulatus
573 2386 642 2421 sibi
668 2386 841 2432 arripuit,
861 2387 970 2419 antea
997 2384 1204 2431 designatus
1222 2383 1266 2419 ab
1284 2384 1363 2426 illo,
1382 2395 1485 2432 quem
1501 2384 1569 2420 sibi
1585 2384 1716 2419 substi-

340 2443 469 2481 tueret,
489 2440 527 2474 in
545 2438 705 2474 Parthos
720 2437 957 2486 proficiscens.
1013 2435 1207 2472 Continent
1232 2447 1314 2471 vero
1328 2437 1556 2484 potissimum
1577 2435 1716 2483 Reipu-

338 2491 438 2526 bltcae
465 2494 704 2537 tempestates,
724 2501 815 2537 quoe,
834 2488 899 2524 illo
918 2500 1018 2531 caes0,
1049 2492 1243 2524 consecuto?
1270 2492 1365 2526 sunt.
1421 2488 1542 2524 Cicero
1569 2488 1716 2535 quidem

332 2544 465 2591 primis
482 2543 557 2578 illis
575 2543 708 2583 diebus,
728 2553 808 2577 cum
826 2540 999 2576 Senatum
1018 2542 1055 2576 in
1072 2553 1175 2576 suam
1190 2541 1404 2576 sententiam
1419 2540 1656 2587 perduxisset,
1673 2543 1716 2576 ut

337 2596 534 2639 communis
552 2595 752 2630 concordiae
769 2605 889 2635 causa,
909 2591 1126 2639 injuriarum
1139 2594 1313 2629 ‘memoria
1328 2593 1546 2640 sempiterna
1564 2591 1714 2628 oblivio-

333 2659 380 2682 ne
407 2645 594 2682 tolleretur
604 2661 617 2686 ;
648 2645 768 2685 Roma
794 2657 951 2693 egressus
976 2650 1028 2681 est
1054 2647 1094 2681 in
1119 2657 1201 2681 suas
1227 2645 1360 2684 villas;
1399 2644 1493 2679 unde
1520 2644 1620 2680 dedit
1647 2644 1714 2680 has

336 2699 491 2740 litteras,
510 2699 615 2733 modo
632 2700 721 2745 spei,
740 2699 844 2733 modo
863 2698 1121 2746 desperationis
1134 2697 1273 2745 plenas.
1326 2696 1507 2732 Privatim
1527 2707 1609 2732 vero
1627 2708 1713 2732 con-

335 2752 452 2787 tinent
470 2751 650 2798 querelam
669 2751 712 2785 cle
738 2749 916 2785 ementitis
934 2751 1025 2785 actis
1045 2749 1195 2785 Caesaris
1209 2765 1222 2786 .·
1241 2748 1388 2798 factum
1408 2748 1612 2784 Dolabellae
1625 2764 1637 2784 .·
1667 2749 1712 2784 de

332 2804 484 2839 Amatio
511 2802 722 2838 humillimae
737 2803 846 2837 sortis
863 2801 1016 2843 homine,
1036 2803 1099 2849 qui
1123 2813 1230 2837 ausus
1246 2800 1378 2850 fuerat
1395 2802 1433 2836 in
1452 2800 1491 2837 C.
1511 2799 1628 2836 Marii
1646 2811 1712 2836 no-

332 2867 414 2891 men
433 2855 614 2896 invadere,
632 2866 738 2902 seque
752 2865 820 2902 pro
843 2858 972 2901 nepote
988 2854 1086 2889 illius
1102 2865 1251 2901 gerere:
1279 2857 1314 2888 et
1333 2853 1527 2888 domestica
1544 2853 1710 2900 quaedam

330 2908 523 2956 privatius.
575 2907 690 2944 Datoe
705 2910 790 2943 sunt
817 2905 900 2954 post
918 2905 974 2944 Id.
994 2905 1110 2945 Mart.
1129 2906 1178 2943 ad
1197 2917 1269 2944 xw
1289 2906 1431 2942 circiter
1449 2904 1536 2943 Kal.
1555 2904 1674 2943 Junii.
