1940 3231
674 177 879 217 LIBER
912 176 1027 214 X111.
1505 181 1584 221 777

148 285 199 328 lit
221 301 290 328 me
322 285 552 337 interdum,
587 293 633 325 ut
657 292 698 324 te
720 281 882 323 hortari
919 279 1061 320 velim.
1094 278 1166 319 sed
1202 292 1271 318 me
1295 278 1386 335 ipse
1411 295 1584 323 revoco.

146 358 232 385 non
257 344 369 384 enim
394 343 561 393 dubito,
584 341 703 396 quin,
728 338 843 393 quod
868 351 934 378 me
959 337 1079 378 valde
1104 335 1208 376 velle
1232 345 1370 391 putes,
1395 338 1437 377 in
1464 353 1514 379 eo
1539 350 1585 381 tu

146 415 215 442 me
239 402 376 457 ipsum
402 400 640 456 cupiditate
665 397 824 437 vincas.
859 395 1003 450 itaque
1027 395 1135 435 istuc
1153 394 1245 448 jam
1271 408 1348 449 pro
1375 394 1488 435 facto
1512 396 1587 436 ha..

149 459 247 499 beo.
285 458 516 514 Exspecto,
541 455 641 510 quid
679 455 770 494 istis
797 452 963 510 placeat
987 452 1039 493 de
1061 451 1244 508 epistola
1277 451 1329 492 ad
1354 450 1586 492 Caesarem.

149 515 300 556 ,Nicias
327 528 380 565 te,
417 524 461 555 ut
484 514 626 562 debet,
649 521 779 561 amat,
807 510 1166 564 vehementerque
1199 520 1271 549 tua
1295 509 1357 550 sui
1383 510 1590 550 memoria

149 573 400 614 delectatur.
464 569 557 626 Ego
588 583 686 610 vero
714 568 958 610 Peduceum
995 577 1186 608 nostrum
1225 566 1499 607 vehementer
1525 567 1590 607 di-

149 630 255 686 ligo.
291 632 418 669 3nam
444 639 483 668 et
508 627 657 682 quanti
683 636 845 682 patrem
872 624 969 676 feci,
993 636 1130 665 totum
1153 625 1195 664 in
1220 624 1360 665 bunc:
1383 635 1426 664 et
1449 624 1589 680 ipsum

152 702 228 744 per
250 701 294 727 se
327 700 448 740 aeque
483 700 596 735 amo,
620 694 748 739 atque
783 683 898 724 illum
933 683 1101 733 amavi3
1145 692 1186 722 te
1219 697 1316 722 vero
1344 682 1590 737 plurimum,

150 746 222 800 qui
261 743 342 784 hoc
364 743 418 783 ab
455 753 635 796 utroque
660 741 852 782 nostrum
884 740 973 780 fieri
1010 740 1127 780 velis.
1190 739 1233 779 Si
1271 739 1417 780 hortos
1449 740 1592 795 inspe-

150 801 279 849 xeris,
301 812 344 840 et
367 801 400 840 si
436 800 488 840 de
510 799 692 856 epistola
724 799 950 839 certiorem
979 812 1048 837 me
1072 796 1248 847 secet-'153
1281 797 1446 837 dederis
1471 797 1591 845 mihi,

149 858 263 913 quod
303 857 354 898 ad
397 868 437 898 te
473 859 683 898 scribam:
730 857 793 896 sin
832 855 986 906 minus,
1010 856 1195 896 scribam
1233 864 1376 895 tamen
1414 854 1592 910 aliquid.

149 930 383 971 numquam
409 915 524 955 enim
546 914 697 955 deerit.

592 1002 827 1045 CICERO
859 1001 1088 1043 ATTICO
1122 1002 1166 1043 S.
1609 999 1635 1034 ‘2

155 1060 453 1115 GRATIOR
477 1072 581 1113 mihi
607 1072 800 1113 celeritas
824 1081 1055 1125 nimquam
1078 1071 1171 1126 ipsa
1187 1085 1265 1111 res.
1281 1071 1381 1126 quid
1398 1071 1511 1112 enim
1531 1071 1596 1113 in-

152 1131 356 1186 dignius?
389 1130 460 1170 sed
479 1131 570 1184 jam
601 1130 652 1170 ad
677 1130 757 1170 ista
779 1128 1076 1177 obduruimus,
1099 1138 1140 1168 ct
1168 1129 1479 1170 humanitatem
1503 1144 1596 1170 om-

153 1203 249 1228 nem
275 1187 490 1228 exuimus.
522 1186 635 1227 Tuas
660 1187 820 1227 litteras
844 1185 972 1225 hodie
998 1187 1321 1240 exspectabam,
1346 1186 1451 1226 nihil
1476 1187 1592 1241 equi·
1609 1200 1642 1231 b.

155 1245 321 1286 demut
337 1259 390 1285 ex
412 1245 463 1284 iis
484 1245 610 1285 novi:
634 1244 735 1299 quid
760 1244 900 1284 enim?
925 1253 1234 1283 verumtamen.
1261 1242 1408 1299 Oppio
1431 1255 1470 1284 et
1496 1244 1596 1285 Bal-

156 1303 213 1343 bo
245 1301 447 1358 epistolas
479 1302 632 1342 deferri
663 1301 856 1356 jubebiS,
879 1309 921 1340 et
946 1310 1087 1340 tamen
1112 1300 1349 1341 4Pisonem
1384 1301 1521 1342 sicubi
1545 1302 1598 1343 de

155 1374 274 1401 auro.
337 1359 543 1400 Faberius
575 1361 606 1399 si
635 1360 812 1408 venerit,
840 1357 1005 1398 videbis
1040 1368 1087 1398 ut
1119 1368 1286 1398 tautum
1321 1359 1597 1410 attribuatur,

156 1417 191 1457 si
216 1417 344 1458 modo
367 1417 641 1468 attribuetur,
663 1426 870 1472 quantum
896 1416 1091 1456 debetur.
1133 1416 1351 1472 5accipies
1375 1418 1428 1457 ab
1454 1416 1600 1460 Erote.

155 1473 421 1524 Ariarathes,
446 1474 726 1515 Ariobarzani
763 1474 889 1523 filius,
920 1472 1102 1513 Romam
1128 1474 1261 1514 venit.
1296 1473 1400 1524 vult,
1430 1475 1600 1530 opinor,

156 1546 336 1588 regnum
361 1532 531 1587 aliquod
557 1546 697 1572 emere
718 1547 743 1572 a
768 1531 954 1572 Caesare.
988 1545 1100 1581 nam,
1124 1546 1210 1586 quo
1234 1531 1362 1572 modo
1389 1546 1500 1571 nunc
1522 1541 1602 1583 est,

156 1590 308 1645 pedem
345 1590 414 1629 ubi
442 1600 571 1644 ponat
606 1589 647 1629 in
681 1604 772 1639 suo,
805 1603 889 1629 non
924 1588 1068 1628 habet.
1101 1590 1279 1629 omnino
1311 1603 1406 1629 eum
1438 1589 1602 1630 Sestius

158 1657 304 1687 noster
340 1646 551 1702 parochus
587 1645 783 1701 publicus
820 1645 1077 1701 occupavit:
1122 1646 1235 1700 quod
1272 1647 1444 1701 quidem
1476 1645 1603 1688 facile

156 1704 314 1760 patior.
351 1715 657 1753 verumtamen,
678 1703 794 1758 quod
819 1703 939 1753 mihi,
961 1717 1128 1743 summo
1153 1704 1361 1745 beneficio
1383 1718 1492 1753 meo,
1515 1719 1605 1745 ma·-

159 1776 246 1818 gna
267 1775 365 1802 cum
389 1761 592 1802 fratribus
618 1762 728 1801 illius
758 1761 1029 1802 necessitudo
1052 1770 1130 1810 est,
1155 1762 1292 1802 invito
1315 1776 1411 1802 eum
1439 1776 1512 1816 per
1534 1762 1604 1803 lit-

160 1828 286 1870 teras,
311 1830 356 1859 ut
390 1819 502 1874 apud
539 1834 606 1859 me
636 1819 889 1859 diversetur.
922 1818 974 1859 ad
1011 1833 1103 1858 eam
1130 1833 1214 1859 rem
1254 1832 1350 1859 cum
1387 1820 1606 1860 mitterem

160 1875 473 1926 Alexandrum,
502 1875 578 1916 has
601 1877 639 1917 ei
671 1877 766 1917 dedi
803 1876 979 1917 litteras.
1042 1874 1148 1916 Cras
1182 1877 1315 1932 igitur
1346 1876 1490 1917 auctio
1527 1877 1607 1917 Pe-

160 1933 302 1975 ducei.
337 1934 468 1975 6cum
493 1935 652 1990 poteris
675 1949 804 1990 ergo:
838 1934 916 1973 etsi
942 1933 1149 1988 impediet
1170 1933 1350 1974 fortasse
1376 1934 1606 1976 Faberius:

163 1991 235 2032 sed
261 2003 419 2042 tamen,
442 2006 540 2032 cum
573 1991 736 2033 licebit.
801 1990 1039 2045 Dionysius
1073 2000 1216 2032 noster
1248 1992 1436 2048 graviter
1466 1992 1610 2046 queri-

163 2058 248 2097 tur,
280 2059 324 2090 et
355 2060 496 2090 tamen
525 2049 640 2104 jure,
676 2064 701 2089 a
739 2048 963 2105 discipulis
988 2049 1168 2089 'labesse
1206 2060 1290 2089 tam
1330 2049 1419 2089 diu.
1463 2049 1609 2090 multis

166 2106 306 2147 verbis
338 2106 511 2161 scripsit
533 2106 583 2147 ad
608 2120 691 2156 me,
713 2107 842 2147 credo
866 2107 967 2147 item
989 2106 1038 2146 ad
1067 2117 1121 2146 te.
1154 2107 1260 2146 mihi
1285 2106 1460 2162 quidem
1493 2107 1612 2148 vide-

163 2172 234 2204 tur
263 2163 393 2203 etiam
427 2164 588 2205 diutius
622 2163 843 2206 afuturus:
877 2180 927 2205 ac
959 2163 1131 2205 nollem.
1166 2164 1286 2205 valde
1323 2165 1438 2205 enim
1471 2164 1612 2205 homi-

162 2235 260 2266 nem
284 2220 494 2268 desidero.

603 2277 841 2320 CICERO
873 2277 1103 2320 ATTICO
1136 2278 1180 2319 S.
1623 2285 1649 2322 3

164 2336 218 2391 A
240 2349 318 2393 TE
351 2351 514 2393 litteras
547 2353 881 2405 exspectabam3
920 2353 1143 2393 8nondum
1183 2348 1361 2393 scilic‘et.
1400 2367 1498 2392 nam
1533 2352 1611 2393 has

166 2422 292 2450 mane
325 2404 664 2451 9rescribebam.
725 2409 822 2467 Ego
856 2424 955 2451 vero
992 2413 1030 2440 10
1045 2410 1127 2451 ista
1156 2410 1334 2451 nomina
1366 2409 1426 2451 sic
1457 2411 1626 2467 probo„

208 2525 228 2554 3
250 2532 342 2560 nam.
359 2529 391 2554 et
419 2525 614 2564 quanti—in
637 2525 737 2562 hune,
762 2525 869 2564 ipsum
912 2525 971 2555 etsi
992 2524 1189 2565 impedietf
1206 2524 1376 2562 Faberius,
1401 2529 1537 2566 propter
1557 2535 1614 2566 pe-

169 2548 245 2605 &ej
261 2570 293 2596 et
305 2567 422 2606 quanti
435 2566 583 2607 postulat
599 2571 630 2597 ec
646 2568 766 2606 ipsum.
792 2577 870 2597 nam
913 2567 1045 2599 cuniam
1061 2568 1102 2597 ab
1115 2578 1154 2597 eo
1169 2568 1374 2606 exigendam.

169 2610 332 2647 ecquantz',
356 2609 442 2650 quod
465 2609 633 2646 nonnulli,
654 2610 755 2640 etiam
780 2610 871 2641 Grae-
955 2613 972 2643 7
999 2610 1105 2641 abesse
1118 2615 1188 2641 tam
1204 2610 1275 2650 diu]
1301 2609 1440 2642 Videtur
1457 2611 1612 2642 excidisse

168 2650 253 2686 vius,
277 2649 588 2693 habent‚vineptum
616 2656 679 2682 est.
706 2656 810 2683 totum
834 2653 872 2684 in
913 2662 958 2684 se.

170 2693 269 2728 hune,
285 2693 426 2730 contuli,
441 2695 612 2725 transtuli.
956 2696 976 2725 8
1010 2694 1155 2728 nondum
1182 2696 1303 2726 scilieet
1331 2695 1408 2735 &c.]
1451 2694 1612 2726 Advenire

211 2737 232 2765 4
256 2734 410 2765 Pisonem
421 2737 522 2767 sicubi
535 2738 574 2768 de
586 2735 683 2776 auro]
702 2736 872 2768 Convene-
914 2735 1105 2767 tabellarius
1120 2738 1231 2778 potuit
1246 2748 1320 2768 cum
1338 2738 1440 2768 literis
1456 2738 1535 2768 tuis.

171 2776 226 2807 ris.
241 2785 272 2807 v.
287 2777 365 2807 xil.
379 2781 408 2807 5.
957 2783 977 2814 9
998 2780 1227 2819 rescribebam]
1245 2780 1339 2810 Dixit
1355 2790 1413 2820 pro
1426 2780 1616 2816 scribebam,

213 2821 232 2848 5
254 2820 390 2858 accipies
400 2820 441 2849 ab
455 2819 574 2861 Erote]
599 2821 772 2861 Quantum
788 2821 869 2852 mihi
913 2823 990 2861 quia
1007 2823 1175 2861 respondit
1198 2823 1302 2853 literis
1317 2822 1419 2853 Attici
1441 2823 1617 2862 superiori-

170 2860 339 2897 debeatur,
355 2872 393 2892 ex
412 2862 511 2893 Erote
527 2863 648 2894 discere
663 2864 795 2903 poteris.
913 2865 983 2895 bus.

210 2903 231 2934 6
252 2913 326 2934 eum
344 2905 467 2943 poteris
481 2906 573 2945 ergo]
603 2907 652 2937 Ad
672 2916 724 2936 me
746 2907 868 2937 venies.
958 2910 994 2937 lo
1017 2907 1082 2937 ista
1095 2907 1231 2937 nomina
1244 2905 1410 2946 sicprobo]
1429 2906 1615 2947 Ambigunt

168 2950 260 2985 patet
275 2956 292 2976 e
311 2955 399 2987 seqq.
422 2948 478 2978 sed
499 2952 623 2987 tamen,
646 2959 722 2980 cum
748 2949 864 2980 licebit.
912 2948 1109 2990 interpretes
1135 2949 1175 2980 de
1205 2949 1407 2982 nominibus
1437 2950 1514 2991 quia
1540 2955 1615 2996 post
