1940 3231
721 117 927 160 LIBER
965 117 1037 158 XI.
1517 126 1593 165 7²23

1258 194 1275 209 X·

584 224 818 267 CICERO
848 222 1078 265 ATTICO
1111 223 1154 264 S.
1602 225 1630 265 6

146 273 538 335 SOLLICITUM
570 307 660 334 esse
697 302 737 333 te
769 307 868 333 cum
899 291 951 332 de
979 291 1064 332 tuis
1087 289 1476 345 communibusque
1498 292 1584 334 for·
1598 307 1629 337 p.
1651 298 1719 330 173·

142 348 274 399 tunis,
313 360 402 391 tum
437 350 625 391 maxime
652 350 704 390 de
735 364 818 400 me,
841 364 891 390 ac
913 349 966 389 de
999 348 1146 390 dolore
1170 362 1280 398 me0‚
1314 350 1477 389 sentio:
1511 350 1627 404 quia·

141 405 318 458 quidem
351 407 472 449 dolor
502 421 620 447 meus
649 421 736 447 non
769 407 899 447 modo
922 421 1008 447 non
1041 406 1264 456 minuitur,
1287 419 1385 445 cum
1419 405 1585 449 socium

140 461 223 502 sibi
247 464 447 519 adjungit
467 463 658 505 dolorem
683 474 819 515 tuum,
843 464 916 505 sed
938 465 1068 505 etiam
1087 472 1284 518 augetur.
1307 462 1485 503 omnino
1506 478 1583 518 pro

138 527 214 559 tua
242 521 471 575 prudentia
504 522 650 571 sentis,
675 537 760 576 qua
781 521 1077 562 consolatione
1098 521 1228 561 levari
1265 520 1454 561 maxime
1486 534 1583 575 pos-

138 576 234 617 sim.
267 578 421 632 probas
452 579 567 618 enim
600 593 742 620 meum
775 578 1019 630 consilium,
1052 592 1269 634 negasque
1311 577 1418 617 mihi
1456 579 1582 631 quid-

135 646 264 687 quam
297 634 369 674 tali
403 644 598 691 tempore
630 637 773 691 potius
805 636 1050 677 faciendum
1085 635 1230 676 fuisse.
1269 635 1389 676 addis
1432 635 1580 688 etiam,

134 690 268 745 (quod
291 693 368 731 etsi
396 693 500 733 mihi
525 693 659 734 levius
681 703 760 745 est,
779 709 909 749 quam
932 704 1054 734 tuum
1071 693 1305 748 judicium,
1328 705 1469 733 tamen
1492 708 1581 735 non

131 755 197 787 est
227 747 354 798 leve,)
385 751 538 791 ceteris
571 766 758 806 quoque,
789 751 832 792 id
864 761 942 802 est,
973 751 1046 806 qui
1081 751 1246 806 pondus
1280 750 1483 801 lmbeant,
1516 750 1581 792 fa-

128 812 248 845 ctum
283 818 477 848 nostrum
513 810 699 863 probari.
724 809 766 849 id
802 809 836 850 si
870 809 932 849 ita
963 818 1173 864 putarem,
1208 808 1340 848 levius
1372 808 1579 850 dolerem.

128 861 268 912 crede,
292 863 450 918 inquis,
479 866 601 906 mihi.
637 867 765 907 credo
789 866 986 921 equidem
1007 882 1015 907 :
1051 866 1121 906 sed
1147 867 1250 914 scio,
1273 879 1402 919 quam
1426 866 1615 932 cupias?

125 918 264 960 minui
287 920 478 962 dolorem
503 938 662 965 meum.
724 923 801 964 Me
823 923 1068 964 discessisse
1091 924 1145 963 ab
1168 923 1313 973 armis,
1337 922 1576 977 numquam

123 978 361 1029 poenituit:
398 983 434 1010 ¹3
450 989 568 1021 tanta
590 991 680 1022 erat
715 982 755 1021 in
785 981 866 1021 illis
890 979 1134 1029 crudelitas,
1159 989 1279 1020 tanta
1297 995 1395 1021 cum
1422 980 1577 1022 barba-

123 1032 181 1073 ris
216 1036 420 1090 gentibus
443 1039 712 1093 conjunctio,
737 1047 783 1078 ut
816 1053 903 1078 non
937 1038 1210 1087 nominatim,
1234 1037 1305 1077 sed
1335 1039 1576 1092 generatim

122 1093 385 1149 proscriptio
406 1105 517 1135 esset
540 1096 795 1146 informata;
829 1094 986 1150 utjam
1009 1095 1202 1135 omnium
1221 1094 1391 1149 judicio
1409 1097 1574 1136 consti-

123 1157 265 1190 tutum
299 1161 424 1202 esset,
448 1152 641 1193 omnium
672 1152 861 1194 vestrum
899 1154 1011 1193 bona
1043 1152 1232 1207 praedam
1257 1166 1347 1191 esse
1372 1152 1482 1192 illius
1508 1155 1572 1193 vi—

121 1207 298 1259 ctoriae3
333 1209 535 1260 vestrum,
567 1209 693 1266 plane
729 1210 852 1252 dico:
887 1224 1122 1264 numquam
1154 1211 1268 1249 enim
1301 1208 1353 1249 de
1386 1219 1427 1249 te
1459 1211 1570 1265 ipso,

118 1264 202 1303 nisi
225 1265 531 1317 crudelissime,
554 1268 795 1323 cogitatum
828 1276 906 1308 est.
932 1281 1063 1322 quare
1089 1266 1325 1308 voluntatis
1359 1281 1426 1307 me
1459 1282 1568 1309 meae

117 1333 355 1376 numquam
395 1324 654 1379 poenitebit:
697 1325 865 1366 consilii
899 1326 1100 1380 poenitet.
1134 1325 1176 1365 in
1216 1323 1380 1379 oppido
1423 1324 1567 1380 aliquo

115 1377 285 1420 mallem
310 1381 529 1432 resedisse,
552 1382 694 1438 quoad
727 1396 974 1424 arcesserer.
1005 1382 1145 1422 minus
1178 1382 1385 1422 sermonis
1410 1383 1568 1423 subiis-

116 1448 230 1478 sem:
265 1438 404 1479 minus
439 1440 700 1496 accepissem
733 1440 917 1481 doloris:
952 1440 1094 1496 ipsum
1124 1440 1208 1480 hoc
1234 1454 1300 1479 me
1323 1453 1409 1479 non
1433 1454 1567 1496 ange-

115 1502 195 1534 ret.
256 1494 474 1536 Brundisii
493 1497 655 1552 jacere,
679 1498 722 1538 in
745 1511 894 1538 omnes
929 1507 1072 1552 partes
1101 1506 1165 1537 est
1186 1496 1430 1537 molestum.
1464 1512 1564 1553 pro-

112 1549 209 1605 pius
229 1553 445 1604 accedere,
471 1565 516 1594 ut
539 1555 705 1605 suades,
723 1570 810 1611 quo
834 1555 963 1595 modo
985 1556 1074 1595 sine
1098 1554 1337 1604 lictoribus,
1357 1569 1463 1609 quos
1486 1570 1562 1611 po-

111 1607 238 1661 pulus
260 1609 393 1660 dedit,
418 1625 606 1665 possum,
629 1613 702 1667 qui
727 1612 833 1652 mihi
857 1612 1061 1652 incolumi
1085 1612 1215 1652 adimi
1241 1626 1325 1651 non
1351 1616 1561 1666 possunt?

113 1667 150 1698 ¹9
164 1681 271 1721 quos
293 1682 375 1723 ego
400 1683 512 1709 nunc
547 1670 778 1726 paullisper
798 1684 899 1710 cum
924 1669 1086 1710 bacillis
1123 1669 1165 1709 in
1196 1669 1366 1709 turbam
1387 1670 1559 1724 conjeci

109 1722 163 1763 ad
185 1724 394 1780 oppidum
417 1727 641 1777 accedens,
662 1741 716 1768 ne
738 1728 833 1782 quis
857 1727 1044 1782 impetus
1067 1726 1252 1767 militum
1278 1726 1413 1768 fieret.
1437 1731 1477 1758 20
1490 1742 1556 1768 re-

105 1777 225 1835 liquo
257 1791 450 1839 tempore
481 1799 550 1825 me
580 1785 725 1826 domo.
787 1784 848 1825 Te
879 1799 994 1825 nunc
1026 1784 1078 1826 ad
1112 1784 1307 1840 Oppium
1338 1795 1382 1825 et
1413 1784 1596 1826 Anto-b·

107 1838 253 1881 nium:
287 1840 338 1880 iis
361 1841 549 1896 placeret
576 1842 706 1883 modo
739 1843 915 1898 propius
937 1842 1155 1891 accedere,
1179 1845 1213 1870 2¹
1235 1851 1280 1881 ut
1316 1841 1397 1882 hac
1430 1843 1482 1883 de
1509 1858 1554 1884 re

106 1896 446 1940 considerarem:
498 1900 642 1952 credo,
682 1899 774 1941 fore
813 1909 1010 1940 auctores
1049 1899 1130 1951 (sic
1161 1899 1277 1939 enim
1318 1900 1553 1955 recipiant)

106 1952 269 1994 Caesari
303 1970 388 1996 non
420 1957 550 1998 modo
582 1957 634 1998 de
665 1957 975 2007 conservanda,
1007 1957 1079 1997 sed
1111 1957 1241 1997 etiam
1274 1955 1326 1996 de
1355 1959 1556 2013 augenda

104 2024 201 2052 mea
230 2011 444 2068 dignitate
475 2015 643 2056 ‘22curae
676 2015 791 2057 fore:
845 2028 999 2070 meque
1033 2015 1273 2063 hortantur,
1307 2023 1354 2054 ut
1390 2029 1552 2071 magno

102 2068 248 2110 animo
270 2070 376 2123 sim3
409 2080 457 2112 ut
479 2073 626 2113 omnia
647 2087 814 2114 summa
842 2087 1033 2129 sperem:
1067 2086 1116 2113 ea
1139 2072 1368 2128 spondent,
1393 2073 1551 2113 confir-

143 2203 181 2232 18
216 2205 314 2232 tanea
345 2203 380 2232 z'n
416 2204 483 2233 illis
510 2204 688 2234 crudelitas
723 2203 796 2242 ἂρ]
843 2213 926 2234 anae.
968 2203 1085 2233 addam
1127 2207 1262 2234 tantum
1307 2204 1548 2235 correctionem

99 2243 320 2284 Pompeianis,
355 2246 409 2284 qui
443 2246 656 2276 vehementer
691 2246 799 2276 mina·
840 2245 1007 2276 Tunstalli
1038 2246 1061 2276 l.
1090 2257 1118 2276 e.
1144 2247 1263 2284 recipio
1294 2250 1436 2285 tempore
1466 2257 1544 2278 meo.

96 2285 219 2317 bantur
234 2288 285 2322 iis,
303 2289 337 2318 in
359 2297 478 2328 eosque
501 2288 691 2323 saeviebant,
707 2289 762 2327 qui
778 2299 797 2318 a
839 2289 943 2331 Δξέμῳ
958 2292 989 2318 te
1005 2298 1092 2318 nunc
1102 2290 1148 2318 ad
1165 2289 1318 2328 Oppium.

94 2329 161 2359 suis
184 2329 331 2370 partibus
356 2339 421 2360 non
444 2332 624 2362 stetissent.
650 2331 799 2360 barbara>
884 2336 920 2362 21
936 2330 1389 2369 utlzacdereconsz'clerarem]
1409 2339 1452 2360 sc.
1466 2341 1544 2363 cum

93 2376 221 2410 gentes,
234 2383 253 2403 a
267 2373 384 2411 quibus
400 2373 522 2403 auxilia
536 2379 741 2414 acceperant.
839 2373 928 2413 ipsis.
953 2385 1012 2415 pro
1029 2375 1115 2412 vulg.
1140 2374 1394 2408 consideramus,
1418 2383 1435 2403 e
1461 2374 1540 2404 Mss.

141 2417 178 2448 19
200 2424 277 2455 quos
292 2424 350 2453 ego
372 2416 518 2455 nuncp]
546 2426 635 2446 nunc
655 2426 714 2456 pro
736 2425 800 2446 non
843 2417 910 2446 suis
927 2417 1088 2451 (ἧι-πενίης,
1106 2418 1197 2446 hene.
1233 2417 1286 2445 Sne
1309 2422 1343 2444 et
1365 2416 1416 2445 ed.
1440 2415 1539 2448 Rom.

93 2454 180 2493 dedi,
204 2462 243 2488 ut
265 2457 391 2496 placuit
412 2464 446 2488 et
468 2458 645 2489 'sunstallo
669 2469 700 2499 p.
729 2460 798 2489 158.
843 2459 950 2489 Possis
965 2466 999 2490 et
1014 2459 1177 2496 conjicere
1192 2457 1482 2495 considerare-nm,
1501 2466 1540 2490 ut

92 2497 156 2529 hoc
167 2500 297 2538 quidem
309 2500 530 2539 lenius,quam
542 2502 684 2531 aliorum
694 2501 799 2537 modo,
841 2501 970 2532 ultimae
993 2503 1099 2532 literae
1122 2511 1179 2541 per
1199 2500 1431 2540 compendium
1459 2502 1538 2531 scri-

90 2541 177 2579 quod
194 2546 228 2572 et
243 2542 388 2582 quidam,
403 2543 543 2583 denique
566 2543 727 2580 Graevius,
745 2553 798 2573 rem
837 2549 905 2583 ptae
919 2544 1111 2574 exciderint.

92 2593 207 2623 cepere
221 2584 409 2616 intextum.
880 2589 920 2618 Ξῖ.)
943 2596 1030 2616 curoe
1040 2585 1135 2624 jere]
1168 2584 1241 2614 Hoc
1264 2584 1344 2614 mihi
1368 2595 1453 2626 saepe
1477 2596 1537 2626 pro

130 2628 172 2658 ΞΟ
194 2628 316 2667 reliquo
340 2631 482 2668 tempore
508 2639 559 2660 me
587 2628 693 2668 domo]
722 2628 785 2659 int.
831 2628 939 2667 glossa
966 2633 1155 2669 suspectum
1187 2628 1262 2657 fuit.
1287 2627 1380 2658 Dicit.
1406 2631 1536 2666 Cicero,

88 2676 156 2698 non
172 2678 298 2704 moveo,
321 2679 362 2700 ne
374 2671 445 2710 quis
461 2682 512 2702 me
536 2672 655 2702 videat.
672 2671 727 2701 sed
742 2673 788 2701 sic
830 2672 877 2701 sic
889 2672 1060 2711 recipiunt.
1077 2670 1153 2709 quid
1170 2671 1271 2709 igitur
1285 2665 1470 2710 recipiunt?
1489 2681 1535 2701 sc.

87 2709 198 2741 editur
231 2722 248 2741 e
270 2713 496 2744 correctione:
520 2725 617 2753 quam
649 2715 787 2748 servavi.
830 2723 863 2744 se
892 2714 962 2744 fore
986 2719 1135 2744 auctores
1152 2713 1285 2750 Caesari,
1309 2712 1348 2742 de
1371 2713 1535 2752 dignitate

87 2754 166 2791 quia
179 2759 293 2784 tamen
317 2755 460 2796 intelligi
486 2762 606 2796 potest.
630 2757 737 2788 Locus
753 2757 788 2786 in
831 2766 906 2787 mea
934 2758 994 2787 ἃς.
1021 2765 1177 2796 quorsum
1205 2756 1307 2793 igitur
1329 2765 1416 2784 curve
1426 2754 1534 2793 sore!

84 2795 158 2826 edd.
181 2800 216 2826 et
237 2797 366 2837 scriptis
387 2798 480 2828 vaide
508 2805 543 2830 et
567 2801 653 2830 varie
675 2809 787 2830 corru-
830 2798 886 2829 sed
903 2805 1020 2829 contra
1035 2808 1147 2837 meque
1162 2799 1339 2827 hortantur
1362 2807 1429 2827 esse
1446 2798 1533 2827 vide-

84 2842 162 2878 ptus
184 2843 244 2874 est,
261 2844 459 2879 vexatusque
475 2843 685 2881 conjecturis,
702 2852 783 2879 quos
825 2846 892 2871 tur.
932 2841 995 2872 Sed
1011 2841 1043 2871 id
1059 2846 1166 2881 potest
1183 2840 1344 2877 conjungi
1361 2849 1434 2869 cum
1452 2842 1533 2871 rcci-

84 2880 206 2921 wideat,
232 2882 289 2922 qui
305 2882 395 2918 velit,
421 2883 456 2914 in
479 2885 568 2914 notis
592 2884 642 2916 ed.
659 2884 784 2922 Graev‘i-
820 2885 933 2923 piune.
949 2889 998 2915 est
1013 2890 1127 2916 tamen
1143 2882 1195 2913 hic
1208 2881 1332 2922 aliquid
1348 2881 1431 2912 duri.

767 2932 895 2969 3222
