1940 3231
343 168 422 208 870
768 159 949 202 EPIST.
974 163 1048 202 AD
1073 162 1359 207 ATTICUM,

344 282 467 324 guas,
489 267 561 310 sed
596 266 713 309 nulla
738 266 914 324 justior,
937 282 1066 323 quam
1094 268 1210 324 quod
1243 278 1289 310 tu
1321 266 1434 309 idem
1465 265 1558 308 aliis
1591 267 1767 313 litteri:

336 324 526 381 provide,
543 325 583 360 67
597 326 630 366 si
662 325 727 367 cui
749 325 850 381 quid
869 324 1051 377 debetur,
1071 333 1119 366 ut
1145 327 1199 367 sit
1215 324 1370 367 Gssunde
1394 339 1478 380 pat·
1500 326 1601 380 pari
1622 341 1785 382 respon-

345 381 506 429 deatur.
566 381 754 438 Illirg'sica
787 382 892 423 enim
921 385 1110 438 Zvoexgnqs'a
1132 391 1188 424 esc
1201 389 1372 438 propter
1391 389 1540 423 metum
1563 398 1784 427 armorum.

350 440 402 482 In
426 439 536 482 freto
559 440 702 481 medio
725 440 836 480 hanc
858 439 1084 495 epistolam
1106 439 1208 496 legi,
1233 451 1294 492 ut,
1317 440 1421 495 quid
1447 454 1614 495 possem
1639 443 1784 497 provi-

215 507 246 540 Ρ·
264 500 337 532 257.
351 498 464 550 dere,
480 498 520 538 in
543 506 729 538 mentem
755 496 859 536 mihi
881 511 965 537 non
981 496 1159 548 veniret,
1180 498 1221 532 69
1235 497 1317 538 nisi
1333 506 1379 538 ut
1397 511 1585 554 praesens
1604 513 1673 539 me
1693 499 1787 555 ipse

306 552 335 572 ³¹
349 555 636 597 defenderem.
698 553 781 593 Sed
813 554 906 594 haec
937 553 1160 594 hactenus.
1191 554 1353 610 reliqua
1380 569 1540 596 eoram.
1601 554 1783 598 Antonii

312 608 316 611 ’
349 612 538 654 edictum
561 615 602 645 70
615 610 700 666 legi
723 625 748 651 a
775 610 928 661 Bruto,
951 621 995 650 et
1015 613 1053 644 7¹
1071 610 1222 651 horum
1253 620 1420 664 contra,
1441 614 1650 668 scriptum
1676 627 1787 670 prae·

349 669 476 711 clare.
508 668 580 709 sed
611 667 715 723 quid
740 668 822 708 ista
839 667 982 708 edicta
1005 668 1187 718 valeant,
1206 679 1281 709 aut
1310 683 1397 724 quo
1419 679 1630 725 spectent,
1660 671 1787 727 plane

348 741 436 768 non
452 726 601 768 video:
626 740 704 766 nec
725 739 808 780 ego
830 739 959 776 nunc,
983 733 1029 766 ut
1051 725 1210 766 Brutus
1233 727 1450 777 censebat,
1472 728 1583 769 istuc
1599 729 1653 769 ad
1675 742 1786 770 rem—

351 783 567 840 publicam
590 782 896 839 capessendam
920 782 1060 824 venio.
1090 783 1193 837 quid
1219 783 1334 824 enim
1357 783 1446 824 fieri
1480 788 1651 840 potest?
1682 796 1786 828 num

349 841 444 895 quis
477 840 626 881 Pisoni
649 848 713 880 est
744 842 965 881 assensus?
997 854 1099 881 num
1123 839 1250 881 rediit
1271 840 1362 896 ipse
1384 841 1590 896 postridie
1610 845 1623 884 ?
1653 846 1694 877 72
1708 843 1785 884 sed-

349 899 497 945 abesse
521 897 631 938 hanc
651 905 823 938 aetatem
845 896 973 953 longe
995 912 1020 938 a
1042 897 1236 952 sepulcro
1259 906 1420 953 negant
1441 908 1653 954 oportere.
1701 901 1786 942 Sed

349 956 531 997 obsecro
555 965 610 1006 te,
633 954 737 1009 quid
773 964 838 995 est
858 954 974 1009 quod
1009 955 1154 995 audivi
1176 955 1228 995 de
1251 954 1388 996 Bruto
1407 958 1420 997 ?
1465 955 1618 996 Piliam
1636 960 1787 1014 πωςοίζε-

349 1015 431 1052 σθαι
450 1015 650 1067 memmio-31,
674 1022 715 1052 te
738 1012 956 1067 scripsisse
979 1011 1136 1053 aiebat.
1156 1011 1277 1053 valde
1299 1027 1393 1053 sum
1414 1024 1682 1055 commotus:
1704 1014 1784 1055 etsi

347 1067 478 1119 idem,
502 1079 543 1109 te
566 1070 765 1120 scribere,
788 1083 956 1124 sperare
977 1069 1142 1110 melius.
1203 1070 1263 1110 ita
1283 1069 1409 1126 plane
1441 1070 1583 1111 velim.
1613 1071 1652 1111 ei
1669 1071 1787 1113 dicas

347 1124 576 1181 plurimam
601 1126 796 1178 salutem,
819 1137 861 1167 et
880 1127 1146 1168 suavissimae
1168 1127 1346 1169 Atticae.
1408 1127 1521 1168 Haec
1540 1128 1691 1184 scripsi
1713 1143 1787 1170 na-

348 1182 516 1238 vigans,
539 1199 638 1225 cum
663 1184 979 1241 Pompeianum
1001 1184 1266 1236 accederem,
1289 1198 1407 1226 x1111
1434 1184 1531 1226 Kal.

309 1296 334 1334 8
781 1290 1015 1333 CICERO
1046 1291 1275 1333 ATTICO
1307 1292 1352 1334 S.

350 1345 495 1400 CUM
520 1358 666 1409 sciam,
689 1373 775 1414 quo
797 1359 867 1400 die
889 1368 1093 1401 venturus
1124 1360 1219 1411 sim,
1241 1359 1414 1412 faciam,
1435 1372 1482 1402 ut
1505 1362 1628 1403 scias.
1651 1361 1788 1419 impe-

347 1417 540 1459 dimenta
560 1416 850 1472 exspectanda
874 1426 988 1467 sunt,
1010 1432 1107 1472 quae
1129 1417 1331 1474 Anagnia
1355 1418 1560 1460 veniunt:
1597 1429 1641 1460 et
1660 1418 1784 1460 fami-

346 1473 406 1516 lia
435 1479 552 1529 aegra
573 1483 652 1515 est.
716 1473 812 1514 Kal.
839 1475 999 1530 vesperi
1023 1469 1177 1516 littera:
1201 1476 1306 1515 mihi
1329 1476 1384 1516 ab
1406 1475 1665 1518 Octaviano.
1695 1491 1786 1518 ma-

347 1546 436 1587 gna
457 1531 646 1572 molitur.
667 1541 905 1582 veteranos,
924 1532 1075 1587 quiqui
1095 1531 1273 1574 Casilini
1291 1542 1334 1573 et
1354 1532 1534 1575 Calatiae
1553 1543 1668 1585 sunt,
1690 1548 1786 1590 per-

347 1589 477 1630 duxit
498 1589 550 1630 ad
571 1603 690 1630 suam
712 1590 985 1630 sententiam.
1011 1604 1091 1631 nec
1112 1590 1294 1632 mirum:
1326 1590 1568 1646 quingenos
1589 1591 1786 1633 denarios

282 1696 285 1697 ⁷
347 1646 448 1688 dat:
479 1647 646 1702 cogitat
680 1646 861 1701 reliquas
895 1647 1085 1688 colonias
1107 1647 1242 1688 obire.
1272 1648 1398 1704 plane
1419 1648 1503 1689 hoc
1531 1656 1711 1704 spectat,
1734 1658 1783 1690 ut

348 1717 393 1744 se
427 1704 536 1745 duce
559 1703 715 1745 bellum
748 1713 921 1759 geratur
951 1718 1049 1745 cum
1071 1703 1280 1745 Antonio.
1312 1705 1458 1760 itaque
1488 1704 1613 1747 video
1637 1705 1785 1762 paucis

347 1761 500 1802 diebus
522 1775 599 1802 nos
616 1761 659 1801 in
682 1761 811 1802 armis
834 1760 940 1802 fore.
989 1762 1130 1808 Quem
1149 1771 1291 1814 autem
1310 1765 1566 1818 sequamur?
1588 1763 1685 1805 vide
1707 1776 1786 1804 no-

346 1833 466 1860 men:
490 1819 588 1859 vide
602 1828 790 1860 aetatem.
813 1818 958 1874 Atque
972 1834 996 1860 a
1009 1833 1076 1860 me
1092 1819 1294 1875 postulat,
1309 1820 1495 1875 primum
1513 1828 1560 1860 ut
1572 1820 1681 1862 clam
1696 1820 1786 1862 col-

345 1875 548 1931 loquatur
569 1890 753 1925 mecum,
769 1877 834 1917 vel
852 1876 1034 1932 Capuae,
1053 1875 1118 1917 vel
1135 1891 1221 1918 non
1240 1877 1370 1917 lonae
1391 1892 1416 1918 a
1435 1877 1600 1933 Capua.
1623 1877 1786 1934 puerile

344 1933 431 1974 hoc
444 1933 633 1988 quidem⁷
648 1934 682 1974 si
701 1934 744 1974 id
768 1942 892 1989 putat
913 1934 1022 1975 clam
1037 1933 1127 1975 fieri
1147 1949 1284 1989 posse.
1306 1911 1432 1975 &ocni
1451 1949 1523 1990 per
1538 1934 1716 1987 litteras,
1738 1936 1784 1978 id

345 2005 428 2032 nec
448 2005 557 2046 opus
578 2005 685 2042 esse,
706 2005 786 2032 nec
815 1992 906 2033 fieri
931 2006 1070 2048 posse.
1100 1992 1219 2032 misit
1240 1991 1293 2033 ad
1315 2005 1383 2032 me
1406 1991 1629 2034 Caecinam
1650 2007 1786 2049 quen-

301 2060 332 2090 b.
346 2048 444 2089 dam
489 2048 831 2099 Volaterranum,
868 2048 1120 2090 familiarem
1159 2063 1298 2100 suum,
1335 2049 1408 2104 qui
1447 2049 1542 2092 haec
1580 2049 1784 2106 pertulit:

344 2105 588 2146 Antonium
610 2120 719 2159 cum·
738 2105 908 2163 legione
940 2106 1203 2148 Alaudarum
1227 2106 1280 2147 ad
1314 2107 1463 2147 urbem
1497 2117 1688 2163 pergere,
1711 2122 1786 2164 pe-

344 2163 494 2204 cunias
529 2163 775 2219 municipiis
812 2164 1035 2219 imperare,
1074 2164 1290 2220 legionem
1323 2164 1403 2205 sub
1437 2164 1572 2221 signis
1612 2164 1783 2206 ducere.

344 2220 632 2273 consultabat,
655 2231 798 2262 utrum
838 2221 1024 2265 Romam
1047 2236 1146 2263 cum
1172 2234 1248 2262 cm
1277 2234 1354 2262 cm
1382 2235 1459 2263 cm
1487 2230 1784 2264 veteranorum

343 2370 428 2402 solet
441 2372 614 2412 epitheton
628 2372 713 2410 addi,
731 2383 805 2403 cum
821 2372 888 2404 tale
901 2372 979 2413 quid
993 2382 1044 2404 se·
1087 2382 1160 2403 mus
1175 2371 1323 2403 Atticum
1338 2373 1521 2412 pei-jocum
1534 2372 1581 2403 sic
1595 2372 1724 2403 dixisse.

344 2414 466 2452 quitur.
491 2414 576 2445 forte
589 2419 638 2445 est
654 2425 673 2445 a
688 2415 879 2453 glossatore.
1126 2416 1166 2450 69
1189 2415 1252 2445 nisi
1274 2419 1312 2445 ut
1330 2415 1488 2455 proesems]
1511 2414 1586 2447 εᾶὼ
1612 2424 1661 2454 pr.
1685 2415 1780 2455 quod.

386 2456 425 2488 67
447 2457 475 2486 si
488 2458 542 2486 eui
555 2458 632 2496 quid
645 2457 791 2497 debetur]
819 2459 870 2488 Sic
884 2457 936 2488 ed.
948 2457 1041 2488 Jens.
1082 2457 1169 2488 forte
1184 2467 1257 2496 quo,
1281 2456 1331 2487 vel
1347 2457 1416 2497 qui.
1432 2457 1487 2488 sed
1500 2462 1592 2488 totus
1614 2457 1705 2488 locus
1720 2467 1780 2488 no-

342 2497 404 2528 Ed.
420 2498 516 2529 Rom.
534 2499 638 2538 quod:
662 2496 747 2539 quod
762 2501 862 2531 miror
874 2505 1039 2531 servatum
1083 2500 1132 2531 bis
1148 2500 1282 2530 vitiosus
1298 2499 1436 2530 videtur.

343 2541 411 2570 esse
424 2546 540 2571 contra
553 2540 767 2572 latinitatem.
1127 2545 1168 2576 70
1191 2542 1287 2581 legia
1300 2541 1424 2582 Bruto]
1449 2540 1704 2581 suppeditatum
1720 2542 1783 2573 mi·

375 2582 425 2622 ,68
448 2583 533 2613 uncle
542 2593 609 2622 par
618 2585 697 2623 pari
711 2584 958 2624 respondeatur]
978 2585 1041 2616 Mi·
1085 2585 1118 2616 hi
1135 2595 1154 2615 a
1170 2583 1289 2614 Bruto.

341 2633 380 2654 ra
391 2628 509 2661 oratio,
520 2626 554 2655 in
568 2626 732 2657 solutione
744 2637 810 2666 par
818 2628 899 2667 pari
913 2635 1042 2667 ‘respon-
1126 2630 1162 2660 71
1189 2628 1304 2656 horum
1319 2624 1448 2665 contra]
1472 2624 1583 2662 Bruti,
1600 2624 1722 2656 Cassii:
1745 2635 1780 2658 v.

342 2667 428 2697 dere.
453 2672 533 2706 puto
554 2677 620 2706 par
638 2669 717 2707 pari
741 2669 888 2700 additum
906 2669 946 2700 ab
971 2671 1040 2700 ine·
1083 2670 1124 2700 ad
1140 2669 1216 2700 Div.
1231 2667 1292 2704 XI,
1309 2671 1341 2699 3.

341 2714 400 2749 pto
421 2708 600 2748 glossatore
616 2721 653 2739 ex
670 2710 727 2740 illo
742 2712 866 2742 comico
876 2718 945 2751 poi·
962 2714 1041 2751 pari
1126 2715 1166 2745 72
1188 2711 1245 2741 sed
1264 2712 1535 2748 abesse—negant
1557 2709 1623 2749 op.]
1647 2709 1711 2740 Sed
1729 2713 1782 2741 ta-

341 2751 487 2791 re‘spond.
505 2752 591 2791 quod
602 2753 696 2782 illum
714 2754 870 2783 mordeat.
898 2754 936 2783 (le
952 2755 1041 2787 solu-
1084 2763 1160 2784 men
1176 2753 1290 2784 dieunt
1313 2762 1366 2782 me
1383 2751 1486 2782 redire
1501 2752 1630 2788 debere,
1644 2752 1705 2782 etsi
1719 2762 1778 2792 pe-

341 2794 432 2824 tione
464 2793 657 2834 simpliciter
685 2795 747 2825 (lici
776 2800 884 2836 potest
912 2806 1042 2836 respon·
1083 2796 1224 2826 riculum
1240 2795 1295 2825 sit.
1318 2804 1396 2825 nam
1411 2804 1463 2825 me
1485 2799 1621 2834 propter
1644 2799 1779 2825 aetatem

340 2836 428 2872 dere,
455 2845 529 2866 oum
554 2836 691 2867 solvitur
713 2837 754 2867 ad
776 2837 861 2868 diem
879 2838 1039 2868 debitori:
1085 2848 1152 2873 non
1167 2838 1263 2877 longe
1284 2847 1304 2868 a
1318 2841 1425 2867 morte
1446 2837 1570 2874 abesse,
1583 2846 1648 2877 quo
1669 2837 1781 2868 minus

340 2887 405 2915 quo
428 2882 463 2908 et
477 2888 575 2918 supra
597 2888 673 2908 usus
695 2884 756 2910 est.
774 2889 804 2909 v.
822 2880 913 2911 Clav.
929 2882 963 2910 iu
986 2891 1038 2911 re·
1082 2880 1264 2921 periculum
1279 2888 1347 2912 esse
1361 2878 1558 2911 timendum.

339 2920 504 2959 spondere.
538 2930 605 2953 uua
626 2920 770 2953 defensio
805 2928 868 2961 est,
894 2924 920 2954 si
952 2921 1040 2960 diea-
