1940 3231
699 110 906 150 LIBER
946 112 998 150 11.
1493 118 1572 156 479

126 237 227 266 nem
247 225 287 257 47
302 229 472 276 tempus
500 216 622 269 illud,
651 232 750 258 curn
777 225 820 257 et
844 217 1036 262 Quintus
1058 222 1204 256 noster
1218 213 1329 270 jam,
1358 225 1406 258 ut
1427 233 1571 274 spera-

127 296 238 333 mus,
260 280 301 321 in
321 278 412 319 otio
431 275 689 326 consederit,
711 276 752 305 48
765 284 823 325 et,
846 275 927 315 iste
946 273 1144 314 sacerdos
1165 271 1302 313 Bonae
1322 273 1429 325 deae,
1446 278 1571 332 cujus

127 339 246 381 modi
265 337 434 378 futurus
457 334 528 385 sit,
551 333 752 373 sciemus.
814 331 986 372 Interea
1007 330 1180 386 quidem
1205 344 1302 370 cum
1328 330 1469 372 Musis
1493 349 1570 375 nos

127 392 436 438 delectabimus
468 391 613 432 animo
645 404 787 444 aequo,
819 389 953 430 immo
986 403 1087 429 vero
1118 388 1248 428 etiam
1280 389 1486 443 gaudenti
1521 406 1570 432 ac

126 452 293 495 libenti.
317 462 455 504 neque
478 446 585 488 mihi
608 460 814 502 umquam
837 447 981 487 veniet
1006 447 1049 487 in
1069 454 1258 486 mentem
1281 445 1438 487 Crasso
1461 448 1572 488 invi-

126 511 240 561 dere,
265 521 402 562 neque
426 505 658 562 poenitere,
680 504 797 559 quod
820 518 845 544 a
867 518 935 544 me
958 504 1049 559 ipse
1069 518 1155 544 non
1179 503 1449 546 desciverim.
1503 503 1574 546 De

128 563 422 622 Geographia,
454 563 571 603 dabo
603 575 794 618 operam,
831 570 879 602 ut
918 561 996 602 tibi
1033 560 1318 603 satisfaciam:
1358 563 1431 603 sed
1463 562 1572 605 nihil

127 624 230 666 certi
264 621 483 678 polliceor.
516 633 723 675 magnum
746 633 855 675 opus
878 628 968 670 est;
998 620 1040 652 49
1054 619 1126 659 sed
1159 628 1319 670 tamen,
1351 629 1399 660 ut
1422 620 1570 676 jubeS,

126 680 302 730 curabo,
334 687 383 719 ut
412 677 542 732 hujus
570 676 932 733 peregrinationis
960 675 1132 731 aliquod
1164 677 1244 717 tibi
1275 692 1384 733 opus
1411 687 1568 720 exstet.

125 738 190 781 Tu
220 735 430 793 quidquid
462 734 681 790 indagaris
711 734 764 774 de
793 733 1030 790 republica,
1052 743 1096 774 et
1117 734 1307 775 maxime
1329 750 1437 789 quos
1462 750 1568 777 con-

125 794 236 838 sules
267 793 435 835 futuros
470 800 611 848 putes,
640 791 790 842 facito,
823 800 871 832 ut
902 791 1062 833 sciam:
1095 792 1264 832 tametsi
1297 793 1439 834 minus
1471 808 1567 835 sum

126 853 336 896 curiosus.
368 850 499 891 statui
521 849 637 891 enim
660 848 768 890 nihil
783 848 877 904 jam
900 849 952 890 de
975 849 1196 905 republica
1217 849 1426 905 cogitare.
1485 850 1569 892 Te-

125 911 275 951 rentiae
299 908 454 949 saltum
483 906 800 963 perspeximus.
831 906 934 962 quid
964 907 1149 962 quaeris?
1183 917 1339 963 praeter
1361 923 1568 964 quercum

126 966 400 1010 Dodonaeam
433 963 541 1006 nihil
576 964 883 1016 desideramus,
919 979 1006 1019 quo
1040 964 1184 1005 minus
1217 963 1397 1020 Epirum
1430 967 1569 1022 ipsam

124 1024 344 1082 possidere
379 1022 614 1064 videamur.
679 1022 769 1063 Nos
808 1021 981 1063 circiter
1018 1020 1115 1062 Kal.
1150 1031 1225 1062 aut
1257 1024 1299 1062 in
1336 1023 1569 1065 Formiano

122 1083 297 1133 erimus,
319 1091 394 1122 aut
415 1081 459 1121 in
483 1079 769 1135 Pompeiano.
801 1088 863 1130 tu,
886 1079 920 1120 si
953 1079 995 1120 in
1019 1078 1252 1120 Formiano
1276 1094 1362 1120 non
1386 1081 1569 1132 erimus3

125 1140 161 1182 si
184 1155 261 1181 nos
284 1153 416 1189 amas,
439 1137 481 1178 in
507 1136 822 1192 Pompeianum
845 1136 1005 1177 venito.
1040 1137 1081 1177 id
1104 1146 1147 1177 et
1170 1137 1294 1177 nobis
1319 1138 1401 1178 erit
1426 1138 1570 1193 perju-

126 1197 333 1247 cundum,
354 1206 398 1237 et
419 1194 499 1235 tibi
523 1209 608 1234 non
631 1208 731 1234 sane
753 1194 942 1236 devium.
979 1194 1045 1235 De
1069 1208 1206 1245 muro,
1230 1195 1438 1251 imperavi
1466 1195 1570 1236 Phi-

126 1255 294 1304 lotimo,
318 1269 370 1295 ne
391 1251 634 1308 impediret,
657 1266 743 1306 quo
765 1251 907 1292 minus
931 1252 971 1292 id
1004 1252 1139 1302 fieret,
1162 1252 1277 1307 quod
1301 1253 1382 1293 tibi
1407 1253 1571 1293 videre-

127 1323 212 1353 tur.
243 1326 396 1353 censeo
425 1319 583 1361 tamen,
613 1309 819 1350 adhibeas
841 1309 1052 1350 Vettium.
1084 1309 1150 1350 his
1174 1311 1457 1367 temporibus,
1483 1321 1569 1351 tam

125 1370 260 1411 dubia
293 1369 380 1410 vita
411 1367 567 1423 optimi
603 1366 828 1422 cujusque,
860 1367 1008 1422 magni
1047 1367 1216 1409 aestimo
1247 1369 1374 1409 unius
1406 1369 1570 1409 aestatis

127 1430 169 1458 50
182 1427 371 1468 fructum
392 1426 604 1482 palaestrae
624 1424 850 1475 Palatinae,
873 1425 945 1465 sed
967 1425 1027 1465 ita
1046 1434 1204 1476 tamen,
1228 1435 1276 1465 ut
1298 1425 1407 1467 nihil
1430 1427 1571 1466 minus

128 1484 270 1535 velim,
312 1498 442 1540 quam
486 1481 774 1538 Pomponiam
816 1490 860 1522 et
903 1496 1083 1539 puerum
1125 1483 1283 1524 versari
1328 1483 1372 1524 in
1417 1484 1572 1524 timore

128 1542 280 1583 ruinae.

565 1595 801 1638 CICERO
833 1595 1062 1638 ATTICO
1095 1598 1139 1638 S.
1586 1604 1611 1642 5

127 1656 329 1709 CUPIO
350 1666 566 1723 equidem,
597 1674 640 1706 et
663 1666 758 1721 jam
783 1665 950 1721 pridem
973 1666 1104 1721 cupio
1126 1664 1452 1717 Alexandriam,
1477 1665 1574 1708 reli-

126 1739 342 1781 quamque
364 1724 608 1781 AEgyptum
633 1725 783 1773 visere,
805 1732 849 1763 et
871 1722 998 1763 simul
1016 1724 1070 1764 ab
1091 1723 1171 1764 hac
1195 1723 1420 1765 hominum
1445 1725 1573 1766 satie-

127 1793 216 1825 tate
247 1783 382 1824 nostri
413 1781 646 1832 discedere,
675 1790 719 1821 et
748 1794 847 1821 cum
879 1780 1023 1836 aliquo
1047 1780 1260 1822 desiderio
1284 1782 1465 1824 reverti:
1499 1782 1622 1825 sedb.

129 1840 212 1882 hoc
235 1850 444 1896 tempore,
467 1849 510 1880 et
531 1841 567 1869 5¹
585 1838 651 1879 his
674 1838 964 1890 mittentibus,

283 1910 443 1962 Αἶὸἐομαι
464 1912 592 1963 'regix-3,
611 1913 671 1949 καὶ
692 1910 854 1964 Τξωαίδιις
872 1910 1125 1953 {bueo-miram.

127 1976 230 2031 quid
252 1977 368 2017 enim
392 1976 527 2018 nostri
550 1976 798 2031 optimates,
829 1976 862 2015 si
894 1975 967 2030 qui
997 1975 1149 2031 reliqui
1180 1986 1294 2027 sunt,
1317 1976 1576 2033 loquentur.³

127 2048 200 2085 an,
225 2048 292 2075 me
313 2034 459 2090 aliquo
483 2034 663 2090 praemio
686 2034 739 2091 de
762 2032 976 2074 sententia
997 2046 1089 2073 esse
1110 2033 1375 2076 deductum?

287 2105 499 2156 Πκλυδοίμοις
516 2123 574 2156 μοι
591 2108 716 2158 πςᾶῐτος
736 2105 900 2154 ἐλεγχείην
919 2106 1084 2146 ἀναθήσει.

133 2169 249 2211 Cato
279 2170 348 2212 ille
381 2180 544 2221 noster,
574 2170 647 2225 qui
682 2169 789 2209 mihi
819 2184 929 2210 unus
960 2177 1025 2209 est
1055 2183 1132 2225 pro
1163 2179 1340 2212 centum
1370 2171 1577 2216 millibus.

132 2227 252 2274 Quid
277 2243 377 2269 vero
401 2228 592 2269 historiae
610 2227 663 2268 de
681 2227 807 2268 nobis
826 2227 879 2269 ad
898 2242 1034 2268 annos
1056 2241 1116 2268 Dc
1142 2228 1449 2283 praedicarint?
1470 2245 1577 2286 quas

169 2343 211 2376 47
229 2346 357 2383 tempus
371 2341 471 2383 illud]
490 2352 535 2373 sc.
552 2352 616 2382 quo
631 2342 737 2372 aberit
754 2341 831 2372 Clo-

128 2382 202 2415 dius
215 2385 335 2416 Roma.

171 2429 213 2457 48
241 2432 282 2463 et,
305 2428 366 2459 iste
385 2426 649 2467 sam—fiamus,
671 2425 741 2467 ejus
762 2426 830 2466 sit]

130 2468 213 2500 Edd.
230 2478 279 2510 pr'.
295 2472 373 2501 seiri
381 2472 496 2511 possit,
513 2475 632 2507 praeter
643 2469 741 2500 Rom.
758 2480 832 2509 quae

129 2510 230 2543 habet
245 2512 426 2552 afuturus
439 2513 494 2549 sit,
508 2514 639 2543 scimus.
668 2512 746 2542 Mss.
761 2513 831 2551 qui-

131 2553 206 2586 dam
221 2556 306 2585 scius
321 2557 375 2593 sit,
389 2555 476 2586 unde
492 2555 618 2585 factum
634 2552 704 2594 ejus
717 2555 769 2584 sit.
793 2554 834 2584 In

131 2597 196 2628 Ms.
212 2598 349 2628 Victorii
366 2604 457 2628 erat:
482 2601 513 2627 et
526 2598 584 2627 iste
597 2598 745 2626 sacerdos
759 2598 835 2627 bene

134 2639 174 2669 de
187 2644 219 2670 te
237 2640 419 2681 cujusmodi
428 2638 578 2679 ‚ficturus
589 2640 675 2668 scius
688 2640 741 2669 sit.
786 2639 836 2669 Ex

131 2693 197 2722 quo
206 2683 403 2713 Tunstallus
414 2693 444 2722 p.
459 2683 509 2716 96.
521 2682 614 2712 facit:
629 2685 660 2711 et
674 2682 695 2712 ἑ.
708 2692 734 2712 s.
748 2683 835 2718 bene,

134 2725 174 2754 de
197 2730 229 2755 te
251 2724 434 2766 cujusmodi
451 2723 612 2765 futurus,
637 2723 758 2764 ejectus
781 2726 834 2755 sit.

135 2766 231 2803 Edidi
247 2766 423 2798 lectionem
435 2768 637 2798 Romanam:
656 2776 835 2797 accommo-

121 2809 246 2839 -datt'us
258 2811 343 2840 enim
361 2811 449 2840 nobis
463 2811 525 2839 erit
541 2810 587 2839 ad
602 2811 624 2839 l.
649 2811 837 2839 l.-cum—-

132 2852 172 2883 de
188 2850 368 2891 tefucurus
381 2853 436 2887 sit,
450 2853 600 2883 sciemus.
629 2850 741 2881 Unum
757 2852 836 2882 scie-

135 2903 209 2925 mus
223 2905 242 2924 e
257 2896 411 2934 conjectu
418 2905 451 2924 ra
464 2894 589 2924 nostra.
606 2893 726 2924 omisso
742 2895 781 2924 de
795 2897 837 2924 te.

877 2383 883 2389 .
918 2343 959 2375 49
987 2341 1044 2371 sed
1065 2346 1177 2372 tamen
1203 2343 1336 2384 curabo]
1368 2355 1399 2375 v.
1425 2346 1524 2385 epist.
1548 2346 1579 2378 6.

876 2384 951 2414 mit.

920 2429 961 2457 50
976 2427 1136 2468 fructum
1160 2429 1325 2467 palaeseroe
1352 2428 1470 2461 Palae.
1499 2431 1576 2472 δια]

876 2468 991 2499 Sermo
1005 2475 1056 2500 est
1071 2471 1109 2500 de
1126 2470 1223 2500 domo
1241 2472 1408 2502 Ciceronis
1425 2473 1459 2502 in
1483 2473 1578 2505 Pala-

875 2512 938 2549 tio,
962 2522 1035 2551 quae
1051 2512 1192 2542 habebat
1210 2514 1411 2552 palti-stram.
1450 2516 1580 2547 Domus

877 2553 917 2592 ῼ.
932 2554 1042 2584 fratris
1056 2555 1084 2584 ei
1098 2559 1169 2585 erat
1184 2556 1253 2586 sine
1267 2557 1580 2599 intervallojuncta,

878 2596 934 2625 sed
949 2606 1062 2626 murus
1078 2596 1252 2637 palaestrae,
1268 2599 1355 2629 unde
1370 2602 1581 2631 exercitatio-

880 2647 935 2667 nes
953 2639 1147 2678 palaestricae
1162 2642 1408 2680 spectabantur,
1432 2650 1502 2673 erat
1526 2654 1579 2673 ru-

881 2680 1003 2711 inosus.
1026 2683 1055 2712 ei
1072 2682 1154 2712 vitio
1168 2683 1290 2713 mederi
1309 2684 1439 2715 volebat
1455 2695 1512 2726 per
1529 2695 1579 2716 ar-

880 2722 1077 2755 chitectum.

922 2768 959 2796 51
985 2767 1035 2796 his
1049 2768 1267 2807 mittentibus]
1293 2769 1421 2799 Caesare
1434 2775 1467 2800 et
1483 2770 1581 2800 Pom-

880 2808 966 2849 pei0,
983 2809 1038 2848 qui
1054 2811 1083 2839 ei
1107 2809 1193 2840 hanc
1214 2811 1412 2849 legationem
1436 2811 1581 2842 destina·

880 2856 974 2923 rant,i
985 2851 1025 2881 ad
1041 2853 1235 2884 societatem
1247 2862 1322 2883 cum
1339 2853 1522 2886 Ptolemaeo
1533 2855 1582 2887 fa·

880 2903 953 2923 cren
977 2903 1043 2924 am.
