1940 3231
694 121 899 179 menn
931 120 1021 176 v'11.
1508 132 1586 185 σιτ

139 247 259 300 boni,
291 252 341 289 ut
371 254 539 304 putant,
571 241 862 288 consentiunt.
895 254 1003 298 quos
1035 255 1118 302 ego
1150 242 1315 303 equites
1342 241 1584 302 Romano&

137 320 247 360 quos
268 315 483 347 senatores
509 305 624 346 vidi?
653 302 726 358 qui
750 300 957 342 acerrime
979 312 1081 341 cum
1102 308 1261 352 cetera,
1283 308 1376 342 tum
1398 301 1481 344 hoc
1504 304 1586 346 iter

140 362 341 419 Pompeii
380 363 698 419 vituperarent:
732 371 838 416 pace
879 371 987 415 opus
1022 367 1102 399 est.
1163 356 1233 399 Ex
1272 358 1456 400 victoria
1486 368 1589 403 cunr

137 420 276 461 multa
297 420 422 472 mala,
443 423 483 451 83
497 428 588 460 tum
619 427 736 459 certe
766 429 973 473 tyrannus
1003 416 1178 458 existet.
1207 415 1280 457 sed
1308 414 1404 457 haec
1430 431 1587 474 prope-

139 478 256 519 diem
277 492 437 520 coram.
494 475 596 518 Jam
617 475 744 532 plane
766 477 807 506 8⁴
819 474 927 515 mihi
949 473 1083 526 deest,
1106 474 1223 530 quod
1245 473 1298 515 ad
1321 483 1364 515 te
1386 474 1587 516 scribam.

136 550 218 577 nec
240 536 356 577 enim
377 534 431 576 de
452 532 689 589 republica,
715 533 831 589 quod
865 542 1046 588 uterque
1076 531 1275 573 nostrum
1306 531 1390 573 scit
1411 530 1588 574 eadem:

137 602 183 633 et
214 591 451 634 domestica
469 588 575 632 nota
597 600 696 632 sunt
717 591 945 632 ambobus.
969 590 1182 645 reliquum
1204 598 1269 630 est
1284 587 1443 645 jocari,
1464 590 1499 630 si
1518 589 1590 632 hic

140 647 267 692 sinat.
291 663 390 690 nam
412 663 495 705 ego
526 649 562 689 is
594 663 703 701 sum,
736 649 826 704 qui,
849 648 909 689 illi
933 647 1130 699 concedi,
1154 657 1303 704 putem
1328 647 1479 688 utilius
1499 662 1594 689 esse

138 707 255 762 quod
291 706 497 762 postulat,
520 721 650 762 quam
679 707 804 763 signa
824 705 1027 747 conferri.
1086 705 1190 746 Sero
1213 705 1329 746 enim
1353 705 1591 747 resistimus

138 765 192 816 ei,
214 778 342 819 quem
371 778 445 820 per
478 779 615 805 annos
646 763 794 806 decem
822 763 1006 807 aluimus
1031 772 1184 805 contra
1213 768 1307 804 nos'.
1331 761 1435 818 quid
1459 764 1593 805 sentis

137 821 300 878 igitur?
343 822 502 878 inquiS.
546 821 655 863 nihil
694 822 874 873 scilicet,
917 822 1000 862 nisi
1038 822 1090 863 de
1130 821 1345 863 sententia
1379 831 1479 873 tua;
1512 835 1592 862 nec

136 879 254 935 prius
285 880 476 935 quidem,
499 894 631 935 quam
661 890 858 922 nostrum
890 880 1118 935 negotium
1152 889 1227 920 aut
1259 877 1592 930 confecerimus,

136 945 212 978 aut
227 937 569 993 deposuerimus.
604 937 721 979 Cura
739 939 886 993 igitur,
905 948 954 978 ut
974 937 1128 978 valeas.
1149 935 1382 992 aliquando
1396 940 1591 993 ἀπότςιψοιι

135 1000 394 1048 quartanam
416 996 544 1037 istam
567 995 810 1052 diligentia,
832 1009 929 1051 quae
953 995 997 1036 in
1023 1004 1064 1035 te
1087 1009 1255 1036 summa
1279 1004 1357 1036 est.

574 1085 810 1128 CICERO
842 1084 1073 1127 ATTICO
1106 1085 1150 1126 S.
1604 1081 1632 1123 6

136 1144 354 1198 PLANE
375 1156 495 1198 deest
526 1155 643 1212 quod
666 1156 719 1197 ad
743 1165 784 1196 te
807 1155 1018 1198 scribam:
1054 1163 1158 1196 nota
1187 1153 1333 1195 omnia
1355 1153 1436 1195 tibi
1461 1162 1586 1195 sunt:

136 1228 218 1255 nec
241 1215 333 1270 ipse
357 1214 566 1264 85habeo,
600 1228 625 1254 a
649 1223 690 1254 te
719 1213 835 1269 quod
868 1222 1134 1269 exspectem.
1161 1221 1329 1253 tantum
1354 1212 1488 1268 igitur
1511 1226 1589 1252 no-

137 1281 272 1312 strum
293 1272 394 1313 illud
421 1271 611 1312 solemne
633 1285 865 1322 servemus,
890 1280 937 1312 ut
962 1285 1013 1312 ne
1035 1285 1163 1326 quem
1178 1271 1291 1312 istuc
1307 1279 1482 1310 euntem
1497 1269 1588 1310 sine
1600 1282 1632 1312 P·
1653 1273 1723 1303 ¹05·

137 1329 292 1370 litteris
315 1329 602 1370 dimittamus.
664 1329 732 1370 De
755 1329 977 1385 republica
1004 1328 1127 1370 valde
1150 1328 1310 1369 timeo:
1344 1342 1424 1369 nec
1447 1327 1590 1369 adhuc
1602 1326 1633 1348 ἢ·

136 1385 226 1428 fere
248 1387 410 1438 inveni,
432 1388 508 1441 qui
531 1401 617 1427 non
641 1387 968 1428 concedendum
994 1394 1164 1442 putaret
1182 1385 1360 1435 Caesari,
1378 1385 1494 1441 quod
1514 1400 1593 1442 po-

138 1444 331 1496 stularet,
355 1445 516 1500 potius,
536 1459 665 1500 quam
690 1445 1044 1501 depugnandum.
1068 1453 1132 1485 est
1155 1444 1226 1484 illa
1242 1442 1418 1498 quidem
1443 1450 1595 1499 postu-

131 1501 243 1546 latio
266 1502 474 1558 opinione
496 1502 721 1543 valentior.
747 1518 823 1544 cur
845 1511 990 1543 autem
1014 1516 1129 1543 nunc
1152 1502 1340 1558 primum
1365 1501 1401 1542 ei
1424 1501 1596 1542 resista-

137 1563 261 1602 mus?
293 1564 314 1600 ἐς
339 1565 407 1616 78:43
432 1563 472 1601 ἰὼ
497 1562 568 1601 τάδε
584 1564 695 1614 μεῖζον
714 1563 781 1602 ἔπει
800 1567 912 1606 κακὸν,
949 1574 1079 1615 quam
1113 1574 1213 1601 cum
1247 1559 1597 1614 quinquennium

136 1618 507 1674 prorogabamus3
539 1626 615 1658 aut
642 1632 757 1668 cum,
794 1628 840 1658 ut
866 1618 1057 1659 absentis
1081 1618 1192 1659 ratio
1217 1616 1462 1668 haberetur,
1486 1615 1596 1658 fere-

138 1676 308 1716 bamus.
330 1675 414 1716 nisi
438 1674 551 1716 forte
573 1675 670 1717 haec
701 1675 762 1716 illi
784 1684 879 1717 tum
901 1690 1019 1717 arma
1042 1675 1255 1726 dedimus,
1278 1683 1326 1716 ut
1356 1689 1472 1716 nunc
1495 1689 1596 1716 cum

135 1733 248 1774 bene
279 1746 430 1790 parato
465 1748 772 1790 pugnaremus.
836 1733 984 1785 Dices,
1012 1733 1117 1790 quid
1149 1742 1195 1774 tu
1229 1732 1364 1789 igitur
1394 1746 1597 1774 sensurus

124 1793 207 1832 es?
237 1806 326 1833 non
349 1791 480 1842 idem,
503 1791 619 1846 quod
641 1792 851 1833 dicturus.
874 1793 1057 1833 sentiam
1076 1792 1193 1833 enim
1212 1791 1359 1832 omnia
1379 1789 1595 1842 facienda,

136 1863 191 1889 ne
223 1849 352 1890 armis
375 1849 644 1902 decertetur3
677 1849 818 1890 dicam
853 1850 982 1901 idem,
1005 1850 1122 1906 quod
1158 1849 1421 1904 Pompeius:
1456 1862 1597 1903 neque

136 1905 181 1947 id
217 1905 375 1948 faciam
401 1907 555 1949 humili
589 1907 750 1948 animo.
774 1908 815 1939 86
828 1908 902 1948 sed
924 1922 1068 1949 rursus
1092 1908 1176 1949 hoc
1203 1920 1488 1962 permagnum
1512 1906 1596 1946 rei-

137 1964 328 2019 publicae
359 1965 520 2006 malum
546 1975 635 2007 est:
668 1974 711 2006 at
734 1965 923 2021 quodam
947 1966 1077 2007 modo
1106 1965 1213 2006 mihi
1246 1974 1404 2020 praeter
1427 1973 1594 2006 ceteros

137 2035 226 2063 non
245 2031 427 2075 rectum,
450 2037 518 2064 me
540 2023 584 2064 in
608 2024 739 2064 tantis
764 2024 891 2065 rebus
915 2039 939 2064 a
962 2023 1178 2080 Pompeio
1201 2022 1422 2064 dissidere.

576 2107 813 2150 CICERO
843 2107 1076 2150 ATTICO
1108 2108 1153 2149 S.
1610 2109 1635 2150 7

141 2162 522 2226 DIONYSIUS‚
543 2175 609 2217 vir
627 2177 814 2232 optimus,
837 2184 884 2217 ut
905 2176 1008 2218 mihi
1030 2191 1188 2233 quoque
1217 2183 1273 2217 est
1288 2181 1536 2231 perspectam,
1559 2181 1598 2216 et

137 2232 401 2285 doctissimus,
425 2233 566 2289 tuique
585 2234 900 2285 amantissimus,
924 2233 1104 2276 Romam
1134 2233 1246 2275 venit
1270 2249 1335 2275 xv
1362 2231 1466 2275 Kal.
1490 2231 1596 2274 Jan.

137 2297 177 2331 et
199 2290 360 2332 litteras
376 2305 404 2331 α
423 2297 462 2331 te
481 2291 584 2332 mihi
606 2291 785 2333 reddidit
799 2309 811 2333 .·
844 2302 909 2333 tot
929 2293 1044 2333 enim
1069 2293 1203 2333 verba
1226 2300 1326 2332 sunt
1347 2291 1400 2332 de
1425 2291 1598 2344 Diony-

138 2348 204 2390 sio
239 2349 283 2390 in
316 2348 501 2405 epistola
534 2358 623 2391 tua.
675 2353 715 2384 87
731 2349 859 2402 Illud,
896 2359 1020 2407 puto,
1054 2364 1143 2392 non
1179 2349 1415 2401 adscribis3
1448 2355 1486 2390 et
1520 2346 1600 2390 tibi

162 2499 222 2537 ,83
246 2501 318 2528 tum
339 2500 427 2527 certe
441 2497 620 2538 tyrannus]
647 2499 700 2529 Sic
716 2508 776 2539 pro
796 2502 846 2538 ty·
889 2503 924 2529 et
949 2499 984 2529 in
1008 2497 1168 2540 proximae
1196 2508 1247 2539 ep.
1272 2497 1370 2529 initio
1386 2494 1501 2528 omnes
1524 2492 1598 2530 edd.

138 2541 257 2570 rannis
271 2550 311 2571 ex
331 2540 383 2570 ed.
400 2540 486 2570 Vict.
504 2547 538 2571 et
559 2541 643 2572 Mss.
660 2542 727 2572 suis
743 2541 846 2573 edidit
888 2551 938 2582 pr.
955 2540 1092 2572 habent.
1422 2578 1424 2581 Υ

134 2582 299 2614 Graevius.
327 2589 362 2613 at
388 2582 434 2612 sie
457 2584 531 2623 jam
559 2583 633 2615 edd.
663 2594 712 2625 pr.
744 2584 842 2616 Rom.
932 2586 972 2615 85
996 2584 1107 2622 habeo,
1123 2595 1145 2615 a
1160 2589 1191 2616 te
1205 2584 1291 2624 quod
1303 2581 1496 2625 elz-speciem]
1516 2584 1599 2615 Cor-

138 2624 230 2655 ·Jens.
276 2625 316 2656 In
333 2624 383 2656 ed.
399 2625 473 2656 Asc.
491 2630 541 2656 est
557 2628 713 2665 tyrannis
725 2639 736 2657 :
757 2627 846 2666 quod
889 2627 957 2657 rexi
973 2627 1146 2665 vulgatum
1163 2628 1254 2667 quid,
1270 2628 1358 2658 sicut
1372 2626 1496 2657 dudum
1513 2626 1596 2657 illud

140 2668 241 2698 ceteri
266 2668 369 2698 secuti
396 2677 487 2700 sunt.
532 2669 650 2700 Visum
671 2675 722 2701 est
746 2671 845 2700 malis
888 2670 969 2709 quid
991 2675 1066 2710 post
1081 2670 1168 2701 deest
1181 2670 1222 2701 ab
1237 2670 1420 2701 editoribus
1436 2669 1596 2709 posterio-

141 2710 258 2740 melius
274 2711 461 2742 convenire.
889 2712 978 2742 ribus
994 2718 1182 2744 correctum
1199 2717 1261 2745 est.

185 2754 225 2783 84
259 2754 339 2784 mila·
366 2753 464 2790 deest,
493 2753 594 2794 quod]
633 2755 783 2785 Graevius
811 2754 845 2786 in
932 2755 973 2786 26
994 2755 1063 2795 sed]
1088 2756 1152 2786 Est
1165 2756 1200 2787 h.
1217 2755 1243 2787 l.
1260 2755 1457 2797 objicientis,

142 2793 223 2825 Mss.
240 2795 362 2834 reperit
376 2797 461 2826 nihil
475 2801 531 2832 esi,
547 2797 651 2837 quod.-
675 2807 734 2828 nec
754 2798 783 2827 ei
798 2798 847 2828 di-
933 2800 972 2832 87
997 2798 1283 2839 Illud,put0‚non
1299 2796 1422 2834 adseru]
1442 2795 1528 2827 Mire
1541 2795 1595 2827 hie

139 2836 269 2875 splieet.
286 2837 337 2868 ed.
353 2836 453 2869 Rom.
467 2848 531 2869 non
546 2845 606 2876 est,
623 2841 718 2880 quod.
763 2840 845 2871 Vul-
888 2841 1020 2872 variant
1042 2841 1119 2872 libri
1132 2851 1193 2872 scr.
1209 2849 1245 2872 et
1260 2840 1333 2874 edd,
1379 2839 1478 2870 Rom.
1503 2839 1596 2870 JenS.

139 2886 220 2918 gata
233 2884 284 2909 est
299 2890 319 2910 a
332 2880 489 2917 Jen'sono‚
500 2883 556 2921 qui
570 2887 605 2912 et
618 2883 734 2913 vitiose
747 2884 827 2922 quid
835 2897 844 2913 :
882 2882 1015 2923 parato.
1060 2885 1137 2914 Asc.
1167 2887 1194 2915 l.
1216 2880 1363 2922 peccato,
1391 2891 1430 2912 ex
1459 2880 1597 2915 Mediol.

141 2921 238 2962 idque
254 2922 357 2954 Aldus
372 2928 406 2953 et
422 2923 478 2955 alii
495 2924 618 2956 imitati
634 2930 713 2956 sunt
727 2937 733 2955 ;
757 2926 844 2957 sicut
888 2927 1020 2965 opinor,
1036 2926 1124 2966 quod
1140 2925 1302 2958 Cratand.
1318 2931 1431 2955 secuta
1442 2929 1504 2956 est.
1518 2919 1594 2956 Ald.
