1940 3231
714 121 922 166 LIBER
953 120 1063 163 XIV.
1536 126 1611 164 825

169 233 260 273 tum
284 231 337 273 ad
360 228 729 274 existimationem
762 244 901 272 meam
925 229 1128 287 pertinet.
1190 227 1428 269 Flammam
1454 228 1614 271 Flami-

169 289 290 330 nium
324 290 453 331 audio
486 289 640 330 Romae
674 302 780 329 esse.
803 288 857 329 ad
881 302 978 329 eum
1003 285 1170 342 scripsi,
1193 299 1261 326 me
1284 285 1364 326 tibi
1389 287 1614 328 mandasse

169 360 246 402 per
275 347 454 398 litteras,
489 356 538 387 ut
569 347 622 388 de
656 345 862 387 Montani
897 344 1075 401 negotio
1097 357 1196 385 curn
1219 357 1271 384 eo
1293 341 1540 398 loquerere:
1571 354 1617 385 et

172 403 301 444 velim
323 419 445 446 cures
478 403 720 460 epistolam,
754 417 884 458 quam
918 403 971 444 ad
996 416 1094 443 eum
1118 400 1230 451 misi,
1254 400 1540 452 reddendam3
1572 410 1617 441 et

171 460 280 517 ipse,
309 461 425 518 quod
458 460 689 502 commodo
724 471 799 502 tuo
824 461 913 512 fiat,
935 474 1036 502 cum
1065 473 1116 500 eo
1139 457 1399 514 colloquare.
1436 467 1557 514 puto,
1581 458 1616 498 si

172 519 276 573 quid
300 520 343 560 in
367 518 543 560 homine
576 517 752 574 pudoris
774 528 854 570 est,
879 526 1182 575 praestaturum
1208 530 1323 567 eum,
1346 517 1450 556 84ne
1473 530 1550 571 pro
1574 529 1618 556 se

170 576 359 630 quodam
391 575 522 616 modo
544 575 826 631 dependatur.
890 575 957 617 De
978 574 1129 616 Attica
1152 583 1402 630 pergratum
1425 573 1532 614 mihi
1556 571 1619 613 fe·

172 634 287 685 cisti,
318 633 433 688 quod
472 633 648 685 curasti,
688 643 736 675 ut
763 644 863 675 ante
895 634 1048 674 scirem
1080 641 1197 674 recte
1226 645 1332 684 esse,
1363 645 1494 687 quam
1530 644 1619 672 non

175 690 284 732 belle
308 690 454 733 fuisse.

613 747 850 791 CICERO
882 746 1112 789 ATTICO
1143 746 1188 788 S.
1637 743 1684 784 17

174 804 250 857 IN
284 815 602 874 Pompeianum
627 818 725 860 veni
759 833 784 872 v*
805 832 940 859 nonas
973 816 1085 857 Mai.
1107 831 1208 858 cum
1239 811 1392 872 pridie,
1417 823 1464 857 ut
1493 824 1622 858 antea

171 874 225 915 ad
258 883 301 916 te
330 876 498 931 scripsi,
521 878 560 907 85
577 875 734 917 Piliam
766 876 809 916 in
834 874 1033 916 Cumano
1055 873 1396 916 collocavissem.
1422 873 1483 914 ibi
1512 873 1621 915 mihi

171 933 347 974 cenanti
383 933 539 974 litterae
573 944 659 976 tuae
698 942 798 974 sunt
830 932 1025 983 redditae,
1048 947 1153 987 quas
1183 931 1360 973 dederas
1395 930 1622 972 Demetrio

170 988 328 1032 liberto
352 991 462 1046 prid.
489 990 587 1032 Kal.
619 992 662 1032 in
685 991 842 1046 quibus
876 989 1013 1030 multa
1034 990 1266 1045 sapienter,
1289 989 1362 1030 sed
1385 998 1528 1030 tamen
1558 999 1624 1030 ta-

173 1047 245 1098 lia,
278 1049 646 1104 quemadmodum
681 1058 774 1089 tute
807 1047 1041 1098 scribebas,
1073 1057 1121 1088 ut
1153 1061 1282 1088 omne
1315 1046 1542 1088 consilium
1579 1046 1624 1088 in

175 1104 352 1147 fortuna
374 1106 563 1162 positum
588 1106 818 1148 videretur.
843 1106 990 1161 itaque
1016 1104 1082 1145 his
1114 1104 1166 1145 de
1189 1105 1315 1145 rebus
1338 1119 1392 1145 ex
1414 1113 1624 1160 tempore,

175 1173 220 1204 et
250 1178 411 1205 coram.
474 1163 543 1205 De
575 1164 811 1205 Buthrotio
848 1163 1043 1219 negotio,
1076 1162 1244 1203 utinam
1272 1161 1447 1217 quidem
1483 1161 1756 1210 Anto-pam.

175 1220 297 1262 nium
329 1222 611 1264 conveniam!
644 1221 828 1263 multum
858 1220 1055 1277 profecto
1091 1220 1330 1277 proficiam.
1354 1219 1426 1260 sed
1449 1233 1536 1260 non
1559 1223 1667 1261 zar-³·

178 1278 395 1320 bitrantur
427 1293 527 1320 eum
560 1295 585 1321 a
608 1279 762 1336 Capua
784 1279 1115 1320 declinaturum.
1139 1293 1225 1333 quo
1247 1276 1439 1333 quidem,
1463 1286 1628 1329 metuo,

175 1349 231 1377 ne
263 1351 423 1393 magno
456 1337 707 1393 reipublicae
741 1336 854 1378 malo
887 1335 1067 1378 venerit.
1091 1336 1206 1391 quod
1240 1335 1353 1376 idem
1386 1334 1435 1375 L.
1461 1334 1627 1378 Caesari

178 1393 419 1446 videbatur,
441 1409 570 1450 quem
605 1395 743 1452 pridie
768 1394 952 1450 Neapoli
976 1393 1181 1435 affectum
1206 1394 1395 1449 graviter
1421 1392 1627 1435 videram.

178 1453 463 1507 quamobrem
492 1453 574 1494 ista
603 1452 728 1494 nobis
759 1452 799 1483 86
815 1452 868 1493 ad
894 1451 991 1493 Kal.
1014 1452 1119 1494 Jun.
1145 1451 1370 1492 tractanda
1390 1459 1433 1492 et
1456 1451 1629 1506 perfici-

176 1509 288 1551 enda
323 1520 438 1551 sunt.
470 1511 791 1559 sed-hactenus.
842 1510 901 1556 Q.
924 1509 1036 1550 filius
1059 1509 1112 1550 ad
1138 1518 1302 1565 patrem
1326 1508 1627 1550 acerbissimas

178 1566 345 1609 litteras
385 1568 528 1610 misit:
562 1583 659 1624 quae
699 1577 799 1610 sunt
838 1568 877 1608 ei
919 1567 1115 1618 redditae,
1154 1581 1254 1607 cum
1288 1565 1552 1608 venissemus
1583 1567 1628 1609 in

178 1624 519 1682 Pompeianum:
553 1641 734 1682 quarum
760 1634 904 1667 tamen
929 1634 1020 1666 erat
1044 1634 1192 1680 caput,
1215 1623 1452 1679 Aquilliam
1475 1635 1630 1666 nover-

177 1696 274 1724 cam
318 1697 405 1724 non
437 1698 528 1725 esse
559 1683 763 1726 laturum.
795 1683 868 1725 sed
901 1682 985 1724 hoc
1023 1681 1246 1724 tolerabile
1278 1681 1485 1724 fortasse:
1525 1681 1631 1724 illud

179 1742 311 1783 vero?
354 1755 398 1782 se
427 1742 482 1782 ab
519 1741 692 1783 Caesare
728 1741 931 1783 habuisse
964 1741 1126 1792 omnia,
1156 1739 1217 1781 nil
1249 1755 1274 1780 a
1310 1750 1444 1796 patre,
1468 1740 1634 1797 reliqua

179 1813 351 1854 sperare
371 1799 426 1840 ab
450 1798 663 1840 Antonio.
685 1815 711 1841 o
735 1799 954 1855 perditum
978 1798 1224 1839 hominem!
1259 1798 1332 1839 sed
1352 1803 1500 1852 μελήσει.
1560 1797 1633 1840 Ad

180 1855 367 1898 Brutum
390 1867 601 1908 nostrum,
625 1858 678 1899 ad
705 1856 919 1907 Cassium,
937 1856 989 1897 ad
1013 1855 1284 1897 Dolabellam
1305 1856 1510 1912 epistolas
1529 1856 1633 1898 scri-

179 1914 261 1970 psi.
284 1929 429 1956 earum
464 1915 665 1971 exempla
698 1915 777 1956 tibi
814 1914 926 1965 misi,
951 1928 1037 1954 non
1063 1923 1109 1954 ut
1131 1913 1428 1966 deliberarem,
1452 1913 1634 1957 redden-

182 1972 308 2013 daene
338 1982 495 2024 essent,
518 1972 665 2029 (plane
694 1973 810 2014 enim
835 1972 991 2028 judico
1013 1985 1105 2012 esse
1126 1971 1399 2023 reddendas,)
1423 1973 1495 2014 sed
1515 1971 1635 2029 quod

177 2043 268 2071 non
291 2029 462 2082 dubito,
485 2031 591 2086 quin
613 2039 657 2072 tu
681 2030 797 2072 idem
819 2029 1146 2072 existimaturus
1172 2029 1244 2070 sis.
1289 2028 1493 2072 Ciceroni
1519 2043 1634 2081 mee,

179 2087 240 2128 mi
264 2085 428 2139 Attice,
451 2086 750 2145 suppeditabis
773 2093 982 2145 q'uantum
1011 2087 1242 2138 videbitur,
1266 2101 1422 2143 meque
1444 2089 1530 2130 hoc
1554 2087 1636 2130 tibi

184 2159 294 2187 onus
328 2145 551 2202 imponere
589 2146 763 2202 patiere.
798 2161 897 2202 quae
930 2144 1073 2187 adhuc
1100 2144 1259 2195 fecisti,
1282 2143 1390 2186 mihi
1413 2156 1514 2188 sunt
1536 2160 1636 2203 gra-

182 2203 365 2244 tissima.
418 2205 457 2237 87
474 2203 653 2245 Librum
684 2218 827 2245 meum
864 2203 985 2245 illum
1011 2203 1176 2244 ἀνέκδοτον
1198 2203 1408 2254 nondum,
1431 2214 1481 2245 ut
1503 2203 1637 2256 volui,

181 2260 410 2318 perpolivi.
451 2260 533 2302 ista
557 2276 671 2313 vero,
694 2277 791 2318 quae
815 2269 862 2302 tu
885 2260 1064 2303 contexi
1088 2260 1167 2312 vis,
1189 2260 1305 2302 aliud
1328 2262 1547 2316 quoddam
1571 2275 1638 2302 se-

182 2329 383 2376 paratum
417 2318 620 2361 volumen
646 2327 917 2376 exspectant.
948 2333 1031 2375 ego
1059 2328 1203 2359 autem
1234 2319 1402 2372 (credas
1426 2319 1533 2361 mihi
1565 2333 1639 2360 ve-

181 2377 279 2427 lim)
311 2376 477 2417 minore
509 2377 701 2433 periculo
735 2377 942 2418 existimo
964 2385 1118 2418 contra
1150 2375 1240 2416 illas
1270 2375 1455 2418 nefarias
1479 2385 1637 2433 parteS,

185 2434 287 2476 vivo
311 2443 514 2491 tyranno,
537 2435 623 2477 dici
647 2435 855 2491 potuisse,
877 2449 1005 2490 quam
1029 2442 1218 2475 mortuo.
1242 2433 1312 2474 ille
1334 2435 1467 2487 enim,
1489 2434 1637 2477 nescio

182 2506 270 2548 quo
308 2501 453 2549 pacto,
487 2492 654 2534 ferebat
691 2508 759 2535 me
789 2493 965 2548 quidem
998 2491 1278 2534 mirabiliter:
1311 2506 1443 2545 nunc,
1478 2495 1518 2525 88
1532 2507 1639 2548 qua-

229 2609 271 2638 84
301 2615 342 2637 ne
363 2617 428 2647 pro
453 2617 486 2638 se
521 2618 549 2648 q.
579 2608 798 2648 dependatur]
837 2608 890 2639 Ne
977 2607 1019 2639 86
1048 2606 1095 2637 ad
1118 2604 1202 2638 Kal.
1231 2606 1332 2647 Jun.]
1371 2607 1412 2639 In
1441 2608 1567 2639 Senatu
1594 2616 1641 2641 sc.

185 2649 370 2680 Montanus
393 2659 477 2690 praes
501 2660 560 2691 pro
583 2651 747 2682 Flaminio
769 2651 890 2688 factus,
935 2650 991 2690 qui
1007 2648 1166 2680 Kalendis
1180 2650 1407 2685 conveniebat.

186 2692 267 2728 xli,
298 2694 350 2723 52.
381 2698 520 2733 cogatur
546 2694 685 2732 solvere,
713 2695 802 2734 quod
823 2696 892 2734 ipse
977 2695 1016 2726 37
1040 2691 1182 2724 Librum
1197 2693 1294 2722 illum
1315 2693 1391 2733 δια]
1416 2693 1467 2725 De
1480 2691 1642 2733 tempori-

186 2734 311 2766 Planco
331 2732 439 2766 debet.
478 2735 586 2767 Locus
605 2741 772 2767 correctus
795 2742 846 2768 est
872 2747 893 2768 a
934 2735 995 2766 bus
1010 2735 1096 2765 suis:
1115 2744 1220 2774 quem
1242 2734 1331 2765 filius
1355 2735 1491 2766 demum
1507 2739 1642 2765 mortuo

187 2777 347 2808 victorio.
372 2777 445 2808 edd.
469 2788 519 2818 pr.
543 2789 609 2810 non
633 2789 734 2820 spero.
780 2780 844 2811 Sed
859 2779 893 2811 τὶ
936 2782 1031 2819 patre
1045 2776 1161 2808 edidit.

186 2820 328 2860 quodam
343 2820 435 2850 modo
447 2829 514 2852 non
531 2822 651 2861 placet.
981 2823 1020 2852 88
1043 2829 1247 2860 quacumque
1267 2829 1323 2850 noc
1341 2820 1584 2858 commovimus,
1600 2818 1647 2850 ad

229 2864 270 2893 85
296 2861 425 2894 Piliam
454 2865 490 2894 in
524 2863 671 2896 Cumano
698 2864 822 2908 oollae-J
861 2875 894 2897 v.
944 2862 978 2895 C.
1003 2861 1079 2902 &e.]
1106 2862 1189 2893 Haec
1206 2867 1286 2893 sunt
1314 2862 1555 2903 conjungenda.
1581 2863 1646 2893 ita-

187 2914 239 2946 ep.
260 2907 307 2937 15.
496 2935 499 2937 ,
938 2916 1002 2948 que
1016 2905 1323 2946 interpunctionem
1335 2905 1541 2939 sustulimus.
1563 2905 1646 2938 Sen-
