1940 3231
310 1541 356 1576 11

356 118 430 152 562
762 110 942 148 EPIST.
971 111 1048 149 AD
1079 110 1364 154 ATTICUM,

361 224 418 265 te,
448 223 495 256 ut
529 221 648 270 puto,
669 224 711 254 ct
734 214 869 265 vultu,
899 214 1151 266 bellissime3
1182 213 1253 254 sed
1283 227 1417 268 angor
1449 212 1611 253 intimis
1644 213 1774 254 seusi-

340 274 441 313 ·bus
462 288 473 313 ι
503 271 563 312 ita
583 270 714 312 multa
739 271 801 311 vel
824 271 1038 322 iracunde,
1060 271 1125 312 vel
1147 269 1389 319 insolenter,
1411 269 1477 309 vel
1499 269 1540 308 in
1563 270 1680 310 omni
1703 283 1778 326 ge-

361 343 460 370 nere
481 327 673 368 stultitiae
707 327 874 377 insulse,
896 340 1142 383 arroganter
1161 327 1202 359 652
1217 335 1260 367 et
1280 327 1478 367 dicuntur
1510 334 1553 365 et
1586 334 1778 367 tacentur

361 385 568 442 quotidie.
601 399 713 439 quae,
742 398 826 423 uon
854 399 938 437 quo
968 393 1008 423 te
1040 384 1187 431 celem,
1211 398 1296 424 non
1319 382 1550 439 perscribo,
1577 381 1648 422 sed
1680 382 1781 436 quia

360 446 559 495 δυσ-εξᾴιηται
579 450 691 481 sunt.
716 441 857 494 itaque
887 440 1150 481 admirabere
1179 454 1317 481 meam
1337 442 1525 487 βαθὺτηται,
1548 452 1646 480 cum
1677 437 1780 478 salvi

362 499 635 540 redierimus:
678 505 796 536 tanta
831 495 934 536 mihi
972 500 1090 548 μελέτη
1131 495 1257 550 hujus
1297 496 1464 536 virtutis
1502 495 1641 536 datur.
1678 507 1782 549 ergo

362 556 457 596 haec
478 567 647 610 quoque
669 552 889 593 hactenus.
947 553 987 582 63
1001 551 1090 592 Etsi
1121 553 1226 593 mihi
1257 552 1364 593 nihil
1395 560 1485 593 erat
1516 550 1785 608 propositum

363 613 416 653 ad
450 610 744 659 scribendum3
775 608 889 663 quia,
921 608 1021 663 quid
1052 623 1213 664 ageres,
1243 609 1315 649 ubi
1350 618 1551 649 terrarum
1574 622 1700 657 esses,
1730 620 1798 659 ne*

365 668 610 723 suspicabar
639 665 836 720 quidem:
868 679 946 705 nec
976 665 1146 705 hercule
1177 679 1376 719 umquam
1402 675 1486 706 tam
1518 666 1590 706 diu
1613 664 1786 718 64igna-

365 739 434 765 rus
468 737 604 764 rerum
639 736 827 762 mearum
859 721 943 772 fui3
974 722 1076 776 quid
1099 723 1150 763 de
1173 720 1370 771 Caesaris,
1391 722 1492 775 quid
1524 723 1575 763 de
1606 720 1786 761 Milonis

364 780 611 821 nominibus
643 788 787 819 actum
818 778 896 819 sit:
929 793 977 818 ac
1007 793 1090 818 non
1126 779 1253 818 modo
1284 792 1423 827 nem0‚
1458 779 1529 819 sed
1562 792 1614 818 ne
1635 778 1787 817 rumor

364 837 538 892 quidem
560 836 799 891 quisquam,
821 844 870 874 ut
891 835 1107 884 sciremus,
1139 836 1180 874 in
1205 834 1423 889 republica
1443 835 1545 888 quid
1576 843 1786 890 ageretur.

366 908 495 948 quare
529 893 562 933 si
595 892 697 947 quid
729 891 823 942 erit,
853 891 969 946 quod
1002 891 1108 931 scias
1141 891 1193 931 de
1223 891 1274 931 iis
1309 892 1446 941 rebus,
1477 905 1581 944 quas
1616 890 1787 946 putabis

367 950 474 991 scire
506 963 574 990 me
608 948 727 1000 velle,
758 962 833 1002 per
862 947 965 988 mihi
996 957 1165 1002 gratum
1187 946 1281 997 erit,
1312 947 1346 987 si
1380 947 1420 987 id
1454 946 1612 987 curaris
1646 947 1697 987 ad
1720 960 1788 986 me

367 1006 679 1062 perferendum.
740 1005 858 1052 Quid
889 1013 953 1045 est
986 1006 1216 1059 praeterea?
1248 1003 1353 1044 nihil
1394 1018 1507 1054 sane,
1545 1003 1625 1044 uisi
1662 1003 1789 1044 illud:

369 1063 490 1104 valde
520 1077 587 1103 me
616 1061 800 1103 Athenae
836 1061 1123 1103 delectarunt:
1156 1060 1256 1101 urbs
1290 1060 1514 1107 duntaxat,
1545 1069 1588 1100 et
1620 1060 1660 1090 65
1676 1059 1790 1100 urbis

369 1130 682 1169 ornamentum,
703 1128 746 1160 et
767 1119 986 1159 hominum
1012 1133 1175 1159 amores
1199 1118 1240 1157 in
1263 1126 1319 1167 te,
1341 1128 1384 1156 et
1414 1117 1456 1156 in
1489 1131 1564 1157 nos
1593 1116 1791 1171 quaedam

368 1177 685 1227 benivolentia3
716 1175 788 1216 sed
817 1175 994 1216 multum
1019 1184 1084 1215 est
1114 1173 1399 1230 philosophia.
1430 1176 1492 1225 ἐξνω
1510 1178 1601 1214 κάτω
1633 1173 1667 1212 si
1688 1173 1792 1227 quid

369 1243 447 1284 est,
469 1244 533 1274 est
565 1234 606 1273 in
630 1232 791 1282 Aristo,
820 1231 933 1287 apud
961 1246 1086 1285 quem
1110 1245 1239 1272 eram.
1273 1245 1371 1272 nam
1403 1229 1632 1270 Xenonem
1658 1238 1795 1280 tuum,

370 1290 436 1330 vel
458 1300 649 1331 nostrum
674 1289 832 1344 potius,
855 1288 1021 1334 Quinto
1042 1302 1331 1329 concesseram
1350 1304 1358 1328 :
1390 1296 1434 1326 et
1456 1296 1598 1327 tamen
1624 1295 1795 1341 propter

370 1346 635 1388 vicinitatem
673 1356 786 1386 totos
816 1345 904 1386 dies
943 1345 1069 1385 simul
1103 1359 1268 1385 eramus
1302 1344 1501 1384 invicem.
1562 1342 1673 1384 Cum
1712 1343 1795 1398 pri-

371 1417 490 1444 mum
524 1401 697 1459 poteris,
729 1411 802 1442 tua
827 1401 1005 1442 consilia
1035 1402 1088 1442 ad
1121 1416 1188 1442 me
1217 1401 1400 1451 scribas3
1432 1409 1479 1440 ut
1513 1400 1659 1450 sciam,
1694 1399 1798 1454 quid

375 1475 492 1516 agas,
513 1461 552 1491 66
569 1460 640 1500 ubi
662 1473 846 1514 quoque,
869 1468 912 1499 et
933 1460 1119 1499 maxime
1141 1458 1311 1513 quando
1336 1457 1488 1498 Romae
1512 1456 1680 1498 futurus
1701 1456 1772 1497 sis.

808 1541 1040 1583 CICERO
1070 1540 1296 1582 ATTICO
1327 1541 1372 1581 S.

377 1598 526 1650 HUI!
559 1610 740 1650 totiesne
760 1624 828 1649 me
850 1609 1011 1649 litteras
1033 1609 1198 1649 dedisse
1221 1608 1420 1659 Romam,
1443 1622 1539 1649 cum
1563 1608 1614 1649 ad
1639 1616 1679 1648 te
1707 1607 1799 1648 nul-

372 1666 433 1707 las
467 1666 638 1707 darem?
669 1675 713 1707 at
746 1680 844 1707 vero
884 1666 1060 1721 posthac
1090 1664 1246 1706 frustra
1276 1665 1418 1721 potius
1445 1665 1571 1714 dabo,
1605 1679 1730 1720 quam
1764 1666 1798 1705 si

371 1731 488 1764 recte
509 1723 598 1764 dari
622 1723 853 1779 potuerint,
874 1723 1158 1772 committam,
1182 1732 1228 1762 ut
1257 1736 1341 1762 non
1366 1722 1477 1762 dem.
1537 1721 1605 1761 Ne
1628 1722 1801 1776 provin-

373 1780 442 1821 cia
478 1780 602 1820 nobis
641 1790 907 1835 prorogetur,
947 1794 1020 1834 per
1057 1778 1273 1820 fortunas!
1305 1779 1403 1819 dum
1440 1778 1552 1828 ades,
1592 1778 1802 1833 quidquid

375 1836 591 1892 provideri
625 1846 781 1892 potest,
812 1836 1000 1891 provide.
1062 1835 1163 1876 Non
1185 1835 1269 1876 dici
1299 1845 1454 1891 potest,
1476 1849 1603 1889 quam
1625 1835 1804 1890 flagrem

375 1892 586 1934 desiderio
608 1894 739 1943 urbis,
761 1908 888 1947 quam
913 1894 984 1933 vix
1008 1892 1157 1933 harum
1184 1906 1319 1932 rerum
1351 1891 1631 1932 insulsitatem
1654 1891 1803 1933 feram.

376 1949 417 1983 67
433 1949 663 1990 Marcellus
687 1950 804 1990 foede
825 1950 876 1990 de
900 1949 1118 1991 Comensi.
1140 1950 1178 1979 68
1193 1951 1270 1989 etsi
1295 1948 1362 1989 ille
1389 1948 1687 2003 magistratum
1717 1963 1806 1989 non

379 2015 592 2062 gesserat3
623 2015 712 2047 erat
744 2016 884 2047 tamen
914 2006 1256 2060 Transpadanus.
1290 2006 1350 2045 ita
1382 2004 1487 2045 mihi
1522 2004 1688 2045 videtur
1717 2020 1806 2046 non

378 2063 524 2104 minus
549 2063 759 2104 stomachi
794 2073 941 2105 nostro
970 2078 1020 2104 ae
1042 2062 1202 2103 Caesari
1235 2062 1400 2103 fecisse.
1431 2061 1501 2102 sed
1527 2060 1611 2102 hoc
1631 2062 1722 2117 ipse
1744 2062 1807 2102 vi-

424 2175 465 2205 622
486 2180 517 2206 et
529 2176 685 2206 dicuntur
705 2179 736 2206 et
753 2175 918 2215 tacentur]
942 2176 971 2207 A
986 2176 1076 2207 meis.

384 2216 506 2247 dieitur
532 2222 644 2248 autem
671 2218 831 2257 proverbii
858 2217 967 2249 modo.
999 2218 1078 2249 alias

386 2259 494 2298 aptius
515 2259 612 2296 foret,
628 2259 781 2290 dicuntur
791 2264 825 2291 et
848 2265 1002 2300 aguntur.
1023 2259 1079 2291 sed

389 2299 472 2332 nihil
485 2301 691 2331 mutandum.

430 2343 469 2373 63
484 2342 561 2373 Etsi
577 2344 699 2373 mihin.
714 2352 740 2373 e.
752 2352 788 2382 p.
803 2343 849 2373 ad
860 2343 1078 2384 scribendum]

389 2383 449 2414 Est
464 2384 498 2414 h.
512 2385 534 2415 l.
549 2385 654 2416 oratio
668 2386 863 2419 ἅνακὸλυθας.

431 2427 472 2456 64
486 2427 625 2464 ignarus
639 2437 752 2457 rerum
767 2427 931 2467 mearum]
954 2427 1082 2457 Intelli-

390 2467 439 2506 git
458 2478 509 2504 ea,
526 2478 597 2506 quae
620 2475 694 2509 post
709 2469 787 2500 dicit
802 2470 935 2500 nomina
948 2469 1082 2500 Milonis

1152 2176 1191 2209 67
1202 2173 1470 2214 flsarcellasfoede
1484 2174 1522 2204 de
1535 2173 1690 2214 Comensi]
1704 2175 1812 2215 Quem

1119 2217 1175 2248 ille
1190 2217 1275 2247 male
1289 2217 1456 2253 tractavit,
1473 2216 1557 2246 forte
1571 2217 1669 2256 virgis
1683 2217 1810 2248 cecidit.

1121 2260 1275 2290 Ceterum
1290 2259 1360 2288 haec
1371 2259 1469 2289 lectio
1482 2263 1531 2288 est
1545 2268 1565 2288 a
1578 2259 1674 2289 Bosio
1687 2269 1704 2289 e
1716 2259 1814 2289 vesti-

1122 2301 1182 2340 giis
1206 2301 1362 2331 librorum
1377 2307 1523 2331 veterum
1544 2309 1606 2331 scr.
1622 2305 1656 2331 et
1670 2300 1741 2331 edd.
1758 2301 1813 2340 qui

1122 2344 1175 2374 hic
1191 2344 1271 2373 mire
1284 2343 1427 2382 corrupti
1443 2347 1531 2373 sunt.
1811 2359 1813 2361 ·

1165 2386 1204 2415 68
1219 2386 1278 2422 essi
1298 2386 1353 2414 ille
1374 2386 1608 2423 magistratum
1629 2392 1692 2413 non
1710 2393 1815 2422 gesse·

1123 2427 1192 2466 rat]
1220 2426 1314 2456 Edidi
1339 2430 1483 2464 gesserat
1506 2435 1564 2466 pro
1590 2425 1723 2464 vulgato
1743 2435 1817 2464 ges-

1123 2471 1214 2506 serit,
1242 2468 1429 2508 postulante
1452 2468 1638 2503 latinitate3
1661 2466 1717 2497 sed
1741 2471 1776 2497 et
1797 2478 1816 2498 e

389 2513 421 2539 et
442 2509 586 2547 C'oesarz's,
602 2520 676 2549 quae
699 2521 740 2542 an
755 2515 788 2541 et
803 2511 965 2550 quomodo
981 2511 1082 2552 expli-

390 2555 464 2581 cata
478 2556 598 2589 essent,
613 2553 692 2582 seire
706 2553 869 2594 cupiebat.
884 2553 923 2583 de
941 2553 1011 2583 istis
1025 2562 1083 2584 no·

391 2593 533 2622 minibus
545 2602 642 2633 supra
654 2599 715 2624 est.

393 2675 400 2681 ·
434 2634 474 2664 65
497 2636 587 2665 urbis
613 2636 854 2676 ornamentum]
883 2636 1057 2677 Quodnam
1070 2637 1083 2667 ?

392 2685 495 2706 imino
509 2682 713 2708 ornamenta.

435 2717 476 2747 66
491 2719 545 2748 ubz'
559 2719 694 2758 qnoque]
712 2719 798 2760 Quid
810 2719 862 2750 hic
877 2724 928 2750 est
941 2729 1060 2760 quoque
1071 2720 1087 2749 .?

392 2759 546 2790 excidisse
560 2764 640 2800 puto
654 2765 806 2801 tempore.
830 2771 907 2792 nam
926 2766 1014 2793 certe
1035 2762 1086 2792 in-

394 2800 498 2874 gelligi
514 2801 662 2835 deberet:
687 2803 772 2844 quod
793 2803 963 2835 insolitum
978 2809 1029 2836 est
1051 2812 1090 2834 ac

417 2852 523 2875 urum.

1124 2511 1213 2541 libris
1227 2511 1273 2540 ita
1286 2514 1572 2540 commemoratur.
1615 2508 1732 2538 Sensus
1745 2512 1814 2539 est:

1125 2562 1191 2583 non
1206 2557 1334 2592 poterat
1350 2551 1404 2581 ille
1419 2561 1476 2591 pro
1493 2552 1561 2581 cive
1579 2550 1724 2589 agnosci,
1740 2551 1818 2589 quia.

1126 2595 1272 2625 nondum
1301 2593 1510 2632 magistratus
1538 2593 1571 2622 in
1599 2592 1731 2622 civitate
1758 2602 1820 2623 sua

1127 2637 1247 2673 fuerat,
1271 2646 1329 2676 per
1357 2645 1450 2674 quem
1481 2634 1591 2665 Latini
1615 2634 1818 2673 accipiebant

1129 2679 1295 2709 civitatem
1310 2677 1511 2707 Romanam:
1533 2683 1646 2706 tamen
1661 2680 1732 2706 erat
1754 2675 1818 2706 La-

1128 2720 1232 2758 tinus,
1261 2719 1338 2758 quia
1360 2718 1614 2758 Transpadanus
1641 2722 1724 2753 erat,
1759 2726 1821 2747 nee

1128 2762 1174 2791 sie
1195 2761 1333 2793 debebat
1352 2760 1620 2792 tractam-Mox
1641 2763 1750 2790 nostro
1769 2760 1820 2790 est

1129 2804 1296 2845 Pompeio.
