1940 3231
307 180 385 215 586
731 173 909 213 EPIST.
935 172 1009 212 AD
1035 170 1318 217 ATTICUM,

309 294 401 322 ror:
433 280 494 321 ita
514 292 582 320 res>
599 284 688 331 est3
718 278 1284 333 removendumquecenseo
1306 280 1344 309 23
1360 277 1463 319 illud
1483 277 1739 322 dissimulan-

310 344 404 378 tem.
436 336 520 379 Sed
541 336 670 387 enim,
691 337 732 367 24
742 340 904 388 οἰκονομίαι
926 336 959 376 si
982 336 1270 391 perturbatior
1290 345 1368 386 est,
1391 335 1469 376 tibi
1492 337 1735 392 assignato:

311 403 355 435 te
376 395 490 435 enim
512 408 665 449 sequor
686 395 916 445 σχεδιάζοντοι.
978 392 1207 434 Cicerones
1231 393 1350 449 pueri
1381 403 1526 434 amant
1550 394 1661 434 inter
1678 408 1737 446 se,

310 452 497 503 discunt,
510 458 786 492 exercentur:
811 448 883 490 sed
905 448 1024 500 alter,
1038 450 1108 490 uti
1130 450 1244 491 dixit
1266 449 1474 491 Isocrates
1499 450 1540 491 in
1561 449 1738 507 Ephoro

309 517 354 550 et
373 508 673 563 Theopompo,
695 505 826 546 frenis
845 514 957 560 eget,
979 506 1084 546 alter
1105 506 1358 548 calcaribus.
1401 508 1567 554 Quinto
1590 517 1739 564 togam

308 581 460 622 puram
494 563 759 606 Liberalibus
790 563 1038 618 cogitabam
1067 562 1181 604 dare.
1211 564 1432 606 mandavit
1461 566 1574 606 enim
1605 577 1740 620 pater.

310 637 361 665 ea
389 623 450 664 sic
479 620 732 671 observabo,
763 619 883 675 quasi
918 619 1215 661 intercalatum
1247 635 1334 663 non
1362 622 1432 662 sit.
1504 621 1741 677 Dionysius
1799 636 1802 637 ⁷

310 680 418 721 mihi
440 679 612 734 quidem
644 677 688 718 in
719 676 935 718 amoribus
966 685 1044 718 est.
1075 677 1196 732 pueri
1226 686 1369 719 autem
1395 679 1530 730 aiunt,
1551 693 1649 719 eum
1672 678 1741 719 fu-

312 746 453 778 renter
474 735 613 777 irasci.
644 734 716 775 sed
739 733 870 776 homo
892 748 977 775 non
1000 734 1183 785 doctior,
1205 749 1284 776 nec
1314 736 1501 776 sanctior
1522 735 1612 776 fieri
1645 745 1743 792 pot-

205 804 393 852 ¹„2371‚est,
423 807 502 834 nec
533 792 595 833 tui
626 791 795 846 meique
831 792 1056 832 amantior.
1125 791 1374 842 Thermum,
1404 796 1444 823 25
1462 792 1613 834 Silium
1644 807 1742 834 vere

269 864 301 886 a.
314 851 435 892 audis
452 849 630 891 laudari.
663 848 783 889 valde
804 862 847 888 se
877 847 1055 889 honeste
1073 858 1242 903 gerunt.
1302 848 1410 890 adde
1441 848 1508 890 M.
1533 849 1742 902 Nonium,

315 907 546 959 Bibulum3
577 920 660 956 me,
683 905 716 945 si
741 904 870 946 voles.
893 905 988 960 jam
1019 905 1059 935 ⁶26
1076 904 1242 956 Scrofa,
1264 905 1431 956 vellem,
1454 906 1643 958 haberet,
1667 908 1740 949 ubi

311 974 472 1022 posset.
501 973 567 1005 est
593 963 709 1004 enim
741 961 907 1004 lautum
926 962 1167 1018 negotium.
1197 962 1328 1003 ceteri
1346 963 1384 995 27
1401 963 1618 1005 infirmant
1643 968 1742 1006 πολί.

311 1041 420 1076 τευμοι
441 1020 635 1063 Catonis.
695 1018 931 1061 Hortensio
960 1019 1075 1075 quod
1097 1034 1270 1061 causam
1291 1033 1430 1061 meam
1451 1022 1741 1073 commendas,

311 1080 438 1121 valde
458 1088 644 1134 gratum.
704 1076 772 1118 De
792 1080 832 1108 28
846 1076 1047 1128 Amiano,
1070 1078 1160 1133 spei
1182 1076 1292 1118 nihil
1313 1086 1439 1133 putat
1458 1091 1548 1119 esse
1572 1077 1740 1134 Diony-

313 1137 415 1178 sius.
465 1135 654 1178 Terentii
677 1134 837 1175 nullum
856 1134 1087 1190 vestigium
1107 1134 1281 1191 agnovi.
1325 1134 1604 1191 Moeragenes
1625 1146 1740 1177 certe

311 1194 455 1250 periit.
486 1192 568 1234 feci
592 1192 671 1233 iter
703 1206 777 1247 per
805 1190 897 1246 ejus
928 1191 1254 1247 possessionem,
1279 1192 1322 1232 in
1343 1207 1429 1247 qua
1457 1191 1615 1241 animal
1645 1192 1741 1233 reli-

309 1266 446 1307 quum
467 1250 630 1292 nullum
649 1258 727 1290 est.
749 1248 844 1290 haec
874 1263 961 1289 non
992 1263 1140 1290 noram
1160 1252 1201 1283 29
1212 1258 1318 1300 tum,
1340 1263 1439 1290 cum
1456 1263 1554 1290 cum
1579 1249 1746 1290 Demo-

309 1308 422 1349 crito
443 1317 519 1349 tuo
536 1308 705 1349 locutus
729 1320 837 1347 sum.
898 1305 1114 1347 Rhosiaca
1135 1318 1236 1347 vasa
1255 1307 1472 1348 mandavi.
1531 1306 1613 1348 Sed
1637 1306 1742 1348 heus

311 1374 373 1417 tu,
395 1365 498 1421 quid
521 1364 712 1421 cogitas?
749 1363 793 1404 in
818 1362 998 1404 felicatis
1016 1362 1210 1404 lancibus
1231 1374 1274 1404 et
1296 1363 1649 1420 splendidissimis
1671 1379 1742 1406 ca-

310 1423 472 1473 nistris,
493 1420 694 1463 olusculis
724 1434 801 1461 nos
832 1420 940 1461 soles
971 1434 1166 1476 pascere3
1198 1421 1300 1476 quid
1332 1430 1374 1462 te
1395 1421 1440 1462 in
1471 1420 1581 1462 vasis
1599 1420 1745 1463 fictili-

311 1480 392 1521 bus
413 1478 710 1536 appositurum
734 1479 910 1533 putem?
957 1481 1060 1532 Κέςοις
1082 1476 1265 1519 Phemio
1289 1478 1537 1520 mandatum
1559 1486 1645 1520 est:
1678 1493 1744 1520 re-

311 1537 521 1593 perietur3
551 1535 681 1578 modo
703 1534 863 1590 aliquid
886 1532 957 1575 illo
987 1533 1167 1589 dignum
1198 1544 1339 1577 canat.
1378 1535 1629 1577 Parthicum
1653 1536 1742 1577 bel-

309 1596 400 1637 lum
436 1593 670 1650 impendet.
740 1591 915 1634 Cassius
946 1591 1166 1648 30ineptas
1193 1593 1354 1634 litteras
1391 1592 1524 1633 misit.
1559 1593 1745 1634 necdum

311 1655 351 1684 31
370 1650 517 1693 Bibuli
551 1658 672 1691 erant
704 1648 869 1693 allatae:
900 1647 1055 1704 quibus
1088 1650 1292 1700 recitatis,
1313 1659 1420 1706 puto
1453 1648 1558 1701 fore,
1586 1660 1634 1690 ut
1667 1650 1744 1691 ali-

312 1709 485 1764 quando
523 1716 846 1749 commoveatur
878 1715 1063 1747 senatus.
1100 1707 1298 1761 equidem
1333 1709 1477 1747 32sum
1516 1707 1558 1748 in
1584 1721 1744 1763 magna

312 1767 444 1808 animi
468 1765 804 1822 perturbatione.
828 1763 878 1816 si,
899 1773 947 1805 ut
970 1775 1090 1819 opt0,
1107 1778 1195 1805 non
1216 1773 1474 1821 prorogatur
1494 1766 1534 1795 33
1548 1773 1740 1805 nostrum

354 1883 395 1912 23
416 1879 502 1910 illud
526 1878 798 1918 dissimulantem]
827 1876 923 1918 Quod
945 1877 1005 1908 tri-

312 1924 413 1954 buisti
437 1922 602 1961 PompeiO,
618 1930 692 1951 cum
715 1930 791 1950 eum
813 1919 1003 1951 disimulan-

311 1972 381 1997 tem
398 1964 580 2004 appellasti.
603 1963 690 1994 illud
709 1963 843 1993 verbum
864 1973 908 1993 sc.
932 1961 1004 1993 edd.

312 2016 363 2048 pr.
378 2007 465 2037 male
478 2007 586 2036 illum.

355 2052 397 2080 24
419 2047 577 2088 οἰκονομία]
597 2046 685 2078 Ordo
699 2045 846 2087 epistolae
860 2046 959 2088 hujus
973 2048 1008 2078 in

313 2092 408 2123 rebus
421 2090 609 2122 scribendis.

355 2136 396 2165 25
420 2133 556 2173 Silium]
581 2133 633 2163 Sic
665 2129 748 2162 edidi
776 2141 853 2162 cum
878 2131 1006 2163 Graevio

313 2186 374 2217 pro
389 2176 543 2208 Sihium.
585 2176 702 2206 Sermo
716 2176 766 2203 est
780 2173 819 2204 de
833 2175 1005 2213 magistra-

314 2219 403 2249 tibus
435 2217 678 2259 provinciarum
706 2215 857 2246 Ciceroni
885 2217 1006 2248 vicina-

315 2271 400 2292 rum.
442 2259 609 2299 Bithyniae
630 2261 811 2299 propraetor
834 2258 944 2296 Silium,
969 2265 1007 2290 ut

315 2304 447 2335 Nonius
461 2302 608 2333 Suffenas
625 2302 733 2332 Cretae
745 2304 779 2330 et
795 2300 992 2340 Cyrenaicae.

356 2347 397 2376 26
422 2343 551 2384 Scrcffiz]
575 2342 786 2380 Tremellius,
805 2343 1007 2382 provinciam

314 2389 465 2428 cupiebat
481 2387 612 2424 habere,
628 2386 662 2416 in
678 2395 741 2425 qua
763 2390 848 2414 esset
871 2387 1009 2416 materia

314 2430 419 2461 laudis
434 2436 467 2460 et
482 2428 605 2468 gloriae.
631 2430 760 2459 lautam
776 2428 941 2465 negotium
957 2428 1007 2457 in-

315 2473 413 2508 dicat,
427 2481 611 2502 sermonem
628 2480 696 2501 esse
712 2469 750 2500 de
765 2474 854 2499 certa
875 2470 1006 2510 provin-

313 2515 375 2551 cia,
391 2515 425 2545 in
439 2523 537 2553 quam
547 2517 622 2543 tum
632 2520 716 2544 esset
728 2511 910 2542 mittendus
926 2521 1008 2552 prze-

314 2562 381 2593 tor,
396 2566 471 2588 cum
485 2565 557 2586 eain
574 2555 656 2585 alius
670 2553 881 2594 repudiasset.

357 2603 396 2634 27
410 2598 584 2640 infirmant
593 2597 761 2635 πολίτευμα
774 2595 916 2635 Catonis]
929 2596 1007 2625 Sen-

315 2653 369 2674 sus
395 2646 463 2672 est:
495 2640 607 2676 ceteri,
634 2644 754 2680 praeter
776 2648 830 2668 eos
859 2647 903 2668 sc.
925 2647 1007 2677 quos

314 2684 458 2721 laudavi,
473 2682 684 2720 magistratus
699 2681 938 2721 provinciarum
953 2691 1007 2710 ex-

314 2727 425 2767 emplo
449 2721 657 2756 suo‘tollnnt
680 2722 843 2753 rationem
867 2722 1007 2752 admini-

313 2769 457 2800 strandae
479 2767 560 2806 reip.
584 2767 618 2796 in
641 2766 828 2806 provinciis,
847 2773 921 2803 quae
943 2763 1005 2794 Ca-

312 2813 386 2842 toni
408 2810 576 2852 probatur,
598 2808 637 2838 de
658 2818 722 2848 qua
742 2807 825 2837 dixit
845 2815 943 2846 supra
958 2805 1005 2844 11,

316 2857 345 2884 1.
363 2863 440 2884 nam
463 2850 632 2889 πολίτευμα
654 2851 740 2891 apud
755 2849 898 2889 optimos
914 2849 1005 2878 Grae-

313 2905 442 2933 corum,
472 2894 623 2935 inprimis
645 2892 732 2934 apud
754 2890 937 2931 Polybium,
961 2890 1008 2920 sic

311 2939 445 2978 dieitur,
459 2942 499 2970 ut
514 2935 660 2969 πλατεῖα.
677 2935 730 2975 qui
753 2943 811 2975 pro
828 2934 955 2965 actione
971 2933 1005 2963 in

1048 1887 1114 1917 rep.
1129 1887 1255 1918 cepere,
1269 1877 1460 1908 intellexere
1471 1877 1510 1908 de
1521 1878 1690 1918 provincia
1703 1879 1745 1910 ab

1048 1921 1174 1951 Catone
1189 1931 1228 1951 ex
1240 1924 1384 1961 praetura
1400 1920 1581 1960 repudiata.
1626 1921 1690 1951 Sed
1704 1921 1744 1952 il-

1047 1961 1104 1992 lud
1118 1963 1387 1993 antecedentibus
1403 1962 1519 1992 melius
1534 1963 1712 1994 consentit.

1090 2007 1130 2035 28
1152 2003 1742 2046 Amian0-Terentii—Moeragenes]

1048 2047 1220 2077 Debitor-es
1247 2047 1350 2078 Attici
1371 2047 1482 2083 fuisse,
1504 2046 1614 2085 colligi
1635 2053 1746 2087 potest

1049 2098 1091 2119 ex
1106 2088 1237 2125 ultimo,
1250 2090 1288 2120 de
1304 2087 1502 2128 Moeragenis
1518 2089 1658 2129 praediis.

1091 2133 1132 2165 ⁴29
1155 2135 1238 2169 tum,
1251 2141 1326 2161 cum
1349 2140 1423 2161 cum
1440 2131 1643 2171 Democrito]
1662 2131 1744 2164 Edd.

1048 2183 1097 2213 pr.
1121 2183 1188 2204 non
1211 2174 1335 2204 habent
1353 2173 1495 2204 alterum
1519 2183 1615 2204 eum.-
1637 2178 1670 2205 et
1684 2184 1742 2214 po-

1048 2216 1115 2246 tuit
1131 2216 1295 2246 absorberi
1318 2226 1337 2246 a
1359 2216 1477 2256 primo,
1492 2215 1593 2246 semel
1606 2216 1742 2257 scripto,

1049 2257 1104 2288 sed
1131 2258 1180 2288 bis
1206 2257 1355 2298 legende.
1379 2257 1434 2288 sed
1449 2263 1561 2288 tamen
1578 2257 1663 2288 male
1690 2268 1741 2288 so-

1049 2305 1118 2330 nat.
1135 2299 1319 2331 deleverim.
1336 2304 1445 2340 potest
1460 2305 1494 2330 et
1507 2300 1570 2330 dici
1585 2301 1670 2340 loqui
1680 2302 1743 2331 αῐὶ-

1050 2351 1114 2372 cuz.

1093 2387 1134 2415 30
1147 2385 1273 2424 ‘ineptos
1289 2384 1414 2424 literas]
1432 2384 1526 2415 Falso
1541 2384 1738 2424 gloriantes:

1049 2427 1207 2465 gloriosas
1221 2427 1303 2457 dixit
1317 2427 1359 2462 V,
1380 2429 1407 2457 l.

1091 2471 1127 2498 31
1155 2468 1269 2499 Bibuli
1296 2469 1438 2498 nondum
1466 2479 1495 2500 e.
1515 2469 1639 2511 allaize]
1664 2470 1741 2501 Non

1050 2511 1211 2550 gloriosae,
1227 2516 1266 2541 ut
1279 2511 1393 2548 Cassii,
1409 2511 1465 2542 sed
1487 2511 1668 2552 periculum
1687 2512 1743 2544 de-

1051 2560 1286 2584 monstrantes.

1093 2597 1134 2627 3⁶2
1156 2605 1229 2625 sum
1244 2605 1369 2634 magna
1382 2605 1415 2625 a.
1426 2594 1478 2634 p.]
1494 2594 1686 2628 Addendum
1697 2598 1744 2635 in,

1050 2636 1135 2676 quod
1145 2644 1179 2667 et
1190 2638 1265 2668 libri
1273 2638 1402 2678 quidam
1412 2637 1743 2680 habent‚absorptum

1035 2679 1037 2681 ’
1051 2690 1069 2710 a
1085 2680 1181 2710 litera
1193 2690 1238 2711 m.

1092 2724 1132 2752 33
1155 2727 1301 2753 nostrum
1316 2723 1481 2761 negotium
1498 2721 1574 2762 &e.]
1608 2722 1745 2755 Provin-

1048 2763 1097 2794 cia
1120 2769 1245 2802 nostra,
1260 2774 1386 2795 menses
1407 2765 1439 2795 J.
1455 2769 1489 2794 et
1502 2763 1686 2804 Q.'meti10‚
1701 2775 1743 2797 ne

1048 2805 1173 2845 aliquid
1198 2807 1334 2846 periculi
1351 2807 1513 2837 afferant:
1547 2806 1603 2836 sed
1626 2810 1742 2839 tamen

1048 2848 1155 2888 spero,
1170 2848 1209 2878 B.
1225 2859 1282 2889 per
1303 2849 1386 2880 illud
1406 2849 1550 2891 spatium
1564 2858 1676 2890 parem
1689 2855 1744 2881 ut·

1049 2899 1178 2930 cunque
1192 2890 1262 2922 fore
1277 2891 1374 2923 beno.
