1940 3231
334 132 412 171 574
757 127 940 166 EPIST.
967 129 1045 167 AD
1071 129 1363 173 ATTICUM,

332 230 754 286 tuisjucumlissimis
776 232 928 274 litteris
946 249 984 274 1
1003 234 1043 274 d.
1066 247 1089 273 v
1115 232 1212 274 Kal.
1230 233 1331 276 Jan.
1351 233 1533 288 denique
1552 235 1757 291 coo-novi

329 303 402 330 eas
431 289 757 344 diligentissime
789 290 1060 346 Philogenes,
1091 290 1267 331 libertus
1303 300 1416 341 tuus,
1450 292 1630 342 curavit,
1664 306 1757 346 per-

330 345 460 402 longa
489 357 529 386 et
564 361 648 386 non
680 348 780 387 satis
816 356 910 387 tuta
942 348 1022 396 via,
1051 347 1335 402 perferendas.
1367 361 1465 387 nam
1495 361 1602 401 quas
1636 347 1757 389 Lenii

333 404 473 458 pueris
496 403 644 443 scribis
666 403 800 453 (1111115,
823 418 909 444 11011
930 417 1191 459 acceper.am
1225 407 1264 438 39
1280 403 1479 445 Jucunde
1497 405 1547 444 de
1566 403 1756 454 Caesare,

332 470 375 500 et
402 475 498 514 quae
524 468 693 500 senatus
721 460 924 509 decrevit,
956 470 999 500 et
1031 475 1126 513 quae
1157 471 1202 501 tu
1231 476 1340 516 spei
1329 476 1397 502 ·ι5;
1438 461 1593 515 quibus
1622 460 1691 500 ille
1721 460 1755 500 si

333 517 461 567 cedit,
485 516 588 557 salvi
613 530 773 556 sumus.
820 516 1026 557 Incendio
1050 516 1311 558 Plaetoriano
1337 521 1378 548 40
1391 517 1503 572 quod
1527 518 1650 558 Seius
1669 531 1759 558 am-

290 582 323 613 b.
336 549 484 614 busttis
507 582 584 623 est,
608 573 747 613 minus
770 573 946 614 moleste
968 571 1073 613 fero.
1126 573 1333 615 Lucceius
1355 575 1407 615 de
1430 575 1487 621 Q.
1511 574 1661 615 Cassio
1683 588 1759 615 cur

334 640 420 671 tam
446 630 670 670 vehemens
702 628 844 680 fuerit,
865 638 908 671 et
937 630 1039 684 quid
1071 638 1215 671 actum
1249 632 1318 681 sit,
1339 646 1444 672 aveo
1467 632 1587 672 scir.e
1647 629 1760 687 EgO,

333 702 431 732 cum
457 687 709 727 Laodiceam
735 701 904 737 venero,
927 687 1109 737 Quinto,
1132 688 1286 727 sororis
1315 698 1400 729 tuae
1424 688 1527 739 filio,
1557 691 1593 719 4¹
1612 696 1759 744 togam

332 758 485 799 puram
508 743 667 798 jubeor
688 744 815 795 dare3
846 746 886 774 42
903 744 972 784 cui
1004 744 1256 785 1node1ab0r
1282 744 1545 800 diligentius.
1580 721 1759 785 Deiota-

332 815 417 852 rus,
437 801 558 855 cujus
581 801 751 841 auxiliis
775 777 941 855 niagnis
967 815 1063 841 usus
1089 815 1196 852 sum,
1216 801 1268 842 ad
1291 816 1374 852 me,
1394 811 1441 842 ut
1457 802 1641 857 scripsit,
1660 815 1760 842 cum

334 857 616 899 Ciceronibus
652 857 905 897 Laodiceam
932 866 1131 898 xentuius
1154 866 1258 898 erat.
1315 833 1428 899 Tiias
1451 859 1580 899 etiam
1607 858 1760 914 Epiro-

332 915 438 955 ticas
459 924 663 970 exspecto
695 914 878 965 litteras;
912 923 956 953 ut
984 914 1163 954 habeam
1197 914 1403 955 rationem
1429 930 1512 955 non
1536 917 1663 956 modo
1687 930 1760 955 ne-

331 972 456 1026 gotii,
481 986 624 1012 verum
649 972 777 1012 etiam
802 971 880 1012 otii
899 971 976 1011 tui.
1029 971 1221 1012 Nicanor
1246 972 1285 1011 in
1311 971 1454 1012 officio
1482 982 1560 1023 est,
1582 983 1624 1013 et
1645 988 1669 1013 a
1692 986 1759 1012 me

330 1028 562 1069 liberaliter
593 1038 822 1070 tractatur:
857 1042 999 1082 quem,
1033 1038 1077 1068 ut
1109 1040 1230 1083 puto,
1263 1028 1446 1069 Romam
1479 1044 1574 1069 cum
1607 1029 1758 1070 litteris

331 1086 516 1141 publicis
540 1086 706 1126 mittam
726 1103 736 1137 3
777 1095 823 1126 ut
844 1096 887 1125 et
908 1085 1156 1139 diligentius
1191 1085 1468 1139 perferantur,
1489 1096 1531 1126 et
1562 1087 1671 1127 idem
1705 1085 1757 1126 ad

331 1157 401 1183 me
431 1152 546 1184 certa
575 1143 627 1183 de
663 1153 703 1183 te
734 1152 777 1183 et
809 1158 834 1183 a
864 1152 904 1182 te
935 1142 1103 1183 referat.
1162 1142 1312 1183 Alexis
1341 1143 1456 1198 quod
1496 1143 1599 1183 mihi
1632 1143 1758 1184 toties

332 1200 511 1240 salutem
533 1201 751 1250 adscribit,
771 1210 835 1240 est
856 1209 1041 1254 gratum.
1066 1199 1138 1240 sed
1160 1214 1235 1241 cur
1258 1214 1342 1240 non
1365 1199 1450 1240 suis
1471 1199 1623 1240 litteris
1645 1200 1758 1240 idem

333 1257 453 1309 facit,
485 1258 599 1312 quod
631 1259 671 1287 43
688 1272 805 1297 meus
839 1257 890 1296 ad
925 1266 965 1297 te
997 1255 1146 1297 Alexis
1173 1256 1306 1298 facit?
1352 1256 1531 1297 Phemio
1554 1257 1760 1312 quaeritur

331 1317 440 1368 aiem.
501 1315 583 1355 Sed
615 1314 708 1355 haec
743 1314 964 1354 hactenus
1026 1313 1154 1366 Cura,
1191 1324 1239 1354 ut
1272 1313 1425 1363 valeas,
1458 1324 1500 1354 et
1532 1325 1580 1354 ut
1611 1313 1758 1364 sciam,

332 1371 504 1425 quando
546 1372 711 1427 cooites
751 1371 950 1411 Romam.
990 1371 1118 1411 etiam
1161 1380 1290 1425 atque
1321 1371 1449 1411 etiam
1488 1370 1593 1411 vale.
1652 1370 1760 1420 Tua,

334 1437 515 1482 tuosque
537 1404 722 1469 Thermo
741 1438 784 1469 et
806 1442 991 1483 plaesens
1017 1427 1175 1483 Ephesi
1197 1428 1524 1483 diligentissime
1542 1442 1761 1469 commen-

334 1484 423 1524 dai
412 1500 495 1535 1111,
518 1495 561 1525 et
582 1500 696 1526 nunc
716 1500 789 1541 per
812 1485 998 1525 litteras:
1031 1499 1256 1540 lpsumque
1276 1485 1466 1526 intellexi
1485 1499 1576 1526 esse
1595 1494 1761 1541 perstu-

333 1540 500 1582 diosum
534 1543 610 1584 tui.
669 1542 736 1584 Tu
768 1542 829 1583 vel
837 1542 909 1592 im,
931 1543 1045 1596 quod
1068 1552 1194 1582 antea
1215 1543 1267 1583 ad
1297 1552 1337 1582 te
1369 1542 1534 1597 scripsi,
1556 1542 1609 1582 de
1629 1542 1758 1583 domo

335 1597 574 1650 Pammeni,
595 1600 668 1640 des
691 1615 772 1655 ope
751 1614 879 1649 cram,
901 1608 962 1649 ut,
985 1599 1099 1653 quod
1117 1609 1190 1639 tuo
1214 1613 1394 1653 meoque
1419 1599 1630 1639 beneficio
1653 1612 1758 1665 puer

331 1654 478 1706 habet,
505 1671 640 1707 cures,
667 1672 718 1697 ne
746 1671 831 1711 qua
860 1655 1024 1696 ratione
1057 1656 1334 1697 convellatur
1366 1656 1535 1710 utrique
1565 1654 1759 1697 nostrum

333 1711 560 1754 honestum
583 1713 811 1765 existimo;
843 1722 933 1754 tum
957 1713 1062 1754 mihi
1085 1714 1165 1754 erit
1188 1722 1450 1769 peroratum.

265 1814 315 1848 οι
767 1802 999 1844 CICERO
1030 1801 1256 1843 ATTICO
1289 1802 1333 1843 S.

332 1857 451 1910 TE
442 1883 484 1909 m
511 1869 687 1927 Epirum
723 1870 884 1911 salvum
916 1870 1095 1921 venisse,
1128 1879 1184 1920 et,
1217 1878 1264 1911 ut
1286 1869 1452 1919 selibis,
1473 1882 1526 1909 ex
1550 1868 1762 1909 sententia

332 1926 571 1982 navigasse,
599 1928 871 1968 vehementer
889 1928 1080 1983 gaudeo:
1113 1942 1197 1967 non
1231 1941 1321 1967 esse
1350 1926 1505 1967 Romae
1528 1939 1624 1966 meo
1653 1935 1761 1966 tem-

332 1997 435 2041 pore
458 1985 787 2039 peinecessario,
811 1985 1068 2026 submoleste
1103 1984 1216 2026 f·:e10
1249 1984 1331 2025 hoc
1353 1997 1421 2024 me
1444 1993 1585 2022 tamen
1608 1997 1761 2023 conso-

332 2040 419 2082 lor:
452 2055 538 2083 non
571 2057 694 2098 spero
728 2052 770 2083 te
803 2042 900 2083 istic
925 2042 1118 2098 jucunde
1154 2041 1355 2091 hiemare,
1372 2043 1413 2071 44
1429 2049 1473 2080 et
1495 2039 1674 2080 libenter
1699 2054 1762 2080 1e-

375 2189 416 2221 39
436 2187 589 2218 Jueunde
609 2188 647 2218 de
667 2188 803 2227 Coesare]
829 2187 948 2219 Melius
964 2198 1024 2228 pu·
1066 2187 1119 2218 ed.
1136 2187 1233 2218 Rom.
1248 2192 1297 2217 est
1315 2196 1391 2217 sane
1405 2185 1468 2217 hoc
1489 2195 1614 2225 quoque
1628 2185 1760 2222 durum,

334 2228 543 2269 tojuczmda.
1058 2229 1177 2269 jubebo
1205 2230 1303 2260 dare:
1329 2239 1406 2259 nam
1428 2229 1528 2259 dabat
1551 2228 1638 2267 ipse:
1675 2227 1761 2258 unde

374 2275 416 2302 40
438 2273 522 2311 quod
536 2273 636 2303 Leius
649 2272 786 2303 adustus
799 2273 858 2312 est]
878 2273 953 2302 Sine
968 2271 1026 2302 du·
1068 2272 1154 2302 infra
1168 2271 1189 2301 l.
1205 2282 1232 2303 c.
1246 2276 1295 2303 est
1310 2271 1493 2310 cogitabam
1508 2272 1588 2300 dare
1599 2282 1608 2298 .·
1630 2269 1685 2299 sed
1700 2269 1756 2299 dae

333 2313 388 2343 bio
412 2313 586 2352 legendum
609 2316 788 2350 ambustus,
812 2314 898 2354 quod
919 2317 969 2344 est
991 2315 1026 2344 in
1068 2313 1126 2344 bat
1144 2319 1255 2345 tamen
1276 2324 1334 2353 per
1355 2313 1522 2344 ministros
1543 2312 1584 2343 ad
1600 2311 1760 2342 tribunal.

334 2355 396 2386 hac
410 2365 442 2385 re
457 2357 623 2397 proprium
635 2361 669 2388 et
679 2365 872 2397 perpetuum
883 2356 1028 2386 v.erbum
1070 2356 1204 2395 Deligat
1219 2356 1333 2387 lector.

336 2407 396 2427 nec
410 2397 554 2429 dubitavi
570 2399 615 2429 sic
630 2399 801 2438 corrigere.
828 2405 877 2430 est
889 2398 928 2428 de
938 2398 1028 2438 judi·
1112 2381 1165 2429 42*
1177 2408 1204 2428 c.
1226 2397 1413 2428 moderabor
1425 2394 1628 2444 diligentius]
1651 2395 1761 2435 Quam

338 2440 388 2469 cio
403 2449 522 2471 sermo.
566 2440 629 2471 Sed
645 2440 744 2471 Ledus
759 2442 859 2472 etiam
875 2439 1028 2470 vitiosum
1071 2450 1091 2470 a
1106 2444 1198 2480 patre
1212 2440 1336 2470 factum
1348 2443 1416 2477 est;
1436 2443 1470 2469 et
1481 2443 1552 2469 erat
1562 2439 1670 2468 minus
1684 2447 1763 2467 con-

336 2486 399 2511 est.
436 2490 557 2513 nomen
593 2482 655 2513 hoc
689 2483 839 2524 nuspiam
873 2483 1030 2514 occurrit.
1071 2482 1193 2512 tinens.

337 2523 551 2554 Scribendum
568 2524 672 2555 Seius.
1112 2527 1152 2555 43
1174 2533 1265 2554 meus
1286 2522 1413 2561 Alexis]
1457 2522 1518 2552 Est
1549 2521 1641 2557 Tiro,
1663 2530 1761 2560 quem

378 2568 416 2596 41
442 2569 553 2603 togam
562 2576 687 2605 puram
694 2565 814 2607 jubeor
829 2566 923 2606 dare]
948 2576 993 2597 se.
1010 2577 1030 2597 a
1071 2566 1185 2597 Cicero
1199 2566 1312 2596 eodem
1326 2564 1581 2599 modo-amabat,
1594 2573 1659 2602 quo
1673 2563 1762 2593 Atti-

336 2606 451 2643 fratre,
467 2609 520 2646 qui
544 2608 605 2638 hoc
627 2609 656 2638 ei
679 2609 816 2640 mandav
820 2614 903 2646 erat,
919 2613 959 2639 ut
979 2615 1029 2639 est
1071 2618 1127 2638 cus
1143 2608 1260 2639 Alexin
1275 2617 1382 2639 suum.
1397 2614 1432 2637 et
1445 2612 1493 2636 est
1508 2607 1542 2636 in
1556 2606 1618 2635 hoc
1632 2615 1762 2644 quoque

336 2647 377 2678 L.
393 2648 452 2684 VI,
473 2651 498 2679 l.
513 2650 568 2680 sed
582 2650 615 2680 id
628 2655 739 2680 timen
755 2651 866 2681 durius
880 2651 914 2681 h.
928 2651 951 2681 1.
966 2655 1029 2688 est,
1071 2650 1207 2681 fortasse
1223 2659 1290 2680 non
1305 2649 1473 2690 proprium
1487 2657 1620 2678 nomen.

336 2695 471 2731 propter
489 2691 571 2722 illud
592 2691 799 2730 adjunctum,
821 2703 896 2723 cum
911 2693 1032 2724 Laodi·
1114 2695 1155 2723 44
1177 2696 1208 2722 et
1223 2693 1356 2722 libenter
1376 2689 1585 2730 requiescere]
1613 2688 1685 2720 Hoc
1707 2688 1763 2718 de-

335 2742 427 2762 ceam
442 2742 566 2764 venero.
608 2733 731 2764 Jubebo
752 2734 852 2764 habet
874 2734 923 2765 ed.
951 2735 1031 2765 Jen-
1073 2733 1121 2765 let
1139 2733 1278 2764 Ursinus
1299 2738 1432 2764 auctore
1455 2732 1519 2763 Ms.
1543 2736 1670 2763 vetere.
1694 2730 1765 2772 pla-

336 2775 407 2804 soni
422 2779 456 2805 et
468 2785 554 2815 seqq.
568 2776 609 2807 ad
620 2775 802 2806 Victor-ium
819 2786 932 2815 usque,
944 2776 997 2816 qui
1014 2787 1033 2807 e
1074 2781 1127 2809 cet
1139 2776 1253 2813 «lunio,
1268 2776 1368 2807 etiam
1383 2774 1475 2806 mihi.

337 2816 418 2848 Mss.
435 2817 523 2849 dedit
536 2817 666 2859 jubeor,
692 2818 777 2858 quod
803 2819 905 2849 etiam
926 2823 977 2850 est
998 2818 1032 2849 in
