1940 3231
290 393 347 429 ⁶2³0

311 1786 344 1817 b.

359 136 442 179 830¹
783 139 969 178 EPIST.
997 139 1074 178 AD
1101 130 1389 184 ATTlcUM‚

359 245 544 297 tradidi3
575 249 756 300 eamque
779 245 1027 301 cogitabam
1055 259 1098 285 v.
1122 243 1224 286 Idus
1250 244 1407 285 videre.
1431 250 1477 285 tu
1499 241 1659 286 Atticae
1691 242 1802 286 §alm

359 314 446 345 tem
469 303 599 345 dices.
624 317 700 343 nos
726 302 881 344 Piliam
905 302 1135 358 diligenter
1159 303 1389 343 tuebimur.

801 391 1037 434 CICERO
1068 391 1296 433 ATTICO
1330 392 1374 432 S.

362 450 412 502 E
448 460 826 503 POMPEIANO
863 460 961 500 navi
997 459 1201 500 advectus
1241 475 1334 500 sum
1374 461 1416 501 in
1458 458 1626 500 Luculli
1667 458 1805 500 nostri

357 518 596 575 hospitium
623 533 668 558 vi
706 518 824 568 Idus,
855 517 959 557 ’nora
992 516 1077 556 fere
1113 530 1200 568 1113
1231 531 1426 573 egressus
1458 527 1601 557 autem
1633 530 1656 556 e
1687 517 1802 567 navi,

358 578 506 631 accepi
533 588 625 616 tuas
649 575 827 624 litteras,
850 589 953 629 quas
980 584 1075 613 tuus
1110 573 1352 614 tabellarius
1386 575 1426 614 in
1461 574 1706 615 Cumanum
1737 582 1802 614 at-

360 634 505 673 tulisse
528 633 767 683 dicebatur,
792 632 914 672 nonis
940 630 1051 671 Mai.
1073 631 1218 672 datas:
1253 646 1277 671 a
1301 631 1478 672 Lucullo
1505 631 1710 687 postridie
1731 642 1802 671 eae

358 692 456 731 (lem
480 690 567 730 fere
590 690 709 740 hora,
733 704 818 742 qua
842 689 952 738 veni,
978 703 1047 729 vll
1085 687 1187 728 Idus
1221 688 1416 728 Lanuvio
1438 689 1573 729 datas.
1596 687 1694 729 audi
1718 687 1804 744 igi.-

360 758 428 788 tur
460 748 512 788 ad
545 762 707 788 omnes.
772 746 981 796 Primum,
1003 760 1100 800 quae
1132 745 1185 785 de
1219 759 1261 785 re
1292 759 1386 785 mea
1413 757 1533 800 gesta
1555 755 1596 786 et
1620 745 1662 786 in
1686 746 1801 786 solu-

360 807 492 855 tione,
522 814 567 846 et
598 805 641 845 in
672 804 859 845 Albiano
892 803 1083 859 negotio,
1116 812 1253 858 grata.
1317 801 1385 842 De
1423 813 1498 842 tuo
1531 812 1673 843 autem
1706 802 1799 843 -Bu-

360 863 523 912 throtO,
547 877 644 903 cum
683 862 725 902 iu
765 861 1033 916 Pompeiano
1068 874 1219 909 essem,
1255 859 1476 900 Misenum
1513 861 1629 900 venit
1660 860 1800 900 Anto-

360 921 481 961 nius:
516 920 615 960 inde
640 929 740 960 ante
770 918 982 968 discessit,
1004 933 1130 972 quam
1165 917 1282 958 illum
1309 918 1474 958 venisse
1505 917 1742 959 audissem:
1775 924 1800 958 a'

359 993 446 1033 quo
468 978 512 1018 in
537 977 775 1018 Samnium.
799 976 910 1026 vide,
934 975 1036 1030 quid
1060 989 1216 1030 speres,
1279 974 1432 1015 Romae
1463 975 1596 1029 igitur
1626 974 1678 1015 de
1710 974 1799 1015 Bu-

358 1037 520 1076 throto.
584 1034 633 1075 L.
656 1033 838 1074 Antonii
871 1033 1088 1074 horribilis
1119 1032 1288 1082 concio,
1317 1031 1553 1073 Dolabellae
1577 1030 1795 1088 praeclara.

351 1093 446 1147 jam
470 1092 534 1133 vel
558 1092 638 1132 sibi
662 1091 820 1132 habeat
843 1105 1011 1141 numos,
1034 1090 1164 1131 modo
1188 1099 1381 1130 numeret
1407 1088 1570 1130 Idibus.
1601 1087 1799 1129 &Tertul-

357 1151 410 1191 lae
449 1149 606 1191 nollem
646 1150 861 1190 abortum.
907 1159 993 1189 tam
1031 1148 1147 1188 enim
1191 1146 1330 1188 Cassii
1371 1156 1472 1187 sunt
1516 1146 1625 1199 jam,
1666 1159 1796 1201 quam

359 1207 484 1248 Bruti
517 1207 698 1248 serendi.
763 1206 829 1247 De
861 1206 1009 1261 regina
1033 1204 1174 1254 velim,
1197 1214 1325 1259 atquc
1356 1205 1486 1245 etiam
1510 1203 1594 1244 9de
1626 1202 1799 1244 Caesare·

357 1265 445 1306 illo.
509 1264 701 1306 Persolvi
736 1264 887 1319 primae
920 1263 1141 1318 epistolas:
1176 1263 1300 1302 venio
1334 1262 1387 1302 ad
1421 1260 1668 1302 secundam.
1729 1260 1800 1305 De

358 1323 551 1373 Quintis,
576 1321 809 1371 Buthroto,
833 1335 929 1361 cum
958 1334 1126 1369 venero,
1153 1331 1198 1360 ut
1220 1319 1385 1359 scribis.
1439 1318 1569 1365 Quod
1594 1317 1799 1359 Ciceroni

358 1380 622 1435 suppeditaS,
645 1388 832 1435 gratum.
895 1378 1025 1424 Quod
1054 1391 1191 1418 errare
1216 1391 1282 1417 me
1306 1385 1444 1429 putas,
1467 1375 1539 1430 qui
1562 1375 1798 1431 rempubli-

356 1453 452 1479 cam
486 1448 633 1493 putem
671 1435 855 1491 pendere
876 1450 899 1476 e
931 1435 1095 1476 Bruto:
1131 1434 1191 1475 sic
1228 1448 1271 1474 se
1302 1449 1366 1475 res
1398 1434 1544 1474 habet.
1575 1442 1650 1474 aut
1680 1432 1798 1474 nulla

356 1495 451 1546 erit,
475 1506 549 1536 aut
571 1494 625 1536 ab
649 1493 731 1534 isto
755 1493 901 1533 istisve
924 1493 1176 1533 servabitur.
1231 1491 1360 1538 Quod
1384 1505 1452 1532 me
1474 1490 1674 1541 hortaris,
1700 1492 1798 1531 ¹⁰ut

357 1554 561 1609 scriptam
590 1551 846 1594 concionem
878 1551 1074 1600 mittam;
1106 1548 1254 1605 accipe
1277 1564 1301 1589 a
1323 1563 1405 1598 me,
1428 1549 1485 1589 mi
1508 1547 1671 1598 Attice,
1691 1551 1800 1588 20:90⁴

354 1611 614 1661 λικὸνθεώςημκ
636 1622 781 1649 earum
810 1622 964 1658 rerum,
990 1607 1029 1646 in
1054 1606 1210 1662 quibus
1243 1606 1343 1646 satis
1375 1605 1603 1647 exercitati
1634 1618 1796 1645 sumus.

357 1663 499 1703 Nemo
524 1677 728 1720 umquam
759 1679 897 1720 neque
933 1664 1077 1720 po'eta,
1101 1678 1237 1718 neque
1265 1671 1408 1704 orator
1430 1662 1528 1714 fuit,
1551 1662 1624 1717 qui
1647 1675 1798 1717 quem-

357 1735 486 1776 quam
519 1722 754 1773 meliorem‚
787 1737 915 1777 quam
952 1736 1009 1772 se,
1046 1721 1338 1762 arbitraretur.
1376 1721 1462 1761 hoc
1500 1719 1630 1760 etiam
1674 1718 1797 1760 malis

357 1777 590 1834 contingit.
621 1780 723 1836 quid
757 1789 801 1820 tu
835 1780 972 1820 Bruto
1006 1788 1146 1835 putas,
1177 1789 1220 1819 et
1251 1779 1493 1833 ingenioso,
1523 1786 1568 1818 et
1597 1776 1796 1818 erudito?

355 1836 409 1877 de
429 1850 516 1891 quo
538 1837 666 1878 etiam
691 1839 859 1893 experti
891 1851 1036 1877 sumus
1069 1850 1204 1892 nuper
1235 1836 1277 1876 in
1309 1835 1468 1876 edicto.
1494 1834 1796 1890 llscripseram

354 1903 510 1949 rogatu
545 1903 635 1935 tuo.
674 1909 815 1935 meum
850 1894 956 1936 milii
997 1888 1208 1950 placebat,
1239 1892 1298 1933 illi
1336 1907 1476 1933 suum.
1509 1891 1612 1947 quin
1648 1892 1796 1941 etiam,

354 1965 469 2001 cum,
493 1951 626 2007 ipsius
649 1952 848 2008 precibus
871 1965 995 2008 paene
1017 1952 1241 2001 adductus,
1261 1950 1523 2005 scripsissem
1547 1949 1599 1990 ad
1622 1962 1719 1993 eum
1743 1948 1797 1989 de

355 2009 524 2065 optimo
559 2024 714 2064 genere
754 2009 942 2060 dicendi,
979 2023 1063 2049 non
1104 2008 1233 2048 modo
1273 2008 1396 2057 mihi,
1434 2008 1506 2048 sed
1544 2007 1674 2047 etiam
1716 2005 1794 2046 tibi

355 2066 540 2122 scripsit,
564 2068 646 2108 sibi
678 2067 796 2118 illud,
820 2067 934 2121 quod
968 2066 1071 2107 mihi
1105 2065 1306 2121 placeret,
1336 2080 1420 2105 non
1452 2063 1640 2121 probari.
1663 2077 1795 2118 quare

354 2123 446 2164 sine
468 2139 615 2180 quaeso
637 2124 716 2165 sibi
736 2139 950 2179 quemque
972 2124 1170 2165 scribere.
1186 2138 1298 2164 suam
1318 2123 1461 2179 cuique
1476 2135 1673 2177 sponsam,
1692 2119 1796 2161 mihi

352 2195 505 2231 mecum
533 2197 648 2223 sumn
685 2181 828 2237 cuique
865 2195 1054 2231 amorem,
1093 2180 1194 2221 mihi
1229 2194 1373 2221 meum.
1418 2194 1504 2220 uon
1547 2179 1667 2220 scite.
1709 2177 1794 2219 hoo

353 2239 466 2280 enim
502 2240 695 2290 Attilius,
728 2240 858 2295 poeta
893 2239 1159 2282 durissimus.
1193 2248 1322 2293 atque
1355 2237 1521 2278 utinam
1559 2237 1685 2277 liceat
1721 2235 1791 2275 isti

352 2296 626 2339 concionari!
659 2297 728 2338 cui
751 2297 784 2337 si
807 2311 898 2337 esse
920 2297 963 2337 in
988 2297 1092 2337 urbe
1115 2305 1210 2337 tuto
1231 2295 1395 2346 licebit,
1418 2294 1614 2335 vicimus.
1636 2293 1790 2334 ducem

353 2354 468 2395 enim
501 2355 602 2396 novi
626 2354 725 2395 belli
747 2354 885 2395 civilis
908 2364 982 2394 aut
1004 2368 1130 2396 nemo
1153 2361 1368 2408 sequetur,
1392 2361 1466 2392 aut
1488 2351 1514 2392 ii
1545 2358 1791 2405 sequentur,

351 2412 426 2465 qui
451 2412 576 2454 facile
599 2412 839 2453 vincantur.
877 2411 1015 2452 Venio
1039 2411 1090 2452 ad
1116 2410 1300 2451 tertiam.
1341 2410 1499 2451 Gratas
1522 2407 1652 2449 fuisse
1674 2421 1791 2457 meas

351 2467 514 2511 litteras
542 2471 678 2511 Bruto
700 2479 744 2510 et
767 2468 917 2510 Cassio
942 2469 1123 2524 gaudeo.
1147 2469 1292 2522 itaque
1314 2467 1366 2508 iis
1388 2464 1601 2522 rescripsi.
1659 2463 1791 2511 Quod

354 2525 550 2568 Hirtium
585 2542 658 2582 per
688 2541 756 2567 me
786 2526 1006 2567 meliorem
1043 2526 1131 2566 fieri
1164 2524 1339 2566 volunt:
1371 2524 1427 2565 do
1457 2522 1656 2577 equidem
1687 2535 1791 2577 ope-

354 2597 470 2636 ram;
501 2595 544 2625 et
577 2584 647 2625 ille
681 2585 846 2642 optime
884 2584 1101 2639 loquitur:
1135 2582 1207 2624 sed
1245 2582 1352 2623 vivit
1394 2580 1648 2636 habitatque
1688 2593 1789 2620 cum

393 2751 412 2779 8
437 2746 608 2785 Tertulz'oe]
634 2745 737 2777 Cassii
759 2746 883 2783 uxoris,
905 2751 945 2776 ut
971 2756 988 2775 e
1013 2755 1047 2776 re
1089 2745 1263 2785 scripserat
1283 2745 1403 2780 Erum,
1428 2746 1468 2774 ut
1490 2753 1528 2773 ea
1550 2745 1713 2779 uteretur,
1736 2739 1792 2773 vel

350 2795 456 2832 patet,
472 2789 551 2820 alias
566 2789 675 2819 Junia
691 2788 816 2819 Tertia.
1089 2793 1246 2826 tanquam
1265 2797 1284 2817 a
1297 2787 1404 2818 Bruto
1417 2785 1578 2816 habitam.

391 2837 410 2867 9
433 2833 471 2862 de
491 2832 614 2862 Coesare
628 2831 697 2871 illo]
724 2830 861 2863 caesaris
876 2840 893 2860 e
908 2829 1046 2870 Cleopa—
1137 2833 1169 2860 11
1194 2830 1389 2869 scripseram
1416 2833 1539 2868 rogatu
1568 2824 1638 2868 tuo]
1668 2825 1722 2857 Ut
1745 2834 1786 2857 eo

348 2881 402 2906 tra
416 2875 498 2910 filio,
514 2873 590 2913 quid
604 2878 715 2904 actum
731 2873 787 2910 sit,
804 2873 895 2903 scire.
1089 2872 1214 2904 Brutus
1231 2877 1391 2902 uteretur.
1707 2896 1710 2900 ,

396 2920 433 2948 10
447 2921 484 2947 ut
495 2917 653 2957 scriptam
666 2916 845 2947 concionem
863 2914 923 2956 m.]
939 2914 1047 2954 Quam
