1940 3231
662 169 868 209 LIBER
906 168 1000 207 ΧΙΙ.
1486 177 1565 216 759

109 269 243 312 etiam
277 286 392 315 nunc
423 273 593 316 molesti
632 286 745 316 sunt.
780 274 884 330 quid
924 273 1166 324 existimas,
1200 272 1234 314 si
1270 279 1458 319 venero?
1493 277 1563 321 De

109 325 314 372 Terentia
336 331 396 372 ita
418 347 534 383 cura,
559 342 606 373 ut
628 331 806 384 scribis3
838 345 991 387 meque
1013 331 1096 372 hac
1118 331 1171 372 ad
1195 331 1409 373 maximas
1434 335 1563 390 aegri-

109 387 282 428 tudines
305 389 601 431 86accessione
625 395 739 430 nunc
769 391 963 431 maxima
984 389 1134 430 libera.
1198 387 1267 439 Et,
1291 399 1339 429 ut
1362 390 1470 430 scias
1496 407 1563 433 ine

109 442 174 484 ita
207 445 363 497 (lolere,
397 456 445 487 ut
478 462 562 488 non
595 447 794 502 jaceam:
828 447 986 504 quibus
1024 445 1275 487 consulibus
1317 446 1562 489 Carneades

110 510 154 541 et
186 516 236 543 ea
266 503 426 559 legatio
461 503 644 545 Romam
671 506 851 557 venerit,
877 505 1085 561 scriptum
1120 514 1184 546 est
1216 504 1261 544 in
1294 513 1369 545 tuo
1401 505 1561 547 annali.

107 557 220 610 haec,
263 575 377 602 nunc
415 576 579 616 quaero,
613 578 710 618 quae
755 579 885 605 causa
927 562 1085 604 fuerit?
1117 562 1220 603 87de
1261 561 1563 619 Oroposopi-

108 630 214 669 nor3
247 619 318 658 sed
344 630 509 660 certum
543 621 714 663 nescio:
748 632 805 671 et,
831 622 862 662 si
898 621 959 662 ita
989 629 1068 671 est,
1092 636 1188 675 quae
1221 621 1561 663 controversiae?

106 687 331 728 praeterea,
354 677 426 730 qui
451 691 502 717 eo
527 687 721 734 tempore
753 679 910 720 nobilis
944 677 1182 734 Epicureus
1207 677 1338 718 fuerit
1358 676 1561 731 Athenis,

105 733 181 785 qui
217 732 440 786 praefuerit
480 734 644 779 hortis?
676 737 749 793 qni
788 737 919 777 etiam
961 736 1146 777 Athenis
1187 742 1356 777 πολιτικοὶ
1398 736 1562 778 fuerint

104 787 319 851 illustres?
350 806 448 846 quae
483 801 523 833 te
554 794 684 835 etiam
717 797 821 835 ssssex
854 794 1110 850 Apollodori
1146 803 1251 850 puto
1285 808 1409 850 posse
1440 793 1560 835 inve-

103 859 214 886 mre.
279 847 346 889 De
382 849 544 900 Attica,
583 851 841 904 molestmn3
874 853 946 893 sed
985 852 1189 907 quoniam
1237 851 1401 902 leviter,
1444 862 1561 894 recte

104 917 198 942 esse.
222 905 410 947 confido.
448 907 515 949 De
535 908 720 950 Gamala
739 910 921 951 dubium
942 910 1048 950 mihi
1073 924 1160 950 non
1183 917 1289 950 erat.
1309 909 1423 950 unde
1442 911 1559 951 enim

105 968 195 1000 tam
233 961 336 1005 felix
375 964 509 1021 Ligus
543 970 693 1022 pater?
725 982 822 1008 nam
858 968 959 1023 qnid
999 967 1052 1008 de
1092 982 1159 1008 me
1201 967 1359 1016 dicam,
1398 968 1465 1008 cui
1514 977 1561 1009 ut.

104 1021 255 1060 omnia
275 1024 550 1080 contingunt,
573 1039 671 1079 quae
697 1025 808 1076 volo,
826 1025 955 1066 levari
982 1040 1067 1066 non
1092 1028 1297 1080 possum?
1331 1025 1399 1066 De
1427 1025 1558 1067 Drusi

103 1073 259 1128 hortis,
283 1082 438 1134 quanti
460 1081 631 1123 licuisse
655 1093 699 1124 tu
726 1083 903 1135 scribis;
937 1083 978 1123 id
1010 1097 1093 1138 ego
1116 1097 1290 1137 quoque
1321 1083 1556 1136 audieram,

102 1143 162 1184 et,
199 1146 243 1175 ut
278 1138 448 1192 opinor,
485 1139 571 1180 heri
614 1141 666 1181 ad
701 1150 743 1181 te
780 1141 1062 1197 scripseram:
1097 1139 1169 1180 sed
1203 1141 1354 1194 quanti
1389 1143 1690 1196 quanti‚p·194.

103 1191 215 1232 bene
237 1195 395 1236 emitur
417 1198 531 1250 quod
558 1212 730 1238 necesse
750 1209 829 1239 est.
850 1198 972 1249 mihi,
987 1212 1163 1253 quoquo
1186 1198 1318 1238 morlo
1341 1207 1384 1237 tu
1404 1199 1556 1240 existi·
1567 1198 1597 1218 a.

102 1262 211 1313 nJaS,
234 1253 344 1304 (scio
374 1255 489 1295 enim
521 1269 605 1310 ego
637 1256 743 1311 ipse,
765 1256 870 1311 quid
901 1257 954 1297 de
987 1270 1054 1296 me
1086 1255 1368 1307 existimem)
1391 1256 1559 1298 89leva-

103 1315 166 1362 tio
189 1311 390 1363 quaedam
415 1321 493 1363 est,
517 1313 550 1353 si
577 1313 717 1354 minus
740 1314 917 1365 doloris,
940 1323 984 1355 at
1007 1313 1138 1354 officii
1175 1312 1327 1353 debiti.
1386 1313 1455 1354 Ad
1490 1315 1558 1356 Si-

103 1378 200 1404 cam
223 1367 390 1424 scripsi,
413 1370 529 1424 quod
564 1372 700 1412 utitur
732 1371 781 1413 L.
808 1371 954 1413 Cotta.
979 1371 1013 1411 si
1045 1370 1153 1411 nihil
1185 1371 1474 1412 conficeretur
1504 1373 1558 1414 de

102 1420 458 1477 Transtiberinis,
486 1427 619 1470 habet
652 1429 696 1470 in
731 1428 925 1471 Ostiensi
962 1428 1095 1470 Cotta
1128 1428 1409 1470 celeberrimo
1443 1429 1557 1482 loco,

101 1481 177 1544 sed
210 1483 413 1537 pusillum
445 1485 554 1528 loci:
588 1487 641 1528 ad
672 1487 786 1529 hanc
819 1502 906 1528 rein
941 1496 1085 1528 tamen
1111 1486 1258 1542 90plus
1281 1487 1410 1527 etiam
1436 1488 1556 1530 satis.

100 1537 147 1600 151
171 1539 299 1580 velim
321 1543 503 1598 cogites.
526 1559 606 1585 nec
629 1554 773 1586 tamen
797 1545 880 1586 ista
900 1545 1042 1601 pretia
1062 1544 1286 1585 hortorum
1322 1546 1557 1600 pertimue-

99 1608 173 1636 rJS.
197 1611 276 1640 nec
301 1599 406 1640 mihi
432 1601 526 1656 jam
557 1603 754 1658 argento,
778 1617 857 1644 nec
882 1612 1004 1643 veste
1032 1617 1142 1658 opus
1172 1611 1252 1654 est,
1276 1617 1355 1644 nec
1377 1605 1557 1658 quibus-

99 1667 231 1708 quam
264 1658 449 1699 amoenis
481 1658 612 1702 locis:
647 1660 732 1702 hoc
763 1675 873 1717 opus
904 1669 985 1701 est.
1011 1660 1138 1702 video
1162 1660 1310 1711 etiarn,
1342 1675 1367 1701 a
1397 1662 1555 1716 quibus

99 1712 298 1775 edjuvari
324 1717 500 1771 possim.
523 1718 595 1759 sed
618 1718 793 1774 loquere
814 1733 913 1760 cum
939 1717 1062 1759 Silio.
1085 1717 1194 1758 nihil
1223 1718 1339 1758 enirn
1370 1727 1436 1758 est
1466 1734 1557 1760 me-

98 1767 197 1812 hus.
233 1774 432 1815 mandavi
464 1775 595 1817 etiam
631 1776 758 1818 Sieae.
791 1776 1026 1833 rescripsit,
1057 1776 1344 1817 constitutum
1379 1791 1423 1817 se
1454 1791 1557 1818 cum

98 1841 151 1868 eo
186 1829 358 1873 habere.
393 1832 554 1874 scribat
587 1834 723 1890 igitur
755 1835 808 1876 ad
845 1849 930 1887 me,
963 1834 1068 1890 ‘quid
1109 1834 1262 1890 egerit,
1295 1837 1394 1874 9let
1422 1843 1472 1875 ut
1505 1846 1553 1876 tu

101 1887 285 1930 videbis.

546 1964 783 2008 CICERO
805 1964 1038 2007 ATTICO
1062 1966 1106 2007 S.
1563 1956 1620 1994 ⁶24

96 2019 278 2074 BENE
310 2031 416 2073 fecit
445 2031 499 2076 A.
533 2034 678 2086 Silius,
709 2035 834 2091 92qui
869 2035 1152 2090 transegerit:
1192 2049 1332 2091 neque
1363 2036 1479 2076 enim
1512 2035 1552 2076 ei

92 2089 242 2132 deesse
265 2090 478 2142 volebam,
501 2101 543 2132 et
565 2092 670 2147 quid
699 2108 884 2148 possem,
911 2093 1136 2134 timebam.

537 2149 606 2191 De
639 2149 867 2204 Cicerone,
903 2160 1074 2207 tempus
1113 2165 1205 2192 esse
1239 2151 1334 2207 jam
1369 2152 1552 2193 videtur.

93 2147 192 2202 fice,
226 2158 276 2190 ut
306 2148 474 2190 scribis.

137 2312 179 2344 86
201 2312 379 2343 accessione
394 2322 483 2343 nunc
497 2313 662 2354 maxima]
683 2314 797 2345 Offen-

92 2355 126 2387 di
141 2356 176 2386 in
191 2355 254 2386 hoo
270 2365 358 2386 nunc
371 2365 460 2386 max.
486 2356 563 2386 Post
578 2357 613 2386 in
628 2357 700 2388 edd.
714 2363 797 2388 vett.

91 2398 199 2439 reperi
216 2408 280 2428 non
303 2408 362 2438 pro
386 2408 485 2429 nunc.
500 2399 545 2429 sic
571 2404 606 2430 et
630 2401 711 2431 Mss.
726 2409 797 2431 cre-

93 2441 147 2477 do,
164 2451 278 2471 verum
293 2451 362 2471 esse
378 2452 441 2471 non
458 2442 609 2472 minima.

137 2486 176 2517 87
200 2485 239 2514 de
271 2484 389 2524 Oropo]
427 2484 609 2514 Historiam
636 2485 690 2523 qui
718 2484 801 2516 velit

89 2527 214 2566 legere,
230 2526 327 2557 adeat
344 2527 512 2557 Plutarch.
527 2528 562 2557 in
579 2527 706 2558 Catone
718 2530 795 2569 maj.

91 2581 125 2611 p.
143 2571 217 2603 349.
227 2569 312 2600 Gen.
326 2569 429 2600 Noct.
446 2570 519 2600 Att.
532 2567 610 2607 Vll,
626 2573 674 2602 14.
688 2571 799 2607 XVII,

90 2617 176 2644 extr.

136 2658 175 2686 88
200 2663 240 2683 esc
254 2654 453 2695 Apollodori]
473 2655 525 2686 Sic
540 2666 558 2686 e
575 2655 656 2686 Mss.
671 2657 798 2696 primus

88 2696 270 2730 Victorius.
283 2696 355 2727 edd.
370 2702 450 2728 vett.
464 2708 580 2729 omnes
592 2699 795 2739 Apollodoro.

89 2741 180 2772 illius
196 2740 312 2769 formae
327 2741 426 2771 etiam
443 2741 508 2772 alia
529 2741 681 2782 exempla
702 2749 793 2773 sunt.

88 2783 130 2815 de
147 2783 229 2813 libro
247 2782 358 2821 Apoll.
374 2793 405 2813 v.
425 2783 518 2814 Clav.

133 2829 174 2860 89
198 2824 458 2866 levatio—offic&
487 2827 600 2866 debiti]
633 2836 680 2858 sc.
707 2826 792 2857 Tul-

86 2867 143 2900 liae
158 2880 165 2898 ε
191 2878 243 2898 me
262 2868 369 2898 offic-io
384 2873 417 2898 et
433 2869 523 2899 velut
540 2875 617 2899 voto
633 2869 792 2907 liberabo,

86 2912 128 2951 si,
145 2911 243 2941 horto
260 2916 364 2946 emto,
381 2911 409 2940 ei
425 2911 541 2941 fanum
556 2917 744 2942 extruxere.

131 2957 174 2990 90
189 2955 270 2996 plus
282 2953 383 2986 etiam
396 2953 492 2994 satis]
511 2953 564 2986 Sic
578 2953 629 2988 ed.
643 2954 741 2989 Rom.
758 2958 794 2985 at

1200 2092 1269 2134 De
1294 2093 1423 2144 Ovia,
1446 2109 1554 2135 con-

838 2315 991 2356 Jens.pl.
1006 2327 1032 2347 e.
1048 2326 1150 2357 quam
1165 2317 1258 2353 salis,
1269 2315 1355 2356 quod
1371 2315 1445 2347 aliae
1459 2325 1553 2347 secu-

839 2362 886 2389 tae
902 2364 992 2394 sunt,
1007 2360 1108 2390 etiam
1126 2359 1207 2390 Mss.
1227 2360 1294 2389 fere
1312 2359 1448 2389 habeut.
1486 2359 1551 2389 Pm-

841 2404 907 2432 sius
924 2408 1060 2433 auctore
1085 2404 1150 2434 Ms.
1168 2412 1234 2432 uno
1250 2402 1384 2432 delevit.
1401 2407 1435 2432 et
1451 2403 1552 2433 uniit-

843 2447 930 2475 titur
958 2446 1061 2475 etiam
1091 2455 1192 2485 quam
1222 2451 1299 2485 post
1323 2447 1402 2485 plus
1427 2446 1552 2485 passim

844 2487 932 2528 apud
948 2489 1093 2528 optimos
1109 2488 1298 2527 scriptores.

883 2533 922 2564 91
948 2535 978 2561 et
993 2535 1031 2561 ut
1046 2535 1083 2560 ίιι
1106 2530 1240 2570 videbis]
1270 2530 1343 2560 Hoc
1366 2530 1443 2567 erit,
1459 2534 1490 2560 et
1512 2534 1550 2561 ut

843 2582 888 2603 se.
911 2575 1029 2612 egerit,
1049 2577 1085 2603 tu
1108 2573 1249 2603 videbis:
1274 2573 1330 2603 sed
1352 2578 1402 2602 est
1425 2573 1548 2604 durius.

843 2614 893 2645 ed.
912 2616 1008 2646 Rom.
1024 2615 1125 2646 habet
1146 2620 1177 2645 et
1199 2616 1266 2652 cui,
1282 2620 1318 2646 tu
1342 2626 1372 2646 ι’.
1397 2615 1548 2646 Graevius

842 2659 998 2697 conjecit,
1023 2663 1059 2689 at
1080 2659 1197 2698 quanti
1220 2668 1264 2689 sc.
1289 2658 1466 2689 emendum
1489 2659 1546 2693 sit,

841 2704 878 2730 τα
906 2702 1039 2732 videbis.
1063 2711 1129 2731 nun
1153 2701 1272 2741 placet.
1299 2701 1363 2731 Ms.
1391 2701 1491 2731 Paris.
1515 2705 1547 2730 et

840 2747 877 2773 tu
891 2744 1012 2774 videbis
1026 2757 1035 2771 .·
1059 2743 1147 2783 quod
1161 2745 1326 2784 optimum
1342 2748 1403 2774 est.

881 2789 923 2819 92
946 2788 1002 2826 qui
1017 2787 1231 2826 transegerit]
1250 2786 1328 2816 Noli
1345 2786 1383 2816 tle
1398 2785 1545 2815 emtione

837 2832 872 2858 et
887 2829 1077 2860 venditione
1092 2829 1181 2859 horti
1199 2838 1313 2868 capere
1323 2840 1341 2865 ς,
1357 2832 1395 2857 ut
1410 2828 1545 2866 quidam

837 2870 977 2902 faciunt.
1002 2872 1272 2904 Controversiam
1287 2871 1414 2907 habuit,
1429 2869 1467 2902 de
1481 2881 1543 2911 qua

838 2923 916 2946 cum
931 2915 1115 2948 adversario
1131 2914 1306 2954 transegit.

755 3003 882 3041 304
