1940 3231
148 1228 180 1259 p.
199 1218 268 1248 140.

291 155 367 194 672
716 151 895 190 EPIST.
921 152 995 190 AD
1020 151 1304 196 ATTICUM,

288 255 458 296 duobus
487 253 556 296 his
580 254 701 305 vivis,
726 271 803 298 nec
835 257 917 298 hoc
952 271 1050 308 uno,
1073 272 1150 298 nos
1184 270 1386 312 umquam
1416 257 1724 314 rempublicam

288 312 526 354 habituros.
564 313 623 353 ita
654 328 790 368 neque
820 314 872 355 de
905 315 995 355 otio
1027 325 1173 355 nostro
1196 328 1318 370 spero
1346 313 1454 370 jam,
1485 329 1563 355 nec
1594 315 1724 358 ullam

289 371 565 411 acerbitatem
592 385 753 411 recuso.
780 386 909 411 unum
941 370 1043 411 illud
1065 371 1415 423 extimescebam,
1436 386 1490 412 ne
1510 372 1612 427 quid
1635 382 1724 413 tur-

287 428 400 482 piter
432 428 630 475 facerem,
653 428 693 457 2⁶
708 426 788 476 vel,
822 428 977 478 (licam,
1007 427 1100 482 jain
1132 428 1382 470 effecissem.
1418 429 1479 469 sic
1509 443 1612 485 ergo
1647 429 1725 470 ha-

288 485 404 534 beto,
438 485 638 524 salutares
675 493 713 522 te
745 484 852 524 mihi
883 485 1044 524 litteras
1084 486 1272 528 misisse:
1306 500 1442 541 neque
1473 485 1608 526 solum
1644 486 1722 528 has

286 540 516 596 longiores,
540 540 695 593 quibus
726 540 834 580 nihil
870 551 1011 596 potest
1029 556 1122 582 esse
1143 543 1414 597 explicatius,
1445 543 1553 583 nihil
1584 543 1722 599 perfe-

287 599 422 648 ctius;
457 597 524 637 secl
551 597 680 636 etiam
705 596 794 637 illas
821 598 1046 649 breviores,
1071 598 1113 638 in
1135 600 1291 654 quibus
1321 600 1406 641 hoc
1430 600 1536 641 mihi
1561 600 1720 655 jucun-

287 655 507 695 dissimum
553 652 649 703 fuit,
688 655 914 695 consilium
952 654 1199 710 factumque
1241 667 1432 698 nostrum
1469 660 1548 698 ‘Ha
1585 657 1720 699 Sexto

280 713 455 767 vprobari
474 728 482 751 :
519 721 850 766 pergratumque
872 711 978 752 mihi
1003 724 1046 752 tu
1080 712 1236 764 fecisti,
1257 729 1282 754 a
1303 728 1387 769 quo
1410 714 1530 770 diligi
1555 728 1637 765 me,
1658 723 1718 766 et,

284 769 387 823 quid
411 777 572 808 rectum
606 769 675 818 sit,
711 768 906 824 intelligi,
937 769 1039 810 scio.
1102 770 1294 826 Longior
1316 785 1414 812 vero
1439 780 1511 812 tua
1539 770 1722 826 epistola

283 839 370 866 nou
394 840 460 865 me
484 824 634 873 solum,
668 825 740 864 sed
766 840 881 866 meos
904 841 1051 866 omnes
1083 827 1340 882 aegritudine
1370 827 1541 869 levavit.
1571 827 1718 883 itaque

284 893 379 923 utar
412 893 486 921 tuo
519 882 714 929 consilio,
746 892 787 922 ct
825 897 896 923 ero
917 883 959 922 in
995 883 1250 926 Formiano:
1294 899 1346 925 ne
1378 895 1452 925 aut
1484 885 1534 926 ad
1569 885 1719 926 urbem

280 944 460 985 ἀπάντησις
487 953 578 978 mea
600 939 989 981 aniumrlvcrtatur:
1022 950 1110 991 aut,
1136 942 1168 981 si
1194 955 1270 982 nec
1300 941 1372 981 hic'
1403 956 1481 983 nec
1514 941 1598 983 illic
1620 956 1718 984 eum

280 995 443 1046 videro,
467 996 704 1036 devitatum
731 1011 772 1036 se
803 1012 827 1037 a
850 1011 916 1037 me
947 1007 1084 1053 putet.
1147 998 1275 1045 Quod
1310 1009 1452 1039 autem
1483 999 1648 1049 suades,
1670 1009 1720 1039 ut

282 1053 336 1093 ab
358 1067 408 1093 eo
434 1064 590 1109 petam,
611 1062 658 1093 ut
678 1053 783 1093 mihi
807 1055 1029 1105 concedat,
1052 1065 1098 1095 ut
1131 1055 1243 1096 idem
1275 1056 1460 1096 tribuam
1493 1055 1719 1111 Pompeio,

282 1110 397 1164 quod
422 1111 499 1166 ipsi
527 1111 772 1151 tribuerim:
807 1113 847 1152 id
872 1126 940 1152 me
962 1112 1056 1167 jam
1090 1112 1252 1168 pridem
1285 1126 1412 1169 agere
1444 1111 1656 1168 intelliges
1674 1123 1719 1153 et

281 1167 434 1207 litteris
469 1167 591 1207 Balbi
632 1177 672 1208 et
707 1168 866 1225 Oppii3
899 1183 1079 1223 quarum
1113 1168 1312 1225 exempla
1350 1169 1428 1211 tibi
1467 1169 1579 1211 misi.
1619 1169 1717 1210 misi

283 1225 410 1266 etiam
437 1225 620 1265 Caesaris
653 1226 705 1265 ad
737 1239 824 1278 eos,
857 1241 958 1266 sana
988 1236 1131 1268 mente
1162 1227 1366 1282 scriptas3
1396 1241 1484 1281 quo
1513 1226 1643 1267 modo
1674 1226 1719 1267 in

284 1292 402 1323 tanta
426 1283 602 1323 insania.
626 1283 689 1322 sin
712 1284 817 1325 mihi
842 1283 988 1324 Caesar
1011 1283 1092 1324 hoc
1116 1299 1199 1324 non
1223 1283 1458 1335 concedat3
1489 1283 1613 1324 video
1637 1283 1718 1324 tibi

281 1340 447 1396 placere
480 1339 595 1388 illud,
620 1353 688 1379 me
717 1343 907 1392 πολίτευμα
936 1340 988 1381 de
1020 1355 1124 1395 pace
1159 1341 1397 1397 suscipere:
1431 1341 1473 1381 in
1510 1355 1595 1396 quo
1629 1355 1716 1381 non

278 1399 515 1437 extimesco
551 1395 800 1451 periculum.
833 1412 931 1437 cum
963 1399 1078 1438 enim
1112 1409 1176 1439 tot
1207 1397 1496 1454 impendeant,
1520 1412 1595 1438 cur
1629 1402 1718 1439 tion

279 1454 581 1495 honestissimo
605 1453 818 1510 depecisci
843 1455 997 1496 velim?
1028 1455 1099 1496 sed
1123 1469 1285 1506 vereor,
1307 1470 1360 1497 ne
1384 1455 1595 1511 Pompeio
1610 1454 1716 1510 quid

279 1526 419 1554 oneris
442 1525 686 1566 lmponam3

523 1602 563 1632 98
576 1601 632 1640 Mn'
647 1617 704 1649 μοι
723 1599 868 1652 ’γοξγειήν
886 1601 1030 1646 mamni»
1049 1599 1153 1638 δεινοῖο
1171 1601 1301 1653 πελῶξὸ

278 1686 536 1741 intorqueat.
570 1685 809 1726 mirandum
833 1686 946 1726 enim
979 1686 1019 1725 in
1055 1687 1229 1727 modum
1254 1685 1412 1727 Cnaeus
1444 1693 1587 1726 noster
1619 1684 1714 1725 Sul-

277 1744 360 1784 lani
388 1744 505 1799 regni
531 1743 854 1783 similitudinem
875 1744 1140 1798 concupivit.
1163 1747 1246 1789 εἰδώς
1265 1764 1312 1783 σοι
1332 1748 1429 1792 λέγω.
1453 1741 1612 1782 2911i11il
1643 1741 1713 1782 ille

278 1816 481 1855 umquam
516 1801 656 1840 minus
689 1801 869 1841 obscure
901 1799 1014 1840 tulit.
1046 1815 1142 1841 cum
1176 1801 1314 1842 hocne
1351 1800 1496 1855 igitur,
1532 1799 1715 1854 inquieS,

276 1872 367 1898 esse
391 1858 480 1899 vis?
514 1857 769 1897 beneficium
793 1871 960 1911 sequor,
986 1857 1088 1898 mihi
1112 1858 1251 1909 crede,
1277 1872 1363 1898 non
1388 1871 1575 1907 causam,
1600 1865 1646 1896 ut
1668 1856 1713 1896 in

277 1914 462 1965 bistone,
499 1924 545 1954 ut
580 1915 637 1954 in.
670 1917 710 1944 30
727 1914 798 1955 sed
839 1914 1058 1955 hactenus.
1121 1914 1262 1955 Causa
1302 1915 1432 1969 igitur
1475 1928 1559 1954 non
1599 1914 1716 1954 bona.

276 1975 367 2014 est?
400 1972 531 2012 immo
554 1972 744 2027 optima:
779 1971 850 2012 sed
882 1982 1032 2026 agetur
1062 1973 1316 2024 (memento)
1340 1971 1591 2012 foedissime.
1625 1970 1713 2026 pri-

274 2044 410 2080 mum,
432 2028 655 2070 consilium
681 2038 758 2079 est,
792 2027 1000 2068 suffocare
1035 2030 1184 2070 urbem
1206 2038 1249 2070 et
1283 2028 1451 2069 Italiam
1483 2027 1610 2079 fame,
1640 2026 1716 2067 de-

276 2086 390 2137 inde,
421 2101 547 2142 agros
573 2096 750 2136 vastare,
782 2100 916 2135 urere,
950 2086 1140 2141 pecuniis
1170 2085 1434 2141 locupletum
1467 2099 1551 2126 non
1581 2085 1716 2125 absti-

274 2158 389 2184 nere.
413 2144 499 2194 sed,
523 2158 621 2184 cum
644 2143 791 2184 eadem
817 2152 1002 2183 metuam
1026 2143 1080 2182 ab
1102 2143 1182 2185 hac
1206 2154 1348 2200 parte:
1382 2143 1416 2183 si
1446 2142 1559 2183 illinc
1585 2144 1713 2182 bene-

274 2200 422 2242 ficium
446 2215 529 2241 non
554 2201 622 2251 sit,
646 2200 801 2241 rectius
833 2209 978 2256 putem
1002 2200 1171 2255 quidvis
1202 2200 1318 2242 domi
1350 2200 1530 2256 perpeti.
1553 2199 1623 2240 sed
1652 2199 1712 2239 ila

274 2258 478 2298 meruisse
509 2257 625 2298 illum
649 2257 702 2298 de
733 2272 801 2297 me
832 2267 951 2312 puto,
975 2267 1020 2297 ut
1050 2262 1232 2314 ἀχοιξιςίως
1254 2257 1414 2298 crimen
1449 2257 1591 2298 subire
1622 2270 1708 2296 non

274 2315 470 2355 audeam.
490 2329 749 2370 quamquam
782 2330 805 2354 a
831 2325 869 2354 tc
891 2314 982 2369 ejus
1003 2330 1174 2370 quoque
1205 2315 1263 2355 rei
1288 2314 1410 2369 justa
1430 2313 1621 2355 defensio
1644 2322 1711 2353 est

275 2372 504 2427 explicata.
566 2371 634 2413 De
666 2371 884 2427 triumpho
909 2371 986 2412 tibi
1018 2373 1254 2414 assentior:
1287 2386 1414 2427 quem
1444 2371 1617 2426 quidem
1641 2381 1707 2411 to-

315 2517 356 2548 26
378 2518 438 2551 vel,
455 2518 575 2555 dicam,
588 2517 668 2558 jam
690 2515 875 2558 ffeissem]
903 2519 970 2549 Cur
1054 2520 1094 2551 99
1110 2518 1342 2547 nihil—minus
1361 2517 1490 2548 obscure
1504 2515 1594 2554 ecclic]
1621 2516 1709 2546 Con-

272 2557 458 2599 ‹fficio-sem,
474 2566 506 2590 et
524 2559 773 2599 nonsecz‘ssem?
796 2562 841 2590 sic
857 2561 968 2599 legen·
1011 2564 1121 2589 textus
1145 2559 1272 2590 videtur
1292 2559 1469 2600 postulare,
1493 2556 1574 2588 nihil
1599 2558 1708 2587 minus

273 2602 351 2631 dum
368 2606 460 2640 puto.
477 2602 575 2631 etiam
591 2602 667 2632 alibi
683 2601 809 2642 efficere
824 2603 967 2632 inculea'-
1011 2601 1198 2636 occultavit,
1213 2612 1309 2641 quam
1336 2601 1421 2632 hanc
1441 2609 1534 2630 suam
1549 2599 1712 2639 cupidita-

272 2648 346 2674 tum
362 2650 411 2673 est
430 2643 618 2683 profan-ere.
1010 2650 1091 2679 tem,
1118 2644 1199 2673 nilnl
1227 2644 1329 2682 magis
1357 2650 1424 2682 prae
1449 2651 1482 2672 se
1509 2642 1600 2672 tulit.
1626 2642 1708 2672 alias

313 2688 354 2720 27
377 2695 398 2715 a
417 2685 526 2725 Semo]
554 2686 709 2716 Peduceo.
730 2696 806 2716 mox
826 2696 968 2725 pergra—
1011 2686 1109 2715 etiam
1138 2685 1279 2724 ix1tell³gi
1317 2689 1425 2726 potest
1460 2684 1499 2715 de
1527 2684 1707 2714 offensione

272 2732 406 2768 cunique
422 2729 502 2758 mihi
517 2733 552 2758 tu
563 2727 691 2767 ficas-ti,
708 2729 769 2758 int.
791 2729 876 2766 quod
893 2739 967 2758 cum
1012 2736 1076 2756 nun
1094 2727 1310 2762 dissimulata,
1326 2727 1349 2757 si
1368 2726 1438 2766 quis
1462 2727 1493 2756 in
1509 2727 1571 2757 hoc
1587 2735 1707 2765 genere

269 2780 310 2800 eo
326 2769 364 2800 de
387 2770 522 2801 consilio
545 2777 604 2802 aut
625 2770 712 2800 facto
734 2779 808 2800 meo
823 2781 856 2802 es
880 2771 968 2800 locu·
1012 2769 1039 2799 ei
1056 2769 1291 2806 adversaretur,
1309 2769 1347 2799 de
1363 2779 1438 2808 pace
1453 2768 1653 2808 loqueretur.

271 2817 338 2842 tus.
1053 2814 1095 2841 30
1108 2812 1165 2841 sed
1183 2811 1352 2849 hactenus]
1375 2812 1440 2840 laec
1454 2810 1544 2842 addit
1559 2810 1706 2840 Graevius
1765 2819 1770 2824 ·

313 2857 352 2886 ⁶28
390 2855 437 2889 Μή
469 2855 757 2896 pam—intorqueat]
796 2854 847 2886 Ne
881 2852 965 2885 irato
1007 2853 1118 2883 eMss.
1133 2855 1210 2891 suis,
1225 2852 1312 2894 quod
1333 2853 1412 2884 alias
1430 2851 1463 2884 in
1487 2851 1548 2884 bac
1562 2852 1706 2884 formula

269 2897 364 2928 vultu
379 2908 432 2928 me
446 2903 579 2930 terreat.
1008 2895 1150 2928 additur.
