1940 3231
582 195 761 237 EPIST.
789 194 869 233 AD
896 189 1170 234 BRUTUM.
1526 199 1604 251 979

160 304 245 351 ‚Sibi
268 318 418 347 manus
437 301 587 344 afferre
606 301 747 357 coegi,
768 315 866 341 cum
891 309 946 351 te,
965 299 1206 342 Junonium
1230 310 1426 353 puerum,
1448 306 1490 339 et
1513 313 1603 340 ma-

166 365 242 404 tris
264 373 348 404 tua:
379 370 546 418 partum
571 374 744 401 aureum
769 372 859 398 esse
882 357 990 399 dixi.
1049 355 1111 396 At
1133 367 1175 396 te
1198 354 1287 395 fata
1308 357 1457 410 patriae
1483 355 1604 397 Pari-

166 421 263 461 dem
305 420 494 460 futurum
529 416 838 473 praedicabant,
870 415 943 470 qui
977 423 1163 455 vastares
1199 414 1345 453 urbem
1389 413 1604 465 incendio,

171 476 343 518 Italiam
372 477 497 527 bello,
518 475 592 529 qui
624 484 764 514 castra
795 473 837 513 in
871 472 1040 527 templis
1071 471 1249 512 deorum
1281 470 1606 521 immortalium,

170 546 364 574 senatum
390 534 432 573 in
455 532 603 573 castris
627 530 851 571 habiturus
873 544 1000 571 esses.
1061 528 1101 570 O
1122 528 1334 576 miseram,
1358 537 1401 567 et
1424 527 1466 567 in
1489 527 1607 568 brevi

168 599 257 630 tani
290 591 468 631 celerem
501 598 542 629 et
574 598 662 629 tam
697 588 856 629 variam
900 585 1149 642 reipublicae
1192 584 1606 626 commutationem!

172 648 384 694 Quisnam
417 646 489 686 tali
523 647 691 686 futurus
723 644 899 700 ingenio
923 654 1001 694 est,
1024 643 1097 698 qui
1131 644 1267 698 possit
1289 642 1384 683 haec
1407 643 1467 682 ita
1488 656 1609 682 man-

170 705 268 746 dare
301 703 468 753 litteris,
498 714 546 743 ut
577 703 707 753 facta,
739 717 824 742 nou
859 702 960 742 ficta
984 702 1207 741 videantur
1239 702 1357 740 esse?
1391 699 1502 746 Quis
1529 699 1612 740 erit

170 770 293 803 tanta
324 761 457 801 animi
492 760 715 811 facilitate,
748 759 837 814 qui,
865 774 961 813 quae
986 758 1205 798 verissime
1228 757 1435 798 memoria
1456 771 1613 812 propa·

169 827 274 874 gata
300 818 475 869 fuerint,
498 833 584 858 non
608 817 767 858 fabulae
793 816 950 857 similia
981 816 1036 855 sit
1066 814 1419 855 existimaturus?
1453 813 1616 869 Cogita

171 876 284 916 enim
323 875 563 916 Antonium
603 875 772 915 hostem
803 873 1066 928 judicatum,
1102 872 1156 912 ab
1195 886 1245 912 eo
1284 871 1617 914 circumsessum

174 932 395 974 consulem
415 933 704 988 designatum,
727 931 996 985 eundemque
1019 928 1267 985 reipublicae
1294 937 1539 984 parentem:
1572 937 1617 969 te

171 989 418 1046 profectum
452 990 503 1030 ad
536 989 755 1030 consulem
791 987 1058 1028 liberandum
1091 995 1134 1027 et
1168 987 1336 1027 hostem
1367 985 1617 1042 opprimen-

172 1048 292 1099 dum,
314 1047 569 1102 hostemque
600 1062 624 1086 a
655 1057 696 1086 te
719 1044 933 1101 fugatum,
957 1054 999 1085 et
1021 1043 1242 1085 consulem
1262 1043 1489 1084 obsidione
1511 1043 1619 1083 libe-

173 1115 342 1146 ratum:
374 1104 529 1145 deinde
561 1103 703 1159 paullo
727 1112 826 1158 post
858 1102 1056 1158 fugatum
1090 1101 1209 1142 illum
1238 1100 1409 1142 hostem
1441 1100 1619 1141 arcessi·

175 1171 284 1212 tum,
308 1171 527 1217 tamquam
551 1160 804 1202 coheredem
830 1169 999 1200 mortua
1020 1159 1241 1215 republica
1259 1159 1312 1199 ad
1331 1159 1446 1199 bona
1467 1156 1619 1214 populi

175 1219 367 1261 Romani
392 1218 619 1275 rapienda:
653 1217 873 1260 consulem
908 1217 1182 1272 designatum
1215 1230 1378 1257 rursum
1406 1215 1620 1256 inclusum

175 1291 243 1328 eo,
266 1277 341 1318 ubi
365 1291 408 1317 se
431 1291 516 1317 non
538 1276 775 1325 moenibus,
799 1274 871 1315 sed
896 1274 1147 1315 fluminibus
1170 1282 1214 1314 et
1234 1273 1456 1314 montibus
1481 1281 1621 1313 tuere-

177 1343 263 1375 tur.
324 1333 437 1376 Haec
467 1333 562 1389 quis
586 1333 813 1374 conabitur
833 1334 1077 1388 exponere?
1109 1331 1204 1386 quis
1223 1331 1394 1372 credere
1417 1330 1623 1371 audebit?

176 1391 307 1433 liceat
325 1390 452 1433 semel
471 1391 647 1446 impune
663 1405 884 1447 peccasse:
910 1390 964 1430 sit
983 1390 1141 1430 erranti
1162 1388 1376 1430 medicina
1392 1387 1625 1429 confessio.

176 1448 341 1491 Verum
373 1449 490 1490 enim
520 1448 677 1490 dicam.
712 1448 878 1489 utinam
917 1457 959 1487 te
991 1447 1152 1502 potius,
1185 1445 1367 1496 Antoni,
1399 1445 1626 1486 dominum

174 1520 264 1548 non
297 1506 626 1562 expulissemus,
657 1520 784 1561 quam
810 1505 924 1545 hunc
949 1505 1260 1560 reciperemus!
1294 1518 1380 1544 non
1401 1502 1516 1558 quod
1541 1502 1628 1543 ulla

176 1564 234 1605 sit
256 1564 444 1620 optanda
469 1564 665 1613 servitus,
686 1563 755 1603 sed
781 1562 882 1617 quia
905 1562 1120 1618 dignitate
1139 1561 1302 1602 domini
1327 1560 1466 1601 minus
1487 1559 1627 1615 turpis

176 1630 244 1662 est
276 1622 451 1662 fortuna
486 1621 611 1661 servi.
644 1620 688 1660 in
719 1619 888 1660 duobus
922 1630 1065 1660 autem
1100 1619 1222 1660 malis
1246 1633 1345 1659 cum
1369 1617 1628 1673 fugiendum

174 1678 317 1734 :majus
340 1679 410 1729 sit,
442 1677 577 1718 levius
611 1687 675 1718 eet
707 1677 970 1733 eligendum.
1032 1675 1110 1717 Ille
1144 1686 1287 1717 tamen
1321 1691 1370 1716 ea
1400 1675 1626 1727 exorabat,

176 1750 276 1792 quae
300 1735 473 1776 volebat
495 1734 687 1777 auferre:
720 1745 766 1775 tu
790 1745 1038 1789 extorques.
1080 1733 1158 1774 Ille
1179 1732 1330 1774 consul
1353 1732 1627 1789 provinciam

179 1793 383 1848 petebat:
415 1802 461 1833 tu
493 1792 686 1848 privatus
709 1792 970 1847 concupisti.
1034 1790 1110 1832 Ille
1133 1791 1184 1832 ad
1209 1791 1419 1831 malorum
1444 1789 1624 1830 salutem
1638 1811 1669 1841 p.
1687 1803 1760 1843 331,

173 1850 346 1906 judicia
368 1851 677 1901 constituebat,
701 1860 744 1890 et
764 1849 878 1905 leges
895 1848 1086 1890 ferebat:
1109 1858 1153 1889 tu
1179 1849 1231 1889 ad
1254 1848 1488 1903 perniciem
1512 1847 1626 1903 opti-
1638 1854 1669 1875 a.

184 1921 372 1949 morum.
414 1906 492 1948 Ille
525 1922 550 1948 a
572 1907 782 1963 sanguine
804 1916 847 1947 et
870 1906 1072 1947 incendio
1106 1920 1327 1947 servorum
1359 1904 1631 1961 Capitolium

183 1965 413 2007 tuebatur:
446 1973 492 2005 tu
525 1979 676 2005 cruore
709 1973 753 2005 et
786 1964 961 2004 flamma
987 1974 1145 2005 cuncta
1167 1963 1307 2005 delere
1331 1963 1408 2003 vis.
1471 1962 1532 2013 Si,
1555 1962 1632 2017 qui

182 2022 317 2064 dabat
338 2022 583 2079 provincias
607 2022 774 2071 Cassio,
797 2031 839 2062 et
865 2021 1026 2072 Brutis,
1050 2030 1093 2061 et
1116 2020 1196 2062 illis
1220 2020 1472 2062 custodibus
1493 2020 1634 2060 nomi-

183 2080 253 2121 nis
288 2079 440 2131 nostri,
473 2080 698 2136 regnabat,
732 2079 832 2134 quid
866 2079 1011 2129 faciet,
1035 2079 1108 2134 qui
1133 2080 1264 2120 vitam
1289 2078 1469 2119 adimit?
1502 2077 1535 2118 si
1559 2076 1635 2133 qui

186 2137 294 2178 urbe
326 2137 547 2193 ejiciebat,
571 2147 779 2192 tyrannus
802 2147 919 2178 erat:
952 2151 1078 2192 quem
1105 2136 1219 2178 bunc
1244 2150 1462 2186 vocemuS,
1484 2135 1558 2190 qui
1582 2149 1637 2176 ne

183 2193 327 2236 locum
351 2195 527 2250 quidem
546 2194 720 2250 reliquit
741 2195 925 2236 exsilio?
950 2194 1104 2249 Itaque
1128 2194 1162 2234 si
1185 2194 1288 2249 quid
1314 2193 1397 2234 illae
1422 2194 1638 2248 majorum

188 2261 437 2293 nostrorum
471 2252 650 2309 sepultae
686 2252 879 2307 reliquiae
917 2253 1105 2308 sapiunt,
1140 2252 1173 2292 si
1206 2266 1291 2292 non
1318 2266 1402 2291 una
1421 2265 1520 2291 cum
1542 2263 1639 2291 cor·-

190 2324 296 2367 pore
327 2324 474 2351 sensus
504 2310 660 2361 omnis,
683 2324 769 2350 uno
793 2320 922 2365 atque
954 2309 1105 2350 eodem
1137 2318 1390 2350 consumtus
1422 2320 1486 2349 est
1519 2307 1640 2363 igni3

190 2367 296 2423 quid
320 2367 402 2408 illis
425 2367 810 2423 interrogantibus,
843 2366 947 2422 quid
976 2378 1077 2422 agat
1111 2381 1225 2407 nunc
1260 2366 1444 2423 populus
1477 2365 1642 2405 Roma-

193 2439 291 2474 nus,
330 2425 610 2480 respondebit
642 2424 796 2481 aliquis
834 2424 1047 2476 nostrum,
1076 2424 1150 2480 qui
1190 2425 1415 2479 proximus
1449 2423 1489 2463 in
1525 2423 1641 2465 illam

190 2491 403 2523 aeternam
424 2482 601 2523 domum
624 2482 884 2523 decesserit?
908 2490 982 2523 aut
1001 2497 1125 2536 quem
1152 2481 1367 2537 accipient
1385 2481 1438 2521 de
1458 2481 1544 2521 suis
1565 2495 1642 2536 po-

195 2540 319 2580 steris
355 2540 555 2581 nuntium
578 2539 638 2580 illi
664 2550 826 2581 veteres
849 2538 1061 2591 Africani,
1092 2539 1297 2589 Maximi,
1327 2538 1476 2589 Paulli,
1501 2537 1643 2592 Scipi-

194 2599 328 2638 ones?
359 2597 463 2652 quid
496 2599 549 2638 de
579 2612 655 2638 sua
685 2598 824 2653 patria
854 2597 1044 2648 audient,
1068 2611 1194 2652 quain
1221 2597 1368 2652 spoliis
1393 2595 1646 2651 triumphis·

195 2667 282 2708 que
303 2654 589 2698 decorarunt?
620 2669 673 2696 an
697 2669 788 2695 esse
810 2654 1023 2709 quendam
1048 2669 1182 2695 annos
1207 2668 1312 2695 xv11
1339 2664 1502 2703 natum,
1520 2652 1646 2706 cujus

199 2724 305 2750 avus
339 2712 467 2752 fuerit
498 2714 781 2768 argentariuS,
820 2712 1105 2768 adstipulator
1149 2724 1294 2768 pater;
1334 2720 1512 2765 uterque
1546 2723 1646 2750 vero

202 2767 443 2823 precarium
472 2782 685 2825 quaestum
717 2769 883 2820 fecerit,
914 2770 985 2810 sed
1008 2769 1114 2810 alter
1133 2784 1267 2824 usque
1290 2769 1340 2810 ad
1366 2778 1649 2818 senectutem,

204 2833 255 2864 ut
278 2839 360 2865 non
387 2838 589 2883 negaret:
622 2828 728 2868 alter
760 2844 783 2868 a
816 2827 1014 2883 pueritia,
1039 2838 1086 2868 ut
1117 2842 1203 2868 non
1237 2835 1381 2882 posset
1405 2840 1488 2866 non
1512 2823 1652 2866 confi-

206 2881 312 2924 teri:
344 2897 440 2925 eum
464 2899 607 2940 agere,
634 2900 782 2942 rapere
806 2885 1132 2941 rempublicam,
1155 2885 1224 2925 cui
1249 2883 1363 2925 nulla
1386 2884 1535 2934 virtus,
1559 2881 1654 2923 nul·

204 2936 264 2981 1ae
289 2939 398 2982 bello
422 2942 614 2987 subactae
635 2952 680 2987 et
698 2943 752 2987 ad
774 2943 1005 3000 imperium
1021 2943 1240 2999 adjunctae
1265 2941 1518 2999 provinciae,
1537 2938 1655 2983 nulla
