1940 3231
303 1290 330 1325 4

261 1997 336 2027 .95.

236 1999 257 2032 P
327 2034 501 2089 -patior.
533 2036 899 2078 accommodatius
929 2038 1043 2079 enim

325 314 430 356 ,que
451 312 640 354 operam,
663 305 710 338 ut
731 313 828 339 cum
855 299 1064 355 Pompeio
1099 297 1299 339 Crassum
1333 295 1632 352 conjungeret.

344 141 422 181 478
766 135 941 174 EPIST.
969 136 1048 174 AD
1075 134 1366 178 ATTICUM,

345 242 472 284 nibus
503 239 546 281 in
575 239 700 282 rebus
722 254 818 282 meo
840 249 884 282 et
908 241 1104 297 Pompeii
1137 238 1318 281 consilio
1349 252 1538 289 usurum,
1562 237 1784 279 daturum·

1694 293 1784 335 Hic

345 365 445 399 sunt
466 356 575 406 haec,
597 354 848 410 conjunctio
867 355 971 396 mihi
997 370 1161 396 summa
1183 368 1278 394 cum
1305 353 1542 408 Pompei03
1573 354 1605 393 si
1628 350 1784 407 placet,

343 415 594 455 etiamnum
627 412 822 463 Caesare3
855 413 1014 453 reditus
1045 413 1088 452 in
1121 411 1303 467 gratiam
1335 425 1432 451 cum
1466 410 1667 459 inimicis,
1699 422 1783 463 pax

343 486 442 512 cum
473 470 762 519 multitudine,
793 470 1023 510 senectutis
1053 469 1206 509 otium.
1239 468 1310 508 sed
1335 482 1402 508 me
1423 469 1665 510 ‘unanimo-15
1688 479 1782 505 mea

344 528 417 570 illa
437 535 698 576 commovet,
720 541 817 581 quae
840 537 904 567 est
924 527 967 567 in
989 526 1097 567 libro
1124 539 1202 566 111.

499 602 644 637 Interea
663 612 798 642 cursus,
818 613 906 648 quos
922 602 1044 649 prima
1061 613 1085 636 a
1100 603 1207 648 parte
1215 596 1387 643 juverim,

500 654 665 699 Quosque
683 654 762 698 ideo
781 654 904 689 consul
922 655 1068 694 virtute,
1089 654 1280 697 animoque
1296 652 1432 700 petisti,

497 706 575 740 Hos
593 705 720 748 retine,
739 709 849 753 atque
866 705 1126 755 augefamam,
1148 706 1342 752 laudesque
1360 705 1546 740 bonorum.

345 773 458 815 Haec
491 772 596 813 mihi
633 786 731 812 cum
771 772 813 812 in
854 787 904 813 eo
943 773 1067 824 libro,
1110 774 1151 814 in
1191 788 1276 828 quo
1313 771 1448 813 multa
1484 777 1584 809 sunt
1622 767 1785 822 scripta·

342 836 614 884 ἐςιςοκςοιτικῶς,
630 829 827 885 Calliope
849 829 942 884 ipsa
966 831 1288 884 praescripserit,
1312 844 1394 870 non
1419 828 1574 884 opinor
1596 838 1686 865 esse
1705 825 1784 866 du—

344 886 586 937 bitandum,
608 887 713 941 quin
736 900 903 941 semper
926 886 1048 926 nobis
1075 887 1266 927 videatur

497 956 556 999 Εἷς
577 960 676 999 οἰωνὸς
697 957 805 1009 ἄξας-ος
824 957 1005 1007 ἀμύνεσθαι
1024 961 1096 1011 mg)
1115 959 1254 1010 ποίτςης.

343 1019 427 1060 Sed
468 1020 564 1061 brec
605 1021 968 1062 ambulationibus
1011 1021 1328 1078 Compitaliciis
1378 1034 1654 1060 reservemus.
1714 1017 1782 1066 Tu

344 1077 481 1132 pridie
515 1077 779 1134 Compitalia
812 1089 1043 1121 memento.
1076 1079 1290 1121 balineum
1324 1077 1480 1118 calfieri
1511 1077 1706 1131 jubebo:
1738 1087 1780 1116 et

345 1134 633 1191 Pomponiam
654 1134 855 1176 Terentia
877 1146 1020 1192 rogat:
1054 1145 1232 1177 matrem
1255 1135 1555 1190 adjungemus.
1587 1137 1782 1188 Θεοφξιέςου

342 1196 384 1224 42
396 1198 468 1246 mg)
484 1196 676 1245 φιλοτιμιὲις
699 1192 803 1233 affer
826 1193 930 1234 mihi
955 1194 1007 1234 (Ile
1030 1193 1148 1235 llbrlS
1174 1193 1328 1240 Quinti
1353 1191 1510 1232 fratris.

782 1282 1017 1325 CICERO
1046 1282 1274 1325 ATTICO
1307 1282 1351 1323 S.

347 1334 595 1389 FECISTI
619 1348 723 1391 mihi
748 1360 1009 1406 pergratum,
1032 1351 1147 1407 quod
1171 1351 1417 1407 Serapionis
1440 1348 1596 1389 librum
1629 1347 1679 1389 ad
1715 1363 1782 1389 me

345 1404 525 1446 misisti:
549 1420 603 1446 ex
626 1422 711 1461 quo
729 1406 899 1461 quidem
923 1423 1004 1464 ego
1027 1409 1159 1464 (quod
1184 1410 1294 1449 inter
1318 1423 1393 1448 nos
1414 1406 1596 1447 431iceat
1620 1405 1783 1456 dicere)

344 1461 613 1503 millesimam
639 1474 802 1519 partem
828 1465 898 1506 vix
922 1465 1130 1522 intelligo.
1155 1481 1231 1522 pro
1254 1480 1304 1506 eo
1329 1465 1405 1506 tibi
1432 1472 1684 1520 praesentem
1711 1477 1785 1518 pc-

346 1519 517 1559 cuniam
544 1520 650 1561 solvi
683 1521 905 1577 imperavi,
935 1537 989 1563 ne
1019 1533 1062 1564 tu
1093 1537 1331 1578 expensum
1362 1520 1611 1562 muneribus
1639 1519 1784 1560 ferres.

345 1574 406 1615 At
428 1577 630 1631 quoniam
656 1592 881 1620 numorum
906 1581 1067 1621 mentio
1090 1579 1206 1621 facta
1227 1591 1316 1631 est3
1339 1580 1494 1620 amabo
1519 1589 1574 1628 te,
1597 1591 1713 1628 cura,
1738 1586 1785 1618 ut

346 1647 444 1673 cum
485 1633 663 1686 Titinio,
702 1651 877 1692 quoquo
910 1638 1037 1679 modo
1079 1639 1254 1693 poteris,
1297 1636 1523 1691 transigas.
1567 1634 1600 1674 si
1638 1634 1682 1675 in
1715 1648 1781 1683 eo,

345 1692 386 1720 44
399 1691 515 1744 quod
538 1692 796 1742 ostenderat,
818 1709 904 1735 non
927 1704 1035 1747 stat3
1067 1694 1173 1735 mihi
1195 1694 1384 1735 maxime
1406 1693 1561 1749 placet,
1591 1706 1654 1742 ea,
1685 1706 1781 1746 quae

345 1748 456 1788 male
473 1758 590 1789 emta
611 1759 723 1801 sunt,
747 1751 880 1802 reddi,
905 1752 937 1792 si
963 1753 1181 1793 voluntate
1206 1752 1460 1807 Pomponiae
1485 1749 1575 1790 fieri
1599 1748 1780 1804 poterit:

347 1804 380 1843 si
404 1819 458 1845 ne
480 1806 522 1846 id
549 1806 739 1861 quidem,
768 1811 809 1838 45
822 1810 940 1850 numi
975 1809 1116 1865 potius
1147 1809 1393 1858 reddantur,
1424 1822 1552 1862 quam
1587 1806 1694 1846 ullus
1727 1806 1788 1846 sit.

347 1863 585 1918 scrupulus.
646 1863 780 1905 Valde
832 1866 916 1906 hoc
966 1867 1094 1907 velim
1144 1876 1257 1916 ante,
1310 1880 1437 1920 quam
1492 1862 1780 1920 proficiscare,

347 1928 555 1969 amanter,
578 1928 626 1960 ut
647 1921 770 1972 soles,
792 1922 1106 1978 diligenterque
1127 1923 1347 1964 conficias.
1391 1921 1570 1962 Clodius
1592 1935 1710 1976 ergo,
1734 1930 1782 1960 ut

348 1976 424 2026 ais,
447 1977 499 2018 ad
524 1976 784 2033 Tigranem?
816 1981 957 2031 velim,
986 1982 1027 2012 46
1041 1980 1229 2036 Syspirae
1253 1979 1527 2020 conditione:
1560 1977 1633 2018 sed
1657 1977 1782 2018 facile

385 2172 423 2199 41
442 2170 610 2202 ,zm-dracas
624 2169 699 2208 illa]
726 2169 783 2199 Est
800 2171 985 2202 cohortatio
1001 2172 1041 2203 ad

344 2221 496 2250 cursnm3
521 2223 597 2242 nam
620 2214 798 2243 κατατείνειν
817 2213 913 2256 ἶρὲμον
927 2215 1041 2245 dicunt

344 2254 465 2285 Graeci.
509 2255 703 2285 Tunstallus
741 2257 858 2294 probat
893 2257 1039 2287 Turnebi

344 2298 569 2335 conjecturam
608 2299 786 2335 κατακλεὶς,
821 2300 978 2329 conclust'o
1014 2309 1039 2329 s·

343 2340 507 2375 clausula,
520 2344 679 2379 putatque
692 2340 741 2370 his
753 2341 894 2372 versibus
907 2341 1038 2371 finitum

343 2380 442 2411 fuisse
456 2382 591 2412 Librum
607 2381 670 2411 111.
691 2382 729 2412 de
743 2383 926 2413 consulatu.
942 2397 1041 2414 κατα-

344 2424 423 2456 κλεὶς
441 2425 485 2454 sic
501 2429 549 2454 est
567 2424 628 2460 lx,
647 2426 694 2454 18.
711 2425 865 2456 Placebat
882 2431 916 2456 et
938 2426 1037 2457 Lam-

343 2465 434 2496 bino.

384 2512 425 2539 42
449 2507 513 2549 περὶ
534 2508 720 2548 φιλοτιμίας]
740 2510 792 2539 Sic
807 2510 928 2550 legitur
940 2521 957 2541 e
972 2520 1042 2540 cor-

343 2552 490 2581 rectione
506 2551 654 2585 Victorii,
677 2562 752 2581 enm
776 2557 853 2582 ante
876 2552 1041 2592 legeretur

343 2593 540 2633 φιλομαθῖας.
564 2593 602 2623 In
618 2593 682 2623 MS.
696 2594 758 2623 fuit
772 2595 933 2633 φιλοτεῖας.
947 2595 1040 2625 Tun-

343 2637 459 2667 stallus
479 2636 559 2674 legit
582 2637 645 2678 mg)
665 2637 826 2673 πολιτείας,
850 2638 980 2675 qualem
1004 2637 1042 2667 li-

343 2681 438 2710 brum
455 2678 674 2717 Theophrasti
692 2678 789 2709 fuisse
811 2685 903 2720 patet
918 2691 935 2710 e
951 2679 1042 2709 libris

343 2722 382 2752 de
399 2721 539 2759 Legibus
556 2720 618 2756 111,
633 2721 664 2750 6.
684 2720 834 2751 Laertius
847 2722 889 2759 V,
904 2724 957 2756 49.
973 2721 1044 2751 lau-

343 2765 400 2794 dat
422 2764 485 2806 mg>
501 2762 601 2805 ἀξίςης
618 2763 781 2797 πολιτείας.
806 2773 873 2815 non
894 2764 1044 2804 displicet

341 2808 542 2845 conjectura.
841 2818 843 2823 ·

384 2852 424 2878 453
462 2849 557 2878 liceat
594 2848 711 2887 dicere]
753 2848 898 2878 Graevius
927 2858 944 2878 e
973 2847 1037 2877 Ms.

344 2889 488 2921 Helmst.
512 2890 686 2922 delendum
709 2895 805 2931 putat
821 2891 936 2928 dicere,
953 2890 1040 2929 quod

1073 2038 1199 2078 nobis
1221 2037 1302 2078 erit
1323 2036 1376 2077 ad
1398 2036 1576 2076 liberam
1599 2033 1780 2090 legatio-

1083 2178 1118 2203 et
1141 2173 1216 2204 alibi
1241 2173 1274 2202 in
1298 2171 1359 2202 hac
1382 2171 1489 2201 forma
1502 2169 1628 2200 omittit
1645 2169 1780 2200 Cicero:

1084 2215 1180 2254 idque
1209 2216 1291 2246 bene
1316 2214 1472 2244 convenit
1498 2211 1647 2242 Ciceroni
1674 2211 1707 2241 in
1732 2211 1782 2241 his

1084 2257 1240 2298 epistolis.

1123 2303 1165 2330 44
1186 2300 1271 2340 quod
1285 2296 1481 2336 ostenderat]
1508 2297 1559 2328 De
1576 2295 1682 2337 pretio
1698 2297 1745 2327 rei
1761 2307 1782 2327 a

1083 2352 1116 2372 se
1132 2342 1291 2372 emendae.

1125 2387 1165 2414 45
1188 2385 1284 2414 numi
1304 2384 1414 2423 potius
1436 2381 1633 2421 reddantur]
1660 2382 1782 2412 Manu-

1080 2426 1159 2463 tius,
1188 2426 1376 2465 Malaspina
1398 2430 1432 2455 et
1453 2425 1486 2454 δ.
1513 2425 1566 2454 Fr.
1594 2424 1779 2455 Gronovius

1081 2469 1253 2508 corrigunt
1281 2468 1463 2504 addantur,
1493 2467 1579 2506 quod
1615 2467 1660 2496 rei
1698 2467 1781 2498 benc

1084 2511 1251 2541 convenit.

1125 2553 1167 2582 46
1189 2553 1333 2592 Syspirae
1354 2550 1546 2588 conditione]
1574 2550 1625 2579 Sic
1641 2561 1658 2580 e
1674 2561 1781 2582 corre-

1084 2594 1192 2625 ctione
1207 2595 1296 2627 Bosii
1313 2594 1446 2631 legitur.
1478 2592 1560 2622 Edd.
1576 2602 1625 2631 pr.
1642 2593 1780 2632 Syrpioe.

1084 2637 1180 2667 Varie
1195 2646 1228 2667 se
1242 2640 1399 2675 torquent
1415 2634 1542 2666 Critici.
1566 2634 1649 2664 nihil
1665 2635 1781 2665 melius

1084 2679 1148 2708 vidi
1165 2679 1321 2709 Gronovii
1336 2678 1526 2716 conjectura
1541 2675 1673 2715 Scepsii,
1686 2681 1725 2706 ut
1740 2677 1781 2708 ad

1086 2721 1313 2751 Metrodorum
1334 2719 1501 2759 Scepsium
1526 2718 1703 2758 pertineat,
1726 2720 1782 2758 qui

1086 2764 1121 2793 in
1149 2762 1313 2802 legatione
1339 2762 1379 2792 ad
1405 2760 1582 2800 Tigranem
1611 2761 1728 2790 missus
1763 2771 1783 2790 a

1081 2805 1274 2836 Mithridate
1288 2804 1448 2844 perieram
1463 2801 1550 2832 unde
1561 2812 1674 2836 sensus
1688 2802 1782 2834 valde

1081 2851 1178 2888 aptus
1193 2848 1243 2877 fit.
1276 2845 1471 2877 Tunstallus
1487 2854 1519 2883 p.
1536 2847 1587 2874 43.
1606 2844 1687 2882 legit
1700 2846 1780 2875 scir-

1077 2899 1147 2931 peoe
1161 2890 1354 2920 conditiones
1365 2901 1374 2918 .·
1397 2889 1417 2919 i,
1433 2898 1461 2918 e.
1476 2885 1709 2926 αἰνιγματώδεις.
