1940 3231
284 170 359 204 642
703 168 885 210 EPIST‘.
911 170 991 209 AD
1019 169 1304 216 ATTICUM,

281 270 335 311 ad
357 270 566 312 consules.
628 272 712 315 Sed
735 283 858 332 turpe
883 275 1127 318 Domitium
1149 276 1342 318 deserere
1366 274 1461 326 erit,
1482 273 1716 331 imploran-

279 336 368 368 tem
399 328 492 384 ejus
523 329 747 372 auxilium.
808 332 886 374 Est
911 334 1108 388 quaedam
1138 349 1249 391 spes,
1281 332 1388 374 mihi
1420 332 1593 387 quidem
1627 346 1714 375 non

278 400 451 441 magna,
484 387 554 428 sed
590 387 632 428 in
659 388 726 429 his
755 388 859 430 locis
892 390 1030 441 firma,
1052 390 1280 432 Afranium
1313 391 1357 432 in
1392 389 1590 430 Pirenaeo
1612 404 1712 430 cum

277 441 496 484 Trebonio
518 459 745 499 pugnasse,
762 446 931 501 pulsum
947 446 1371 499 Trebonium‚etiam
1391 446 1574 487 Fabium
1593 457 1715 487 tuum

278 501 479 542 transisse
510 515 609 542 cum
648 502 926 545 cohortibus:
959 518 1125 545 summa
1162 515 1320 554 autem,
1354 503 1583 544 Afranium
1613 518 1713 544 cum

275 558 447 613 magnis
469 558 605 613 copiis
638 558 884 601 adventare.
917 560 960 601 id
983 560 1016 601 si
1040 570 1118 612 est,
1140 561 1184 602 in
1210 561 1336 603 Italia
1359 561 1539 602 fortasse
1571 574 1715 601 mane-

275 614 408 655 bitur.
471 613 565 670 Ego
588 624 748 666 autem,
767 631 866 657 cum
887 626 999 658 esset
1029 618 1241 660 incertum
1272 619 1352 659 iter
1377 618 1576 668 Caesaris,
1598 617 1716 673 quod

276 671 340 711 ve]
365 672 417 712 ad
442 671 653 726 Capuam,
676 672 817 715 vel-ad
841 674 1065 715 Luceriam
1093 675 1230 716 iturus
1261 676 1507 732 putabatur,
1533 675 1716 731 Leptam

276 729 329 769 ad
352 728 610 784 Pompeium
643 730 738 771 misi
760 740 803 771 et
832 731 1020 784 litteras,
1052 731 1158 787 ipse,
1190 747 1243 774 ue
1272 747 1358 787 quo
1381 732 1629 783 inciderem,
1651 746 1717 773 re-

275 785 383 826 verti
423 785 631 827 Formias.
694 786 806 829 Haec
845 797 886 828 te
924 789 1032 830 scire
1065 789 1195 840 volui,
1230 789 1467 845 scripsique
1505 789 1718 830 sedatiore

274 842 435 895 animo,
456 858 584 898 quam
609 844 806 898 proxime
840 845 1108 901 scripseram,
1133 846 1296 888 nullum
1327 860 1471 888 meum
1497 846 1716 903 judicium

276 899 570 956 interponens,
593 901 662 942 sed
690 901 923 958 exquirens
946 912 1084 944 tuum.

238 997 264 1030 4
717 990 952 1033 CICERO
985 991 1217 1033 ATTICO
1250 957 1294 1033 S.

278 1044 636 1100 DIONYSIUS
659 1059 832 1114 quidem
857 1070 954 1102 tuus
977 1061 1136 1116 potius,
1156 1075 1285 1116 quam
1309 1066 1467 1110 noster,
1489 1059 1612 1115 cujus
1633 1075 1718 1118 ego

273 1129 371 1155 cum
396 1116 497 1156 satis
528 1131 783 1172 cognossem
819 1132 972 1168 mores,
997 1128 1240 1159 tuotamen
1274 1118 1418 1173 potius
1452 1118 1618 1158 stabam
1645 1119 1720 1173 ju-

274 1172 405 1224 dicio,
426 1188 555 1228 quam
579 1188 691 1223 meo,
713 1174 754 1205 26
768 1188 820 1215 ne
844 1175 905 1215 tui
933 1175 1105 1230 quidem
1133 1174 1383 1225 testimonii,
1405 1174 1520 1230 quod
1542 1174 1580 1214 ei
1603 1189 1720 1231 saepe

276 1230 390 1285 apud
413 1245 481 1271 me
503 1230 694 1281 dederas,
719 1231 893 1282 veritus,
916 1233 1151 1289 superbum
1176 1247 1219 1273 se
1242 1232 1429 1288 praebuit
1460 1231 1502 1272 in
1526 1230 1716 1284 fortuna,

277 1302 405 1341 quam
440 1287 611 1344 putavit
640 1296 830 1329 nostram
862 1289 978 1332 fore:
1012 1289 1134 1345 cujus
1170 1289 1356 1331 fortunae
1391 1303 1484 1339 nOS‚
1506 1298 1717 1344 quantum

233 1343 468 1385 b.humano
490 1344 670 1386 consilio
691 1345 805 1386 effici
827 1347 1000 1403 poterit,
1025 1357 1192 1388 motum
1225 1347 1388 1388 ratione
1420 1346 1606 1401 quadam
1637 1360 1718 1401 gu·

280 1402 566 1443 bernabimus.
601 1402 685 1453 cui,
707 1403 786 1458 qui.
811 1412 956 1444 noster
988 1403 1140 1455 honos,
1163 1404 1279 1460 quod
1310 1403 1583 1459 obsequium,
1616 1418 1715 1458 quae

274 1459 404 1499 etiam
428 1462 466 1492 27
481 1460 534 1500 ad
556 1469 720 1501 ceteros
742 1462 950 1502 contemti
973 1461 1199 1516 cujusdam
1230 1461 1417 1502 hominis
1440 1460 1717 1502 commenda-

274 1516 335 1556 tio
366 1515 532 1558 defuit?
564 1526 612 1557 ut
640 1531 781 1558 meum
809 1518 1026 1573 judicium
1062 1518 1314 1574 reprehendi
1336 1534 1360 1559 a
1380 1518 1547 1565 Quinto
1570 1517 1716 1569 fratre,

270 1574 489 1629 vulgoque
511 1574 565 1614 ab
588 1574 789 1615 omnibus
811 1574 993 1626 mallem,
1012 1590 1140 1631 quam
1158 1575 1275 1617 illum
1300 1590 1385 1616 non
1404 1574 1556 1615 efferre
1577 1574 1715 1616 laudi-

269 1630 372 1682 bus;
406 1631 723 1685 Ciceronesque
760 1642 928 1673 nostros
965 1647 1060 1673 meo
1100 1632 1244 1688 potius
1282 1632 1429 1674 labore
1464 1631 1709 1683 subdoceri,

268 1703 399 1742 quam
422 1703 490 1729 me
521 1688 718 1729 aliumvis
748 1690 1002 1745 magistrum
1026 1704 1232 1745 quaerere.
1266 1689 1318 1730 ad
1348 1703 1477 1745 quem
1499 1703 1581 1745 ego
1603 1703 1711 1745 quas

268 1744 447 1796 litteras,
469 1745 527 1785 dii
562 1745 852 1788 immortales!
886 1747 1117 1788 miseram?
1150 1749 1189 1778 28
1204 1755 1411 1802 quantum
1446 1746 1622 1787 honoris
1654 1746 1712 1786 si-

268 1802 559 1857 gnificantes?
586 1812 794 1857 quantum
818 1805 999 1845 amoris?
1033 1803 1338 1845 Dicaearchum
1362 1803 1618 1854 mehercule,
1637 1810 1713 1844 aut

267 1858 580 1900 Aristoxenum
604 1859 766 1901 diceres
787 1861 957 1912 arcessi,
980 1875 1066 1901 non
1092 1876 1222 1902 unum
1245 1861 1438 1901 omnium
1458 1860 1713 1915 loquacissi-

266 1931 386 1957 mum
403 1926 448 1957 et
468 1917 646 1958 minime
667 1926 817 1973 aptum
836 1919 890 1959 ad
908 1918 1164 1959 docendum.
1186 1918 1258 1959 sed
1272 1926 1336 1958 est
1355 1919 1563 1958 memoria
1582 1918 1710 1958 bona.

266 1988 337 2015 me
359 1974 475 2015 dicet
495 1988 586 2015 esse
609 1974 801 2016 meliore.
832 1975 989 2031 quibus
1020 1975 1173 2016 litteris
1207 1975 1268 2016 ita
1288 1974 1525 2031 respondit,
1548 1983 1596 2014 ut
1626 1988 1710 2030 ego

266 2031 446 2083 nemini,
469 2031 593 2087 cujus
614 2046 786 2073 causam
817 2047 905 2073 non
935 2032 1189 2088 reciperem.
1215 2046 1382 2088 semper
1403 2031 1534 2083 enim,
1555 2031 1590 2072 si
1613 2037 1713 2086 pot-

266 2103 357 2137 er03
386 2089 421 2129 si
448 2095 543 2130 aute
568 2096 748 2144 suscepta
774 2104 894 2131 causa
915 2104 998 2130 non
1017 2089 1231 2144 impediar.
1263 2103 1497 2144 numquam
1524 2103 1597 2130 reo
1619 2088 1712 2130 cui-

266 2161 412 2202 quam,
435 2155 523 2187 tam
556 2146 724 2197 humili,
757 2156 843 2189 tam
877 2147 1066 2198 sordido,
1087 2155 1176 2187 tam
1211 2147 1401 2196 nocenti,
1432 2154 1520 2187 tam
1556 2145 1712 2197 alieno,

265 2213 356 2244 tam
379 2203 558 2259 praecise
579 2204 750 2260 negavi,
781 2219 911 2260 quam
941 2203 1013 2245 hic
1044 2204 1166 2245 mihi.
1198 2204 1324 2260 plane
1357 2203 1448 2244 sine
1481 2202 1565 2244 ulla
1586 2216 1714 2244 exce-

264 2260 416 2316 ptione
439 2261 651 2316 praecidit.
684 2261 792 2302 nihil
813 2262 1001 2318 cognovi
1025 2260 1261 2318 ingratius:
1293 2261 1336 2302 in
1359 2275 1446 2316 quo
1469 2259 1576 2301 vitio
1598 2258 1709 2300 nihil

264 2317 366 2359 mali
389 2332 475 2359 non
499 2318 623 2359 inest.
685 2319 769 2359 Sed
792 2319 844 2360 de
865 2319 949 2360 hoc
971 2319 1098 2359 nimis
1126 2318 1275 2359 multa.
1337 2317 1433 2374 Ego
1456 2331 1609 2359 navem
1633 2332 1708 2373 pa-

264 2374 380 2417 ravi:
414 2383 507 2416 tuas
530 2374 693 2417 litteras
716 2385 860 2417 tamen
880 2385 1088 2431 exspecto
1107 2393 1118 2427 3
1149 2385 1198 2417 ut
1229 2375 1376 2426 sciam,
1398 2374 1504 2430 quid
1529 2388 1708 2430 respon-

265 2431 395 2472 deant
433 2431 739 2474 consultationi
774 2447 896 2475 meae.
958 2433 1165 2474 Sulmone
1197 2432 1250 2474 C.
1272 2432 1444 2474 Attium
1477 2431 1708 2487 Pelignum

265 2489 480 2544 aperuisse
517 2489 712 2531 Antonio
752 2500 914 2546 portas,
949 2505 1048 2533 cum
1084 2500 1225 2532 essent
1263 2490 1463 2532 cohortes
1501 2488 1707 2544 quinque,

305 2629 345 2660 96
356 2630 452 2660 netui
463 2630 591 2670 quidem
603 2631 957 2672 testiriiotzie'f—veritus]
1005 2632 1058 2662 Sic
1074 2630 1148 2662 inde
1164 2642 1183 2662 a
1197 2631 1344 2662 Jensono
1360 2629 1477 2661 editur.
1521 2627 1670 2658 Graevius
1685 2637 1704 2659 e

261 2681 292 2702 v.
310 2670 401 2702 Clav.
417 2671 451 2701 in
462 2681 585 2702 vereor.
1005 2673 1146 2704 lectione
1183 2674 1262 2704 Mss.
1298 2671 1384 2703 Ball.
1420 2669 1563 2701 Helmst.
1600 2679 1706 2710 quan-

304 2715 344 2747 27
360 2714 408 2744 ad
419 2718 477 2744 cet.
499 2715 650 2744 contemti
665 2714 838 2755 caey‘usdam
861 2716 963 2746 homi-
1005 2721 1077 2746 tum
1105 2717 1233 2746 honoris
1255 2714 1527 2755 significationem
1551 2712 1707 2751 conjicie-

261 2755 326 2794 πίε]
352 2756 399 2786 ad
417 2759 536 2787 ceteros
557 2761 591 2786 et
609 2756 650 2787 ad
664 2759 897 2789 commendatio
911 2768 962 2788 re·
1005 2758 1063 2788 bat
1075 2762 1238 2797 quantam
1255 2759 1287 2788 Ιι.
1301 2756 1585 2797 significationem.
1601 2754 1645 2784 At
1667 2753 1703 2784 in

262 2798 337 2828 ferri
360 2802 469 2838 potest
492 2802 526 2829 et
549 2798 589 2829 ad
611 2800 773 2830 contemti.
800 2800 862 2830 hoc
895 2810 962 2831 ma-
1005 2800 1054 2831 ed.
1070 2800 1168 2831 Rom.
1193 2799 1290 2840 plane
1312 2803 1362 2828 est
1383 2801 1545 2838 quantam
1566 2798 1638 2827 hon.
1661 2796 1706 2825 ,π’-

260 2839 333 2870 lim.
378 2840 446 2870 Sed*
465 2839 638 2881 cujusdam
662 2851 728 2873 non
753 2842 878 2883 placet:
903 2853 964 2884 pu-
1002 2842 1261 2883 gnfficatz'ouem,
1274 2844 1435 2881 quantam
1449 2839 1582 2870 amoris.
1597 2847 1657 2868 nec
1672 2837 1705 2867 id

260 2886 360 2921 toque
375 2882 561 2914 delendum.
858 2880 861 2885 ”
1004 2884 1166 2925 displicet,
1181 2893 1257 2914 cum
1272 2882 1355 2914 illud
1371 2882 1596 2924 significantes
1609 2888 1708 2912 aures

303 2927 342 2955 23
373 2929 535 2964 quantum
566 2927 694 2957 honoris
721 2927 957 2967 signficantes]
1004 2937 1092 2959 meas
1108 2924 1326 2958 suboffendat.
