1940 3231
662 157 667 160 ¹
709 107 914 156 LIBER
948 106 1066 147 xm.
1520 112 1603 155 795

163 221 208 270 et
239 212 371 270 frugi.
405 212 476 261 sed
505 212 591 256 hoc
617 213 723 256 mihi
758 228 844 254 non
882 212 1060 268 placuit.
1094 224 1138 251 se
1160 210 1269 252 scire
1291 208 1448 262 aiebat,
1473 212 1527 253 ab
1549 226 1604 257 eo

163 286 300 328 nuper
323 271 503 328 petitam
523 271 816 321 Cornificiam,
842 271 899 317 Q.
916 270 1064 320 filiam,
1085 268 1270 309 vetulam
1291 281 1405 318 sane,
1428 278 1471 308 et
1494 270 1604 310 mul-

163 337 304 370 tarum
329 330 600 384 nuptiarum:
632 342 718 369 non
752 341 843 368 esse
878 328 1108 383 probatum
1143 325 1409 374 mulieribus,
1435 327 1472 354 14
1486 327 1602 379 quod

164 385 226 432 ita
248 385 496 441 reperirent,
520 400 606 426 rem
636 399 722 425 non
749 385 956 440 majorem
984 397 1125 424 Dccc.
1145 382 1231 423 hoc
1254 383 1404 438 putavi
1431 392 1472 422 te
1495 382 1603 423 scire

163 453 378 498 oportere.
431 443 498 484 De
521 442 656 482 bortis
685 457 739 482 ex
763 444 848 489 tuis
872 442 1025 485 litteris
1047 440 1251 496 cognovi,
1277 442 1312 469 ¹5
1327 449 1369 485 et
1393 438 1605 495 Chrysip-

164 514 237 555 po.
263 500 306 540 iu
330 499 443 550 villa,
466 500 589 554 cujus
612 499 896 540 insulsitatem
920 500 1028 539 bene
1050 512 1216 547 noram,
1235 496 1361 537 video
1385 496 1507 546 nibil,
1529 505 1605 538 aut

165 571 305 612 pauca
326 565 505 597 mutata.
530 556 745 601 balnearia
778 566 921 597 tamen
954 555 1098 598 laudat
1122 555 1310 610 majora:
1343 554 1396 594 de
1426 553 1604 594 minori-

164 615 245 662 bus
268 614 329 654 ait
350 613 529 655 hiberna
550 613 663 655 effici
686 629 825 671 posse.
850 622 964 656 tecta
981 614 1115 668 igitur
1133 611 1501 653 ambulatiuncula
1530 611 1604 652 ad-
1619 614 1649 645 b·

164 671 306 711 denda
334 680 422 712 est:
454 686 584 726 quam
618 681 665 712 ut
698 682 861 713 tantam
897 670 1120 720 faciamus,
1147 678 1350 725 quantam
1376 668 1418 708 in
1441 667 1607 709 Tuscu-

164 727 263 776 lano
285 726 482 779 fecimus,
505 743 639 784 prope
662 729 842 770 dimidio
865 729 1042 769 mi'noris
1073 727 1291 768 constabit
1313 726 1396 773 isto
1419 725 1529 766 loco.
1552 726 1609 768 ad

164 784 208 826 id
232 794 391 834 autem,
410 787 526 841 quod
547 786 757 837 volumus,
775 788 966 841 ἀφίδςυμοι,
989 784 1097 825 nibil
1115 785 1256 840 aptius
1276 783 1457 834 videtur,
1477 798 1609 838 quam

166 840 303 892 lucus,
326 857 454 897 quem
489 858 572 898 ego
595 858 769 886 noram:
803 843 874 883 sed
908 842 1203 883 celebritatem
1236 840 1394 881 nullam
1418 849 1507 880 tum
1534 840 1610 881 lia-³

168 900 324 947 bebat:
360 915 473 942 nunc
506 901 634 942 audio
669 901 937 948 maximam„
958 899 1065 940 nihil
1093 909 1172 949 est,
1205 899 1319 953 quod
1343 912 1425 953 ego
1444 897 1609 941 malim.

167 956 211 998 in
247 956 330 997 hOC
352 963 402 997 τὶν
421 961 520 1007 τῦφον
538 977 587 1010 με
606 964 683 1013 πρὸς
701 962 777 997 &st
797 959 1046 1011 τξοποφόξησ-ον.
1101 956 1334 1011 Reliquunl
1366 964 1445 1005 eSt,
1469 955 1503 996 Sl
1528 955 1612 996 Fa-

167 1015 313 1054 berius
349 1014 474 1054 nobis
512 1029 671 1054 nornen
704 1013 807 1054 illud
842 1013 1046 1067 explicat,
1080 1014 1167 1055 noli
1206 1028 1411 1068 quaerere,
1443 1012 1610 1067 quanti.

171 1071 393 1113 Othonem
419 1072 563 1112 vincas
595 1071 706 1112 volo.
744 1085 823 1111 nec
859 1079 1002 1122 tamen
1032 1071 1316 1111 insaniturum
1346 1071 1464 1110 illuni
1491 1080 1612 1125 puto.
1666 1093 1668 1095 v

169 1143 296 1171 nosse
318 1129 430 1169 enim
469 1129 575 1170 mihi
610 1128 828 1169 hominem
864 1127 1025 1169 videor.
1052 1129 1161 1169 mita
1185 1127 1296 1168 male
1317 1137 1458 1167 autem
1483 1128 1613 1168 audio

171 1187 314 1243 ipsum
336 1201 428 1227 esse
451 1195 696 1236 tractatum,
722 1195 769 1226 ut
798 1185 903 1225 mibi
928 1184 996 1225 ille
1015 1195 1154 1226 emtor
1178 1200 1260 1226 non
1286 1199 1377 1225 esse
1402 1184 1613 1226 videatur.

173 1246 210 1278 ¹7
225 1243 328 1298 quid
359 1245 501 1285 enim?
534 1245 780 1300 pateretur?
812 1242 886 1283 sed
915 1242 1018 1297 quid
1041 1244 1347 1299 argumentor?
1378 1242 1411 1282 si
1439 1241 1614 1282 Faberi-

171 1316 299 1342 auum
334 1301 541 1358 explicas,
579 1315 771 1342 emamus
795 1299 861 1340 vel
895 1314 1083 1356 magno:
1117 1301 1182 1341 sin
1213 1302 1368 1350 minus,
1402 1313 1456 1339 ne
1480 1314 1614 1354 parvo

172 1358 347 1414 quidem
385 1373 626 1414 possumus.
663 1361 698 1388 18
715 1357 912 1399 Clodiam
947 1358 1106 1413 igitur3
1139 1373 1162 1398 a
1194 1372 1279 1412 qua
1309 1357 1403 1412 ipsa
1435 1357 1492 1397 ob
1517 1371 1614 1398 eain

173 1430 347 1457 causam
373 1430 542 1472 sperare
566 1417 727 1466 videor,
749 1415 864 1471 quod
886 1424 928 1455 et
959 1414 1095 1458 multo
1120 1415 1296 1456 minoris
1321 1424 1434 1465 sunt,
1457 1424 1501 1454 et
1522 1413 1615 1454 Do-

169 1473 338 1518 labellae
362 1487 517 1522 nomen
543 1473 636 1528 jam
670 1473 922 1528 expeditum
948 1472 1130 1524 videtur,
1155 1481 1199 1513 ut
1226 1473 1356 1512 etiam
1381 1485 1617 1526 repraesen-

174 1531 340 1576 tatione
373 1531 604 1572 confidam.
676 1530 745 1571 De
784 1530 920 1570 hortis
960 1530 1077 1570 satis.
1146 1532 1182 1564 ¹9
1201 1529 1307 1570 Cras
1337 1540 1411 1570 aut
1446 1538 1501 1579 te,
1540 1538 1618 1570 aut

171 1602 372 1634 causam:
405 1602 534 1643 quam
573 1587 748 1643 quidem
785 1587 975 1629 futuram
1010 1586 1309 1628 Faberianam.
1334 1586 1422 1638 sed,
1455 1586 1488 1626 si
1519 1595 1618 1643 pot-v

172 1659 270 1687 eris.
634 1664 636 1666 ·

173 1758 581 1813 2⁰CICERONIS
597 1772 825 1828 epistolam
850 1771 928 1812 tibi
953 1770 1111 1812 remisi.
1137 1784 1164 1811 0
1191 1779 1232 1811 te
1251 1769 1450 1822 ferreum,
1474 1770 1546 1825 qui
1569 1770 1619 1818 il,

176 1827 257 1870 lius
281 1829 480 1885 periculis
504 1844 588 1870 non
613 1830 821 1871 moveris!
856 1831 892 1859 21
910 1843 978 1869 me
1000 1843 1172 1883 quoque
1202 1838 1391 1869 accusat.
1421 1842 1514 1869 eam
1540 1828 1620 1870 tibi

177 1886 406 1942 epistolam
444 1887 670 1928 misissem.
708 1901 805 1928 nam
850 1886 964 1927 illum
1009 1886 1184 1926 alteram
1227 1885 1280 1926 de
1322 1885 1448 1925 rebus
1487 1886 1622 1940 gestis

176 1946 218 1981 2¹:
231 1944 382 1989 eodem
404 1944 605 2001 exemplo
630 1953 752 2001 puto.
804 1943 857 1985 In
891 1943 1137 1984 Cumanum
1165 1943 1294 1984 hodie
1325 1943 1420 1984 misi
1446 1942 1623 1984 tabella-

1631 1701 1690 1738 50

181 2079 260 2100 nam
282 2073 390 2101 essent
405 2069 599 2100 eruditiores
616 2069 650 2099 in
672 2069 789 2106 literis,
804 2079 878 2110 pos-

175 2118 318 2154 }entque
334 2112 373 2142 de
397 2113 435 2142 iis
452 2113 533 2142 bene
550 2112 704 2142 disserere
718 2123 727 2150 ;
753 2122 829 2142 nam
847 2111 880 2141 hi

181 2161 260 2185 sunt
276 2154 435 2195 philologi
449 2166 455 2184 :
473 2154 568 2193 idque
584 2155 738 2191 swercin,
755 2163 795 2184 uc
810 2155 880 2184 ani-

183 2197 414 2232 madverteret,
431 2196 508 2235 quid
524 2197 641 2227 vellem
667 2201 701 2226 et
716 2206 816 2236 quare
831 2195 881 2226 in'-'

180 2244 398 2280 {erre-garem.
436 2239 564 2279 Nempe
580 2239 711 2269 volebat
726 2239 764 2269 de
775 2238 883 2270 Talna

185 2292 382 2317 cognoscere
408 2283 477 2321 ejus
502 2281 679 2320 judicium,
712 2281 753 2312 ad
787 2291 884 2321 quem

186 2324 316 2355 videbat
355 2334 540 2354 sermonem
570 2329 761 2361 venturum,
798 2323 886 2364 quod

185 2367 321 2407 sciebat,
336 2377 411 2397 eum
427 2376 494 2397 esse
511 2365 658 2397 doctum.

234 2412 272 2440 14
307 2411 391 2450 quod
419 2411 467 2440 ita
496 2407 691 2448 reperirent]
730 2407 887 2439 Abundat

180 2451 256 2491 ‘icat
280 2453 336 2483 sed
349 2451 518 2492 eleganter
541 2457 574 2481 et
601 2461 692 2482 mure
709 2451 887 2482 Ciceronis,

191 2503 221 2524 v.
240 2494 330 2525 Clav.
350 2496 383 2524 in
401 2495 433 2524 h.
449 2505 479 2524 v.
497 2503 537 2523 an
554 2494 744 2532 repenssent
756 2493 772 2522 ,7

233 2539 271 2567 15
287 2541 318 2567 ec
338 2537 524 2577 Chrysippo]
539 2536 740 2566 Architecto.
754 2545 784 2565 v,
796 2535 888 2566 Clav.

236 2579 275 2609 16
296 2580 344 2609 ita
363 2582 555 2610 male—-esse
567 2578 765 2616 tractatum]
794 2577 889 2608 Vide—

192 2624 248 2650 tur
264 2621 295 2651 in
314 2622 424 2661 aliqua
437 2622 583 2652 emtione
599 2628 658 2651 aut
673 2621 772 2650 simili
788 2630 821 2649 re
836 2630 891 2660 pe-

194 2663 342 2699 runi-aria
357 2664 510 2694 inductus
526 2674 606 2700 esse,
618 2669 655 2694 ut
674 2673 826 2703 magnam
838 2663 890 2701 ja-

186 2714 323 2735 'cturam
341 2707 486 2746 pecunia‘
501 2707 634 2736 faceret.

240 2751 273 2781 17
297 2749 377 2787 quid
390 2750 473 2779 mim
487 2749 504 2778 .?
514 2753 688 2788 pateretur
700 2747 731 2787 ἵ]
757 2747 818 2777 Est
841 2747 891 2777 vel

195 2789 397 2829 objicientis:
423 2791 573 2821 credibile
593 2796 655 2828 est,
679 2801 753 2820 euni
780 2800 891 2829 passu-

190 2837 285 2868 ‘riu'm
300 2838 339 2862 ut
363 2833 449 2863 horti
477 2833 523 2863 illi
549 2844 568 2863 a
593 2842 626 2863 se
649 2833 769 2863 abeant
785 2834 819 2862 in
836 2843 892 2862 au-

195 2876 328 2905 ctione?
355 2876 416 2912 vel,
443 2881 481 2906 ut
507 2876 627 2906 iterum
650 2874 828 2907 inducatur
852 2874 893 2906 ad

915 2069 1083 2108 jacturam
1126 2069 1276 2109 pceuniae
1322 2077 1454 2108 magnae
1501 2068 1624 2103 facien-

923 2111 997 2142 dam
1012 2112 1024 2141 ?

971 2157 1006 2185 18
1036 2153 1181 2185 Clodiam
1204 2153 1324 2193 igitur]
1352 2153 1414 2184 int.
1440 2154 1506 2191 adi,
1533 2163 1559 2185 s.
1587 2157 1627 2184 ut

925 2197 973 2226 ait
986 2206 1038 2236 ep.
1056 2199 1107 2226 31.
1123 2197 1312 2236 aggredere,
1326 2201 1359 2226 et
1371 2196 1482 2226 hortos
1496 2204 1533 2226 ut
1549 2206 1628 2226 ven-

926 2238 983 2268 dat
1012 2239 1106 2276 mibi,
1133 2239 1263 2279 perfice.
1290 2248 1383 2278 spero
1398 2240 1484 2269 enim
1502 2249 1555 2269 me
1571 2247 1628 2268 eos

927 2290 1035 2311 emere
1060 2281 1232 2311 commode
1248 2290 1351 2321 posse.
1368 2281 1455 2319 quod
1470 2287 1503 2311 et
1520 2281 1626 2310 mino-

929 2323 985 2360 ris,
1008 2333 1104 2362 quam
1130 2323 1344 2363 Scapulanos,
1367 2334 1475 2353 emere
1498 2327 1627 2363 potero,

929 2370 964 2395 et
987 2366 1159 2405 pecuniam
1182 2367 1297 2396 statim
1320 2375 1413 2406 spero
1430 2376 1481 2396 me
1504 2365 1630 2396 solvere

929 2417 1033 2449 posse.

976 2454 1013 2483 19
1041 2449 1121 2480 Cras
1135 2456 1194 2481 aut
1210 2455 1240 2480 te
1255 2450 1330 2489 ἃς]
1357 2451 1476 2480 Sensus
1492 2454 1556 2486 est,
1571 2453 1631 2491 aut

930 2496 964 2523 te
979 2493 1106 2529 videbo,
1132 2500 1189 2523 aut
1210 2503 1354 2527 causam,
1377 2502 1477 2531 quare
1494 2501 1559 2522 non
1578 2503 1632 2522 ve-

932 2535 1015 2571 nias,
1030 2544 1224 2573 cognoscam
1240 2547 1258 2566 e
1274 2535 1378 2565 literis
1392 2533 1476 2563 tifis:
1493 2544 1632 2574 eamque

933 2587 1026 2617 spero
1042 2577 1111 2607 fore
1127 2577 1224 2616 hanc,
1242 2576 1420 2620 quodcum
1438 2576 1574 2606 Faberio
1590 2576 1630 2607 de

934 2621 1070 2659 pecunia
1087 2630 1175 2659 agas.
1199 2630 1297 2661 quam
1315 2629 1394 2659 rogo
1412 2622 1449 2649 ut
1463 2619 1631 2661 conficias,

933 2671 959 2692 si
975 2663 1109 2701 poteris,

976 2707 1017 2735 ⁶20
1045 2703 1216 2744 Cicer-onir]
1243 2705 1284 2744 Q.
1300 2704 1369 2734 filii.

976 2749 1013 2777 ‘21
1040 2757 1091 2776 me
1112 2757 1233 2787 quoqne
1258 2745 1405 2784 accusat]
1433 2745 1471 2775 In
1494 2744 1634 2785 epistola

934 2788 1049 2825 altera,
1065 2799 1162 2828 quam
1180 2789 1219 2819 ad
1237 2799 1288 2819 me
1306 2789 1405 2819 misit.

977 2833 1018 2862 ‘22
1039 2833 1146 2862 eodem
1162 2833 1306 2870 evemplo
1320 2828 1416 2871 puto]
1432 2829 1517 2870 -Quo
1533 2839 1576 2865 sc.
1594 2823 1635 2871 af]

935 2878 968 2904 te
985 2874 1075 2905 misit
1089 2874 1275 2915 epistolam.
