1940 3231
752 130 970 170 LIBER
1006 130 1095 171 XV.
1577 132 1655 168 843

213 234 317 285 vita,
339 236 506 278 etiamsi
541 252 667 279 nemo
689 236 895 278 molestus
927 236 1010 278 sit?
1041 234 1218 277 6⁷lud0s
1252 249 1351 277 vero
1379 249 1465 275 non
1498 233 1654 285 facere,

208 294 314 347 quid
334 294 523 338 foedius?
553 297 592 327 68
609 295 872 336 fumenrtum
905 296 1153 350 imponere3
1184 308 1281 349 quae
1305 302 1370 333 est
1391 293 1472 333 alia
1497 291 1655 333 Dionis

207 349 398 408 legatio?
427 363 502 394 aut
523 353 563 387 69
574 352 688 409 quod
711 366 867 392 munus
890 353 932 393 in
963 351 1187 408 republica
1207 350 1448 393 sordidius?
1483 364 1654 406 prorsus

209 409 385 464 quidem
409 411 587 451 consilia
609 410 681 450 tali
703 409 747 449 in
772 424 816 450 re
837 424 891 450 ne
913 410 965 450 iis
987 409 1162 465 quidem
1186 418 1280 450 tuta
1301 419 1416 459 sunt,
1437 409 1510 463 qui
1531 407 1651 447 dant.

210 467 283 507 sed
307 467 466 522 possim
491 468 533 508 id
557 466 776 523 negligere
797 470 838 501 70
853 467 1098 523 proficiens
1118 468 1275 511 frustra
1293 481 1394 508 vero
1412 465 1486 520 qui
1508 466 1652 521 ingre-

209 524 331 566 diar?
362 525 510 566 matris
533 525 714 566 consilio
737 539 837 566 cum
867 535 1025 576 utatur,
1048 525 1115 567 vel
1145 526 1274 567 etiam
1308 524 1524 582 precibus,
1547 522 1653 578 quid

209 594 278 622 me
300 582 601 639 interponam?
633 583 705 624 sed
730 593 873 624 tamen
893 584 1115 640 cogitabo,
1136 598 1223 639 quo
1245 596 1402 640 genere
1426 592 1520 623 utar
1538 581 1654 622 litte-

209 653 368 680 rarum.
399 654 498 680 nam
531 640 653 681 silere
685 655 770 682 non
808 655 999 698 possum.
1032 641 1177 683 statim
1211 643 1345 699 igitur
1383 642 1554 683 mittam
1587 638 1653 682 vel

207 695 407 749 Antium,
433 697 497 739 vel
521 698 731 740 Circeios.

648 788 885 831 CICERO
916 788 1147 831 ATTICO
1179 790 1224 831 S.

207 843 475 899 ANTIUM
500 859 597 900 veni
619 869 720 900 ante
744 873 792 900 vx
815 858 914 900 Kal.
935 859 1073 900 Bruto
1088 859 1310 915 jucundus
1331 872 1476 904 noster
1495 865 1655 909 adven-

207 923 292 956 tus.
325 915 482 957 deinde
511 916 657 958 multis
692 916 982 970 audientibus,
1016 918 1212 967 Servilia,
1242 917 1447 972 Tertulla,
1484 922 1654 977 Porcia,

205 987 414 1029 quaerere,
437 975 541 1029 quid
566 974 768 1031 placeret.
802 975 949 1016 aderat
979 976 1108 1016 etiam
1143 975 1375 1018 Favonius
1408 993 1506 1035 ego,
1537 984 1655 1038 quod

204 1045 320 1072 eram
346 1032 578 1074 meditatus
603 1032 644 1073 in
670 1033 753 1084 via,
777 1032 968 1083 suadere,
995 1042 1042 1073 ut
1064 1043 1256 1074 uteretur
1278 1033 1473 1078 Asiatica
1493 1042 1656 1082 curati-

204 1103 289 1130 one
312 1089 544 1143 frumenti3
576 1090 685 1131 nihil
706 1104 797 1131 esse
812 1090 907 1145 jam
925 1090 1093 1146 reliqui,
1113 1091 1228 1146 quod
1253 1106 1493 1149 ageremus,
1516 1101 1550 1131 7¹
1571 1099 1654 1140 nisi

207 1157 257 1188 ut
275 1147 414 1188 salvos
436 1162 543 1189 esse.
565 1148 609 1189 in
643 1162 695 1189 eo
723 1147 853 1189 etiam
878 1149 958 1204 ipsi
984 1148 1234 1204 reipublicae
1265 1164 1356 1190 esse
1388 1154 1652 1208 praesidium‚

205 1219 337 1260 quam
370 1206 610 1246 orationem
644 1220 743 1247 cum
778 1205 996 1262 ingressus
1026 1221 1178 1257 essem,
1202 1206 1376 1249 Cassius
1405 1210 1652 1257 intervenit.

206 1276 290 1319 ego
313 1263 461 1304 eadem
487 1263 558 1305 illa
586 1263 781 1319 repetivi.
815 1263 897 1305 hoc
919 1264 1031 1315 loco,
1055 1264 1240 1306 fortibus
1264 1281 1365 1307 sane
1387 1268 1523 1310 oculis
1549 1271 1655 1314 Cas—

206 1321 308 1372 sius,
330 1320 544 1376 (Martem
566 1322 728 1378 spirare
747 1321 946 1372 diceres,)
969 1338 1012 1364 se
1033 1322 1132 1363 72111
1156 1323 1346 1364 Siciliam
1369 1340 1455 1367 non
1477 1327 1653 1372 iturum.

204 1392 359 1434 egone,
384 1388 430 1420 ut
453 1379 709 1420 beneficium
730 1380 948 1435 accepisse
970 1383 1009 1414 73
1026 1380 1068 1421 in
1091 1381 1381 1424 contumelia?
1412 1386 1450 1416 74
1463 1387 1566 1441 quid
1589 1403 1655 1429 ef-

204 1450 263 1492 go
285 1436 408 1493 agis?
439 1436 631 1492 inquam.
654 1446 699 1478 at
729 1437 813 1489 ille,
837 1438 878 1478 in
912 1437 1124 1479 Achaiam
1155 1453 1200 1479 se
1234 1439 1420 1484 iturum:
1455 1445 1558 1498 quid
1593 1456 1659 1497 tu,

204 1493 400 1549 inquam,
424 1494 584 1537 Brute?
618 1494 820 1546 Romam,
852 1495 1009 1551 inquit,
1040 1497 1073 1536 si
1110 1496 1190 1537 tibi
1215 1497 1399 1539 videtur.
1423 1501 1528 1542 mihi
1557 1518 1656 1546 vero

204 1551 409 1594 minime:
443 1561 538 1593 tuto
561 1553 676 1594 enim
716 1568 800 1594 non
831 1553 928 1594 eris.
952 1554 1084 1608 quid?
1116 1555 1148 1594 si
1188 1569 1356 1610 possein
1386 1572 1492 1610 esse,
1513 1560 1657 1616 place-

205 1611 358 1651 retne?
388 1612 429 1644 75
442 1619 572 1666 atque
607 1620 654 1651 ut
678 1611 872 1662 omnino,
895 1625 1034 1666 neque
1058 1626 1186 1663 nunc,
1212 1627 1351 1668 neque
1384 1629 1438 1657 ex
1463 1629 1653 1673 praetura

202 1666 247 1708 in
283 1667 551 1723 provinciam
588 1668 801 1716 ii·esi,sed
834 1679 986 1710 auctor
1018 1684 1104 1710 non
1134 1685 1243 1721 sum,
1268 1680 1315 1711 ut
1349 1680 1391 1713 te
1416 1676 1508 1716 urbi
1533 1692 1653 1719 com-

201 1724 366 1767 mittas.
388 1725 584 1767 dicebam
616 1741 680 1779 ea,
703 1741 802 1781 quae
837 1727 916 1768 tibi
951 1727 1149 1783 profecto
1172 1729 1217 1769 in
1248 1739 1437 1773 mentem
1462 1735 1656 1788 veniunt,

202 1796 280 1824 cur
311 1798 399 1825 non
424 1794 536 1825 esset
565 1794 659 1826 tuto
691 1784 876 1826 futurus.
899 1785 1037 1826 multo
1062 1785 1161 1827 inde
1186 1801 1383 1829 sermone
1417 1794 1658 1845 quereban-

199 1898 325 1936 miseri,
351 1898 454 1929 vitam
489 1906 590 1939 agent
624 1899 789 1931 miseram.
843 1899 908 1931 Sed

200 1940 269 1971 tale
283 1940 361 1981 quid
378 1942 411 1971 in
428 1951 467 1971 eo
484 1951 551 1972 non
567 1941 672 1973 video.

242 1983 279 2017 67
306 1984 398 2014 ludos
415 1994 490 2014 vero
507 1984 708 2025 nonfizcere]
735 1985 819 2016 Cum
837 1985 905 2015 sint

199 2031 369 2065 praetores,
394 2036 534 2065 quorum
558 2037 679 2058 munus
703 2032 767 2065 est,
797 2028 904 2059 facere

199 2067 294 2098 ludos
308 2068 526 2109 Apollinares.
541 2080 570 2100 v.
588 2077 621 2100 et
638 2070 714 2101 infr.
730 2080 782 2111 ep.
798 2073 847 2101 12.

243 2111 283 2142 68
305 2110 718 2152 ,frumentum—legatio]
742 2112 905 2153 frumen-

198 2156 272 2184 tum
287 2155 365 2194 imp.
386 2154 503 2195 lepide,
520 2165 592 2195 pm,
610 2156 771 2186 frumenti
786 2166 904 2186 emun-

199 2195 231 2227 di
255 2206 369 2228 curam
394 2197 561 2228 mandare.
581 2203 675 2228 tum:
700 2209 739 2229 ea
759 2198 845 2229 foret
860 2199 905 2229 le-

196 2239 302 2279 gatio,
318 2240 434 2270 similis
448 2240 492 2277 ei,
508 2250 607 2279 quarn
624 2241 690 2271 Dio
710 2251 729 2271 a
745 2241 905 2282 Dionysio

199 2282 393 2313 mandatam
409 2282 505 2321 obiit,
517 2292 561 2313 sc.
579 2283 750 2324 relegatio,
766 2289 804 2315 ut
819 2295 838 2315 a
854 2294 904 2315 re-

198 2324 331 2365 publica
345 2332 565 2356 amoveretur.

239 2367 280 2401 69
303 2369 388 2408 quod
412 2377 534 2399 munus
555 2370 580 2399 ἱ.
603 2379 634 2400 r.
660 2369 701 2410 s.]
726 2368 902 2410 Quomodo

193 2410 362 2442 sordidum
389 2420 523 2448 munuS‚
539 2421 617 2442 cura
638 2413 803 2448 annonae?
828 2422 902 2451 quae

199 2452 357 2493 Pompeio
373 2453 530 2484 mandata
544 2458 607 2491 est,
622 2455 716 2494 eique
730 2460 828 2486 tanto
844 2455 902 2485 ho-

197 2495 272 2525 nori
287 2495 376 2528 fuit?
400 2497 457 2527 sed
472 2496 570 2528 aliter
585 2498 742 2537 Pompeio
756 2497 900 2534 decreta,

197 2537 295 2568 aliter
308 2538 358 2569 his
368 2539 609 2578 destinabatur,
621 2541 749 2581 opinor.
764 2540 811 2570 illi
824 2550 900 2571 cum

196 2579 349 2620 imperio,
386 2582 438 2613 his
476 2582 569 2614 labor
593 2589 629 2614 et
658 2593 736 2614 cura
765 2587 901 2614 tantum

195 2623 339 2655 emendi.

238 2668 281 2700 70
297 2666 485 2707 prrficiem]
511 2668 676 2700 Victorius
691 2669 737 2699 sic
759 2679 777 2699 e
797 2667 901 2699 Codd.

196 2713 279 2739 vett.
295 2718 329 2739 se
346 2719 502 2749 reponere
515 2710 608 2748 dicit,
624 2722 683 2753 pro
696 2717 770 2742 tum
788 2711 901 2750 vulga-

193 2754 230 2781 to
248 2751 466 2792 prqfi‘ciwens.
504 2754 565 2784 Sed
582 2755 627 2785 sic
644 2755 718 2793 jam
734 2754 901 2785 habebant

192 2793 267 2825 edd.
294 2794 391 2825 Rom.
421 2795 512 2826 Jens.
557 2796 772 2838 Prqficiscens
799 2797 900 2827 habet

193 2835 328 2868 Ascens.
351 2837 469 2877 opinor
489 2849 507 2869 e
526 2838 661 2870 Medici.
684 2840 719 2871 in
734 2850 833 2880 quam
853 2840 900 2870 vi-

191 2878 241 2909 tio
257 2889 430 2919 operarum
445 2880 610 2921 irrepsisse
627 2882 767 2914 videtur.

233 2924 271 2955 71
298 2923 361 2955 nisi
377 2926 415 2956 uc
432 2925 538 2956 salvos
561 2924 640 2967 esse]
664 2925 717 2958 Sic
733 2924 806 2957 libri
824 2923 897 2956 edd.

950 1909 1075 1930 omnes.
1114 1900 1230 1932 Salvos
1256 1906 1305 1933 est
1334 1914 1394 1945 pro
1417 1907 1553 1945 salvus;
1578 1920 1657 1943 nam

949 1943 1096 1982 pertinet
1118 1954 1168 1974 res
1182 1944 1222 1975 ad
1239 1945 1382 1978 Brutum
1399 1948 1526 1980 solum:
1554 1953 1654 1985 intel-

948 1985 1181 2026 ligendumque
1203 1993 1322 2027 posset,
1352 1990 1413 2020 nisi
1445 1993 1540 2023 maiis
1562 2002 1654 2036 esset,

948 2035 985 2058 ut
1002 2039 1019 2059 e
1038 2028 1120 2060 libro
1137 2035 1246 2060 vetere
1263 2033 1389 2071 profert
1405 2032 1556 2067 Ursinus.

992 2074 1032 2105 72
1054 2073 1088 2102 z'n
1115 2072 1267 2104 Siciliam
1288 2084 1321 2106 n.
1345 2076 1384 2115 κζ]
1410 2085 1455 2107 sc.
1476 2079 1517 2109 ad
1533 2090 1653 2112 curan-

948 2112 1026 2144 dum
1046 2115 1267 2153 frumentum,
1285 2123 1322 2149 ut
1343 2118 1390 2149 illi
1411 2119 1580 2154 decretum
1604 2124 1657 2155 fu·

948 2156 1009 2187 isse
1024 2157 1166 2195 videtur,
1181 2159 1267 2190 sicut
1283 2160 1388 2191 Bruto
1406 2162 1439 2192 in
1456 2164 1579 2196 Asiam.

991 2202 1031 2233 73
1053 2201 1089 2231 in
1114 2203 1325 2242 contumelia]
1352 2205 1405 2236 Sic
1431 2205 1551 2239 habere
1581 2209 1655 2242 edd.

948 2242 1072 2282 priores
1093 2243 1173 2275 dicit
1193 2245 1227 2276 J.
1250 2245 1285 2276 F.
1302 2247 1405 2277 Gron,
1419 2256 1513 2281 sane.
1529 2252 1585 2283 sed
1602 2253 1655 2283 in-

947 2284 986 2315 de
1002 2295 1021 2316 a
1038 2285 1126 2317 Med.
1144 2287 1230 2318 unde
1246 2288 1345 2319 habet
1362 2289 1495 2323 Ascens.
1511 2298 1585 2333 post
1596 2296 1656 2327 ΑΙ-

947 2326 1018 2364 duS‚
1037 2329 1211 2360 Manutius
1226 2331 1284 2362 &c.
1321 2332 1404 2364 Edd.
1421 2333 1517 2365 Rom.
1531 2338 1566 2367 in
1581 2349 1656 2369 con-

944 2373 1130 2403 tumeliam.
1157 2373 1250 2404 JenS.
1273 2377 1464 2414 accepissem
1487 2384 1653 2413 contume-

944 2414 1039 2451 liam,
1055 2415 1143 2455 qnod
1157 2421 1191 2446 et
1203 2417 1238 2446 in
1253 2418 1402 2458 margine
1417 2419 1466 2449 ed.
1482 2420 1573 2454 Crat.
1588 2432 1652 2464 est,

945 2458 1132 2497 recepitque
1146 2458 1325 2491 Victorius.
1347 2463 1505 2502 accepisse
1523 2465 1559 2495 in
1576 2476 1652 2499 con-

944 2502 1084 2531 tumelia·
1107 2510 1219 2531 verum
1240 2506 1312 2541 est3
1337 2509 1376 2534 ut
1391 2510 1479 2536 recte
1487 2507 1651 2546 judicavit

945 2541 1144 2580 Gronovius,
1161 2544 1256 2584 idque
1271 2547 1390 2586 recepi.

987 2588 1026 2618 74
1051 2587 1131 2625 quid
1149 2596 1228 2626 ergo
1243 2588 1330 2628 agis]
1358 2589 1410 2620 Sic
1431 2590 1507 2622 libri
1521 2602 1649 2628 omnes.

947 2626 969 2657 i.
986 2637 1013 2657 e.
1036 2629 1069 2658 in
1089 2628 1201 2660 animo
1218 2630 1330 2668 habes,
1346 2633 1431 2672 quod
1449 2634 1560 2666 facias.
1577 2639 1650 2678 qui-

946 2669 1023 2700 dam
1037 2671 1158 2702 malint
1172 2682 1264 2711 ages.

987 2716 1028 2747 75
1051 2718 1151 2754 atque
1163 2720 1201 2745 ut
1213 2717 1343 2748 omnino
1360 2717 1434 2758 &c.]
1459 2719 1570 2751 Torsit
1586 2722 1650 2756 hoc

945 2755 1030 2786 viros
1043 2756 1170 2789 doctos.
1186 2759 1267 2789 bene
1281 2760 1367 2800 cepit
1380 2761 1541 2794 Graevius.
1558 2774 1652 2796 nern-

944 2807 984 2837 pe
1010 2799 1228 2840 intelligenda
1260 2807 1311 2832 est
1338 2803 1480 2843 primum
1507 2808 1652 2839 assensio

945 2840 1126 2880 Ciceronis,
1143 2854 1172 2875 v.
1190 2854 1219 2874 c.
1244 2848 1354 2883 reete5
1377 2855 1451 2885 quae
1465 2848 1587 2881 omissa
1600 2856 1651 2882 est

943 2893 1001 2923 per
1031 2885 1342 2926 breviloquentiam.
1378 2888 1650 2931 interrogationis

942 2930 1057 2959 notam
1074 2932 1164 2965 recte
1179 2928 1299 2962 delevit
1315 2930 1475 2965 Graevius.
