1940 3231
752 119 971 157 LIBER
1010 117 1045 157 1.
1542 125 1618 160 449

174 226 260 269 Sed
293 240 454 276 vereor,
485 226 526 255 48
539 238 592 265 ne
620 222 721 275 hoc,
743 224 860 279 quod
900 222 1109 265 infectum
1146 230 1226 273 est,
1258 230 1401 278 serpat
1432 222 1618 279 longius.

172 284 303 327 credo
333 283 446 325 enim
473 292 514 322 te
535 281 717 332 audisse,
740 296 840 323 cum
871 281 986 337 apud
1019 280 1236 322 Caesarem
1268 294 1346 335 pro
1379 281 1539 335 populo
1571 282 1619 321 fi-

171 352 276 393 eret,
299 340 466 382 venisse
495 353 547 379 eo
577 338 776 379 muliebri
811 340 968 380 vestitu
1001 338 1166 390 virum;
1198 337 1327 392 idque
1359 337 1614 378 sacrificium

173 414 272 441 cum
302 398 488 453 virgines
520 396 845 447 instaurassent,
868 396 1132 437 mentionem
1165 410 1189 437 a
1222 395 1279 441 Q.
1303 393 1542 435 Cornificio
1575 395 1616 435 in

171 466 320 498 senatu
352 455 536 495 factam:
569 454 624 507 (is
657 452 740 494 fuit
770 454 996 510 princeps3
1030 467 1082 493 ne
1104 462 1149 494 tu
1179 452 1291 493 forte
1321 451 1505 506 aliquem
1540 465 1616 491 no-

172 522 307 554 strum
340 521 463 568 putes
483 513 513 563 3)
545 513 586 545 49
601 520 751 566 postea
782 526 870 553 rem
902 526 956 552 ex
981 520 1151 552 senatus
1174 509 1372 550 consulto
1395 509 1447 550 ad
1474 510 1613 565 ponti·
1631 510 1708 565 5³·ss-

171 571 273 612 fices
306 570 497 619 relatam,
521 567 650 623 idque
678 569 732 609 ab
765 568 816 610 iis
848 569 967 610 nefas
990 582 1081 609 esse
1102 568 1322 608 decretum
1343 584 1351 608 :
1384 567 1540 607 deinde
1561 581 1615 607 ex
1631 560 1660 579 ‘¹'

172 636 344 669 senatus
375 625 574 667 consulto
601 626 798 667 consules
831 627 1102 682 rogationem
1138 624 1460 681 promulgasse3
1494 625 1618 664 uxori

174 684 393 726 Caesarem
416 682 615 724 nuntium
649 683 875 724 remisisse.
939 683 989 724 In
1014 683 1094 724 hac
1126 697 1255 723 causa
1289 682 1405 733 Piso,
1428 682 1619 722 amicitia

173 741 226 783 P.
250 741 395 783 Clodii
418 742 589 792 duetus,
605 755 781 796 operam
803 742 891 792 dat,
917 751 964 782 ut
985 755 1034 781 ea
1057 740 1385 796 rogatio,quam
1410 740 1500 795 ipse
1524 738 1620 790 fert,

171 809 215 841 et
238 799 321 840 fert
343 813 397 839 ex
422 808 594 839 senatus
617 798 815 840 consulto
834 809 877 839 et
899 799 951 839 de
974 798 1198 854 religione,
1214 799 1476 852 antiquetur.
1503 795 1622 837 Mes-

174 856 263 898 sala
286 856 562 897 vehementer
591 855 734 897 adhuc
766 857 858 913 agit
883 871 1042 897 severe.
1068 855 1170 896 boni
1194 855 1271 895 viri
1298 854 1496 910 precibus
1520 854 1622 894 Clo-

173 914 233 956 dii
269 922 544 955 removentur
575 928 599 953 a
629 928 782 955 causa:
821 928 964 969 operae
1001 922 1321 968 comparantur,
1354 912 1623 967 nosmetipsi,

171 972 244 1027 qui
272 971 487 1028 Lycurgei
511 986 535 1011 a
559 971 773 1027 principio
806 970 1050 1022 fuissemus,
1072 970 1268 1025 quotidie
1299 969 1622 1025 demitigamur.

171 1029 306 1070 instat
327 1039 371 1070 et
393 1037 520 1084 urget
543 1028 670 1069 Cato.
705 1028 822 1074 Quid
848 1028 1010 1069 multa?
1033 1042 1194 1078 vereor,
1216 1041 1269 1067 ne
1291 1026 1402 1076 haec,
1425 1027 1625 1083 neglecta

169 1086 197 1126 a
219 1087 359 1136 bonis,
381 1086 558 1127 defensa
589 1087 642 1126 ab
667 1086 893 1140 improbis,
916 1088 956 1116 50
973 1099 1230 1141 magnorum
1260 1084 1510 1140 reipublicae
1534 1099 1623 1124 ma-

171 1144 311 1185 lorum
343 1159 472 1185 causa
503 1144 602 1183 sint.
662 1141 835 1183 5¹Tuus
867 1152 1009 1184 autem
1045 1142 1114 1183 ille
1145 1141 1324 1192 amicus,
1347 1141 1471 1193 (scin’
1494 1156 1621 1197 quem

171 1201 314 1243 dicam
334 1203 365 1252 ?)
387 1201 440 1241 de
462 1215 548 1256 quo
572 1210 616 1240 tu
640 1199 693 1240 ad
725 1214 794 1241 me
826 1201 1051 1257 scripsisti,
1075 1209 1358 1256 posteaquam
1384 1213 1468 1239 non
1491 1200 1622 1239 aude-

171 1268 237 1300 ret
269 1257 594 1314 reprehendere,
616 1256 790 1299 laudare
820 1258 1023 1314 coepisse,
1046 1272 1138 1308 ηοε,
1165 1266 1212 1297 ut
1243 1256 1448 1307 ostendit,
1476 1257 1624 1297 admo-

176 1316 278 1357 dum
321 1315 480 1370 diligit,
523 1313 814 1370 amplectitur,
857 1325 988 1366 amat‚
1028 1326 1175 1371 aperte
1217 1313 1394 1365 laudat3
1439 1314 1623 1367 occulte,

171 1373 243 1414 sed
278 1373 351 1424 ita,
375 1381 423 1413 ut
454 1373 731 1428 perspicuum
765 1374 834 1424 sit,
858 1373 1038 1414 invidet.
1071 1372 1181 1413 nihil
1211 1386 1350 1422 come,
1382 1371 1491 1412 nihil
1523 1372 1625 1412 sim-

170 1430 287 1487 plex,
323 1429 432 1471 nihil
472 1433 498 1469 ἐν
531 1437 597 1475 τοῖς
632 1437 815 1475 πολιτικοῖς
857 1430 1104 1481 honestum,
1143 1429 1252 1470 nihil
1294 1429 1472 1480 illustre,
1513 1429 1617 1470 nihil

172 1487 299 1539 forte,
336 1487 444 1528 nihil
479 1486 678 1527 liberum.
740 1487 824 1528 Sed
858 1487 954 1529 haec
987 1488 1039 1530 ad
1080 1497 1122 1528 te
1155 1487 1340 1528 scribam
1380 1487 1483 1528 alias
1521 1488 1621 1527 snb-

169 1545 301 1586 tilius.
325 1560 423 1586 nam
457 1558 596 1600 neque
618 1543 760 1585 adhuc
790 1545 897 1587 mihi
920 1547 1022 1586 satis
1045 1554 1150 1586 nota
1172 1553 1296 1586 sunt:
1330 1554 1372 1585 et
1398 1545 1512 1595 huic,
1537 1554 1622 1585 ter-

172 1617 232 1645 rae
264 1602 369 1653 filio,
392 1601 539 1643 nescio
570 1601 656 1653 cui,
684 1603 958 1644 committere
989 1602 1217 1660 epistolam
1252 1602 1382 1642 tantis
1414 1603 1467 1643 de
1499 1603 1624 1643 rebus

172 1675 256 1701 non
281 1661 434 1701 audeo.
497 1658 750 1700 Provincias
783 1671 990 1716 praetores
1021 1660 1213 1701 nondum
1249 1660 1388 1700 sortiti
1422 1669 1535 1700 sunt.
1561 1674 1625 1700 res

169 1718 320 1759 eodem
346 1727 411 1758 est
432 1716 532 1768 loci,
555 1731 641 1772 quo
664 1716 889 1772 reliquisti.
912 1722 1120 1764 voxofleo-lav,
1143 1732 1272 1773 quam
1301 1717 1506 1773 postulas,
1532 1716 1621 1757 Mi-

174 1775 263 1816 seni
296 1784 339 1816 et
373 1774 670 1825 Puteolorum,
702 1775 976 1817 52includam
1007 1775 1191 1816 orationi
1226 1789 1349 1816 meae.
1410 1774 1465 1816 A.
1495 1775 1536 1815 d.
1563 1789 1622 1815 111

172 1833 291 1874 Non.
332 1830 544 1874 Decemb.
584 1834 623 1863 53
639 1831 843 1874 mendose
881 1833 1013 1874 fuisse
1045 1832 1448 1874 animadverteram.
1512 1833 1624 1879 Qua:

170 1890 318 1931 laudas
349 1904 404 1931 ex
437 1889 723 1940 orationibus,
755 1891 862 1931 mihi
896 1890 1037 1940 crede,
1061 1890 1183 1931 valde
1219 1890 1326 1931 mihi
1364 1890 1623 1945 placebant:

171 1948 245 1988 sed
277 1961 362 1988 non
395 1947 608 1988 audebam
640 1956 767 1988 autea
799 1949 955 1990 dicere.
987 1962 1104 1988 nunc
1131 1962 1244 1999 vero,
1267 1948 1383 2002 quod
1415 1963 1439 1988 a
1463 1958 1504 1987 te
1529 1962 1626 2003 pro-

172 2004 275 2045 bata
296 2013 410 2056 sunt,
433 2005 570 2045 multo
601 2004 708 2044 mihi
741 2009 947 2061 ἀττικώτεςαι
970 2005 1184 2047 videntur.
1249 2005 1300 2045 ln
1323 2005 1438 2045 illam
1466 2006 1625 2045 oratio·

173 2076 273 2103 nem
297 2061 570 2103 Metellinam
602 2062 748 2103 addidi
771 2063 986 2117 quaedam.
1009 2063 1119 2104 liber
1150 2063 1231 2104 tibi
1265 2063 1487 2114 mittetur3
1519 2077 1626 2117 quo-

171 2119 288 2160 niam
314 2127 355 2160 te
378 2134 499 2161 amor
527 2119 662 2160 nostri
694 2124 894 2176 φιλοξῆτοςαι
924 2121 1127 2162 reddidit.
1189 2123 1231 2152 54
1246 2120 1363 2161 Novi
1397 2121 1478 2161 tibi
1501 2121 1626 2175 quid-

212 2295 253 2324 48
275 2303 316 2324 ne
331 2294 402 2330 hoc,
419 2292 505 2333 quod
517 2291 678 2332 infectum
700 2292 760 2332 est]
785 2293 876 2324 Alias

170 2335 251 2367 dicit
275 2337 404 2373 Cicero,
429 2345 470 2365 ne
493 2336 648 2374 contagio
670 2343 780 2375 serpat
802 2336 875 2366 lon-

918 2293 1092 2334 telligunt.

963 2339 1003 2368 5⁶2
1032 2337 1203 2367 includam
1235 2337 1375 2367 orationi
1407 2336 1498 2377 meoe]
1537 2337 1622 2368 Cui?

170 2379 263 2418 gius:
287 2377 344 2409 sed
373 2378 437 2408 hoc
465 2377 539 2408 loco
567 2379 726 2418 expressit
755 2378 876 2409 vitium

169 2430 247 2452 cum
262 2421 426 2461 subjecto.

212 2466 255 2498 49
271 2467 384 2503 postea
406 2473 475 2494 rem
491 2473 531 2494 ex
546 2463 574 2494 S
579 2463 634 2494 Clo
647 2463 693 2493 ad
708 2462 878 2503 pontifices

171 2506 332 2545 relatam]
360 2505 532 2547 Proprium
557 2507 592 2536 in
607 2505 668 2536 hac
691 2516 725 2536 re
740 2507 877 2535 verbum

170 2554 244 2579 erat
273 2549 442 2579 delatam:
471 2554 505 2579 et
535 2549 581 2579 sic
609 2548 738 2578 videtur
764 2547 878 2587 legen-

171 2589 262 2621 dum.
279 2601 356 2621 nam
377 2590 447 2620 haec
469 2591 534 2621 duo
551 2590 648 2621 verba
669 2600 755 2632 saepe
778 2590 812 2620 in
836 2590 875 2620 li-

169 2632 236 2663 bris
253 2638 498 2673 permutantur.

213 2677 254 2706 50
277 2685 322 2705 m.
352 2685 397 2706 m.
428 2685 529 2706 eausa
563 2675 644 2715 sint]
686 2676 762 2707 Sint
796 2686 873 2706 eum

171 2717 302 2748 Graevio
330 2717 479 2748 dedimus
509 2728 569 2759 pro
590 2721 645 2757 sit,
668 2718 755 2758 quod
781 2723 816 2749 et
838 2718 874 2748 in

170 2758 252 2790 Mss.
269 2761 442 2800 reperitur.

214 2803 251 2831 51
279 2802 372 2833 Tuus
396 2807 510 2834 autem
538 2804 594 2834 ille
619 2804 760 2844 amicus]
788 2804 877 2835 Hor-

169 2843 315 2875 tensium
344 2844 503 2884 intelligit
531 2846 728 2877 Tunstallus
757 2856 793 2887 p.
822 2846 875 2877 36.

171 2886 295 2916 rectius
318 2896 416 2925 quam
441 2888 510 2924 alii,
528 2889 583 2927 qui
609 2889 802 2930 Pompeium
824 2889 876 2920 in-

233 2941 343 2970 VOL.
370 2943 448 2972 111.
475 2945 516 2971 P.
542 2944 598 2972 11.

920 2379 1150 2411 Catilinariam
1166 2379 1309 2418 aliquam
1326 2379 1532 2419 intelligunt,
1549 2382 1627 2419 quia

919 2421 1030 2452 Nonae
1058 2422 1257 2452 Decembres
1285 2423 1399 2453 statim
1423 2432 1625 2452 commemo·

921 2469 1049 2495 rantur.
1066 2474 1131 2494 non
1146 2464 1255 2494 credo.
1272 2464 1438 2504 intelligo:
1457 2465 1499 2501 ei,
1515 2465 1547 2494 in
1561 2474 1626 2503 qua

919 2510 958 2536 tu
975 2508 1092 2538 vitium
1110 2507 1288 2540 ‘roa-oswius
1313 2507 1575 2539 animadvertisti
1591 2512 1625 2537 ct

921 2549 960 2579 de
975 2560 1014 2580 eo
1032 2550 1206 2581 monuisti.

962 2594 1001 2623 53
1025 2593 1172 2623 mendose
1181 2591 1218 2631 s.
1234 2592 1553 2631 (animadvertermnj
1579 2601 1623 2622 se.

917 2639 996 2664 ante
1010 2645 1108 2674 quam
1125 2640 1162 2666 tu
1180 2645 1232 2665 me
1249 2636 1419 2666 monuisti.

961 2679 1002 2707 54
1039 2677 1128 2708 lVovz'
1163 2678 1220 2707 tibi
1255 2679 1415 2718 quidnam
1451 2677 1591 2707 scribam
1607 2677 1623 2706 ?

916 2720 1024 2758 qnid?
1046 2720 1174 2759 etiam]
1198 2720 1275 2750 Non
1291 2720 1446 2750 convenit
1463 2720 1504 2758 τῷ
1524 2720 1626 2749 etiam

919 2761 977 2792 illa
993 2762 1212 2802 interrogatio
1228 2763 1385 2803 quidnam
1395 2763 1411 2790 ‚2
1425 2762 1504 2801 quad
1515 2763 1531 2790 !
1547 2771 1624 2791 nam

918 2805 1020 2835 eham
1042 2805 1143 2835 habet
1157 2807 1224 2835 vim
1248 2804 1466 2840 adfirmandi3
1491 2804 1543 2834 eui
1567 2803 1625 2834 illa

920 2845 1140 2886 interrogatio
1170 2856 1236 2877 non
1261 2847 1435 2877 convenit:
1461 2846 1529 2882 sed,
1553 2848 1625 2877 novi

921 2889 979 2920 tibi
1001 2890 1079 2930 quid
1101 2888 1152 2920 vel
1175 2889 1304 2928 aliquid
1321 2888 1464 2920 scribam
1477 2890 1493 2919 ‚1³
1516 2889 1625 2929 itaque

864 2944 946 2987 Gg
