1940 3231
731 139 938 180 LIBER
969 139 1017 178 V.
1510 145 1589 188 577

140 254 285 296 scunt,
319 244 458 287 nullos
493 244 676 288 honores
713 245 836 296 mihi,
869 244 952 285 nisi
981 242 1227 294 verborum,
1259 242 1432 285 decerni
1467 245 1587 289 sino:

146 311 325 354 statuas,
347 302 460 355 fana,
482 307 655 359 τέθριππα
677 301 914 358 prohibeo:
947 314 1027 342 nec
1050 314 1142 344 sum
1164 300 1207 340 in
1231 299 1316 340 ulla
1333 315 1378 341 re
1396 301 1479 342 alia
1497 317 1590 344 mo-

144 358 276 401 lestus
297 360 576 411 civitatibus;
606 359 678 400 sed
713 357 894 400 fortasse
927 358 1024 409 tibi,
1046 357 1120 413 qui
1154 356 1251 398 haec
1281 358 1514 413 praedicem
1536 361 1589 402 de

144 429 230 457 me.
265 417 419 474 perfer,
452 417 486 457 si
520 430 588 457 nie
616 431 747 458 amas.
780 426 826 457 tu
859 416 973 456 enim
1003 429 1072 456 me
1105 414 1201 456 haec
1234 413 1376 455 facere
1399 415 1587 457 voluisti.

141 471 232 515 Iter
253 475 386 531 igitur
414 474 475 514 ita
512 487 587 528 per
621 472 772 514 Asiam
805 473 906 526 feci,
939 481 988 514 ut
1019 472 1151 514 etiam
1185 471 1336 523 fames,
1370 487 1455 528 qua
1476 473 1585 514 nihil

145 532 342 572 miserius
362 540 441 580 est,
462 545 558 585 quae
596 540 686 572 tum
708 540 800 572 erat
829 531 873 572 in
903 530 986 572 hac
1018 544 1114 571 mea
1134 529 1254 580 Asia,
1275 531 1444 583 (messis
1472 531 1588 571 enim

142 588 261 629 nulla
291 588 464 638 fuerat‚)
506 587 610 628 mihi
650 588 843 645 optanda
877 587 1022 629 fuerit.
1060 601 1334 643 quacumque
1367 587 1449 629 iter
1487 587 1588 638 feci,

142 645 260 686 nulla
290 645 349 695 vi,
378 644 495 685 nullo
517 645 703 700 judicio,
733 645 848 687 nulla
873 645 1151 697 contumelia,
1171 644 1431 686 auctoritate
1447 655 1492 686 et
1513 660 1586 686 co-

142 702 387 743 hortatione
420 701 597 758 perfeci,
622 713 669 744 ut
696 712 740 745 et
763 703 926 753 Graeci,
948 713 992 743 et
1016 703 1131 744 cives
1155 701 1360 752 Romani,
1394 703 1467 758 qui
1497 702 1586 743 fru-

141 768 334 800 mentum
356 771 714 815 compresserant,
736 774 943 817 magnum
968 774 1194 801 numerum
1218 759 1389 816 populis
1409 759 1585 817 pollice-

141 826 301 857 rentur.
353 816 504 858 Idibus
528 817 788 870 Februariis,
810 833 896 873 quo
919 817 988 858 die
1015 817 1091 858 has
1120 817 1283 859 litteras
1306 817 1419 868 dedi,
1443 817 1584 859 forum

140 873 411 915 institueram
445 889 572 931 agere
607 875 833 918 Laodiceae
856 875 1157 931 Cibyraticum
1186 883 1229 915 et
1261 873 1508 931 Apamense
1528 889 1584 916 ex

144 929 295 972 Idibus
318 931 455 973 Mart.
479 932 640 974 ibidem
665 933 959 989 Synnadense,
991 932 1314 988 Pamphylium,
1333 936 1447 984 (tum
1471 932 1586 973 Phe-

138 988 228 1030 mio
251 989 479 1044 dispiciam
504 992 542 1023 57
555 990 649 1042 κὲςας
670 990 882 1041 Aonium)
915 988 1180 1031 Isauricum:
1211 1003 1266 1029 ex
1297 988 1448 1031 Idibus
1472 989 1585 1031 Mai.

139 1046 183 1086 in
208 1046 423 1097 Ciliciam,
452 1056 497 1087 ut
531 1047 592 1088 ibi
625 1046 784 1089 Junius
816 1056 1110 1088 consumatur.
1138 1046 1268 1087 velim
1300 1048 1529 1102 tranquille
1558 1063 1584 1089 a

140 1102 330 1144 Parthis.
392 1104 617 1154 Quintilis,
651 1105 685 1146 si
715 1105 812 1156 erit,
843 1114 892 1145 ut
922 1105 1135 1154 volumus,
1163 1104 1205 1144 in
1230 1103 1382 1144 itinere
1403 1114 1483 1157 est,
1507 1113 1622 1161 perb.

140 1161 409 1216 provinciam
435 1162 726 1214 redeuntibus,
758 1161 1093 1203 consumendus.
1125 1161 1322 1202 venimus
1348 1161 1461 1202 enim
1484 1163 1584 1203 58in

138 1219 425 1273 provinciam,
463 1219 735 1272 Laodiceam,
769 1218 966 1275 Sulpicio
1000 1228 1044 1260 et
1078 1217 1289 1260 Marcello
1320 1219 1588 1270 consulibus,

140 1276 281 1330 pridie
323 1275 420 1317 Kal.
456 1276 656 1318 Sextiles.
689 1277 789 1318 inde
826 1291 904 1318 nos
937 1286 1110 1333 oportet
1143 1275 1349 1317 decedere
1370 1291 1409 1317 a.
1431 1275 1474 1317 d.
1498 1292 1584 1319 1111

144 1332 244 1374 Kal.
268 1333 389 1374 Sext.
432 1332 625 1375 Primum
650 1334 910 1376 contendam
933 1349 958 1375 a
981 1334 1150 1380 Quinto
1172 1332 1318 1386 fratre,
1339 1343 1388 1374 ut
1410 1348 1454 1375 se
1475 1349 1587 1391 prae-

141 1390 213 1431 fici
253 1391 465 1446 patiatur:
499 1391 664 1447 59quod
693 1401 737 1433 et
775 1391 848 1433 illo
882 1403 926 1433 et
958 1406 1027 1432 me
1057 1391 1318 1433 invitissimo
1343 1391 1433 1432 fiet.
1454 1392 1496 1422 60
1513 1392 1588 1435 sed.

139 1447 263 1489 aliter
285 1448 464 1489 honeste
491 1449 583 1490 fieri
616 1464 701 1491 non
734 1458 892 1505 potest,
923 1449 1162 1505 praesertim
1185 1463 1284 1490 cum
1307 1448 1446 1490 virum
1470 1450 1587 1505 opti-

141 1518 277 1556 mum,
309 1506 578 1557 Pomtinum,
612 1521 666 1547 ne
701 1521 816 1548 nunc
846 1507 1021 1561 quidem
1052 1506 1235 1548 retinere
1267 1506 1444 1561 possim.
1473 1507 1588 1564 rapit

140 1562 255 1603 enin]
294 1563 512 1604 hominem
550 1563 800 1605 Postumius
826 1564 1030 1616 Romam,
1053 1563 1234 1605 fortasse
1262 1563 1393 1604 etiarn
1431 1563 1588 1605 Postu-

140 1619 242 1660 mia.
292 1620 441 1661 Habes
464 1621 645 1662 consilia
666 1632 826 1663 nostra.
850 1636 967 1664 nunc
988 1635 1205 1678 cognosce
1226 1619 1279 1661 de
1301 1620 1457 1663 Bruto.
1506 1622 1587 1663 Fa-

134 1677 324 1719 miliares
359 1678 490 1719 habet
522 1679 683 1720 Brutus
714 1690 812 1720 tuus
835 1679 1045 1734 quosdam
1069 1678 1304 1720 creditores
1327 1678 1585 1720 Salaminio—

137 1748 232 1775 rum
266 1750 320 1776 ex
357 1736 520 1793 Cypr0‚
556 1735 624 1777 Μ.
659 1736 882 1793 Scaptium
906 1746 949 1778 et
974 1737 1024 1778 P.
1049 1735 1314 1787 Matinium3
1346 1751 1454 1791 quos
1476 1737 1586 1778 mihi

137 1793 347 1848 majorem
389 1795 432 1835 in
466 1794 643 1835 modum
676 1794 1013 1836 commendavit.
1075 1793 1315 1835 Matinium
1346 1807 1432 1835 non
1468 1795 1587 1838 novi.

138 1849 343 1906 Scaptius
377 1851 428 1892 ad
462 1866 532 1892 me
569 1852 611 1892 in
642 1862 783 1893 castra
813 1851 945 1893 venit.
976 1850 1196 1908 pollicitus
1218 1865 1311 1892 sum
1335 1861 1584 1893 curaturum

138 1920 223 1958 me,
254 1908 379 1949 Bruti
403 1924 546 1960 causa,
581 1921 630 1950 ut
664 1910 702 1950 ei
738 1909 960 1950 Salaminii
987 1908 1216 1966 pecuniam
1240 1908 1468 1951 solverent.
1490 1909 1584 1965 egit.

138 1965 313 2019 gratias.
335 1966 635 2022 praefecturam
659 1967 829 2023 petivit.
848 1969 1001 2023 negavi
1025 1980 1094 2007 me
1116 1966 1315 2021 cuiquam
1340 1967 1582 2023 negotianti

137 2022 263 2064 dare:
295 2024 410 2077 quod
438 2024 552 2065 idem
584 2025 661 2066 tibi
686 2025 972 2066 ostenderam.
1020 2025 1057 2055 61
1075 2023 1158 2065 Cn.
1182 2023 1395 2079 Pompeio
1418 2024 1583 2079 petenti

138 2080 366 2133 probaram
403 2082 651 2122 institutum
688 2097 859 2124 meum:
897 2082 1001 2138 quid
1037 2081 1209 2123 dicam?
1250 2080 1488 2136 Torquato,
1530 2082 1583 2123 de

136 2135 206 2177 M.
233 2136 368 2179 Lenio
401 2146 490 2190 tuo,
513 2138 658 2179 multis
684 2139 792 2181 aliis.
822 2140 855 2180 si
887 2139 1119 2196 praefectus
1144 2138 1270 2180 vellet
1290 2153 1382 2179 esse
1401 2153 1581 2196 syngra-

127 2192 236 2250 -phae
259 2210 402 2247 causa,
423 2210 493 2237 me
515 2205 778 2248 curaturum,
801 2207 848 2238 ut
869 2198 1079 2253 exigeret.
1103 2196 1262 2253 gratias
1281 2196 1397 2253 egit:
1421 2197 1581 2238 disces-

134 2251 206 2295 sit.
266 2251 438 2310 Appius
470 2264 617 2296 noster
651 2263 810 2296 turmas
840 2255 1006 2310 aliquot
1039 2255 1236 2311 equitum
1265 2254 1441 2296 dederat
1477 2254 1580 2299 huic

177 2418 215 2451 57
252 2416 339 2459 κέρας
367 2417 526 2457 Aonium]
574 2419 680 2459 Supra
707 2418 834 2449 dixerat
921 2421 961 2452 59
983 2418 1068 2458 quod
1080 2422 1111 2449 et
1125 2418 1182 2448 illo
1195 2421 1226 2448 et
1240 2426 1290 2447 me
1304 2416 1386 2458 i.f.]
1420 2417 1483 2449 Hic
1498 2428 1578 2459 quo-

132 2462 267 2490 tantum
284 2460 381 2502 κέρας.
403 2470 432 2490 v.
450 2459 540 2491 clav.
556 2460 609 2491 hic
633 2460 722 2492 addit
738 2462 835 2492 Aoni-
878 2470 941 2500 que
956 2467 1037 2501 puto
1052 2471 1112 2501 pro
1132 2462 1189 2490 illo
1202 2459 1378 2499 legendum
1401 2462 1478 2500 ipso.
1495 2461 1579 2495 ratio

132 2510 205 2538 um,
218 2504 393 2532 musicum.
880 2504 925 2533 rei
949 2508 1011 2541 est,
1034 2503 1123 2542 quod
1150 2513 1188 2533 ea
1212 2511 1262 2532 res
1292 2503 1448 2533 invidiam
1472 2504 1579 2535 faeere

177 2546 216 2575 58
234 2545 268 2574 in
278 2545 498 2584 provinciam,
516 2544 728 2586 Laodiceam]
749 2546 835 2577 Lao·
878 2546 992 2584 utique
1008 2550 1158 2586 poterat:
1183 2545 1275 2584 quasi
1291 2546 1464 2586 praefectus
1478 2551 1576 2586 esset,

134 2585 259 2617 diceam
283 2589 467 2627 suspicatus
495 2597 567 2617 suin
597 2588 742 2619 additam
765 2598 835 2619 csse
880 2589 956 2627 quia
971 2588 1073 2618 frater
1088 2593 1184 2618 esset.

133 2637 153 2657 e
174 2630 393 2668 superioribus
415 2639 472 2669 per
491 2635 606 2659 notam
631 2631 833 2669 glossatoris,
919 2631 961 2660 60
982 2631 1039 2661 sed
1063 2632 1162 2661 aliter
1189 2632 1316 2660 honeste
1326 2628 1363 2669 f.
1385 2639 1420 2660 u.
1443 2631 1499 2670 p.]
1531 2640 1576 2663 sc.

125 2669 190 2699 ubi
209 2671 399 2702 Laodiceam
417 2673 556 2711 primam
573 2673 685 2702 urbe-m
703 2675 834 2714 proxin-
879 2673 956 2711 quia
985 2673 1087 2703 alium
1117 2682 1183 2703 non
1210 2673 1367 2710 habebat,
1398 2682 1493 2710 quem
1521 2680 1575 2702 tu-

136 2712 196 2741 ciae
211 2722 244 2742 se
264 2714 445 2753 ingressum
468 2714 561 2744 dixit.
583 2715 659 2745 alibi
675 2716 832 2756 simplici·
877 2720 913 2745 to
950 2716 1116 2755 praeficere
1146 2720 1256 2756 posset
1291 2725 1367 2745 cum
1405 2716 1576 2747 Pomtinus

133 2757 186 2784 ter
196 2757 399 2793 provinciam
417 2763 598 2787 memorat:
615 2763 648 2788 et
664 2758 711 2788 ita
726 2760 833 2798 aptius
878 2757 995 2788 nollet.

133 2800 186 2827 est
198 2805 346 2835 sequens,
360 2800 433 2828 inde
446 2808 504 2829 nos
517 2805 648 2839 oportet
662 2800 832 2832 decedere:
921 2801 959 2830 61
991 2800 1048 2831 Cn.
1072 2799 1117 2831 P.
1135 2800 1274 2840 petenti]
1298 2800 1363 2831 Pro
1387 2799 1496 2838 aliquo
1519 2810 1575 2831 ne·

136 2848 204 2870 non
221 2841 352 2878 praecise
365 2851 403 2870 ex
418 2842 498 2871 urbe
514 2841 685 2873 Laodicea.
701 2843 757 2874 sed
770 2844 835 2874 for-
878 2843 1056 2882 gotiatore,
1072 2849 1111 2874 ut
1126 2844 1155 2874 ei
1169 2843 1292 2875 darem.

138 2885 225 2913 tasse
241 2883 386 2920 argutati
401 2892 513 2913 sumus
528 2884 709 2918 interdum.

196 2938 303 2965 vot..
329 2938 406 2966 111.
430 2939 469 2968 Ρ.
496 2940 552 2968 11.
826 2942 851 2968 P
875 2943 905 2984 p
