1940 3231
660 142 870 184 LIBER
908 142 996 181 VII.
1471 153 1548 189 633

109 245 150 285 53
163 251 309 295 attulit
337 250 540 293 mandata
569 249 622 291 ad
644 247 855 299 consules,
886 255 935 288 ut
964 247 1152 289 Romam
1177 249 1389 302 venirent,
1419 267 1552 309 pecu-

108 311 226 352 niam
248 310 300 351 de
323 309 534 351 sanctiore
557 306 706 348 aerario
730 304 963 357 auferrent,
990 306 1134 346 statim
1159 306 1329 347 exirent
1352 309 1457 350 urbe
1489 327 1555 353 re·-

111 368 229 409 licta.
262 368 460 408 redeant:
491 378 576 420 quo
613 361 848 417 praesidio?
880 362 1034 404 deinde
1070 374 1255 404 exeant:
1286 365 1381 419 quis
1414 367 1555 410 sinat?

114 425 278 467 Consul
297 425 335 466 ei
357 420 587 477 rescripsit,
613 428 659 460 nt
683 419 797 474 prius
829 419 921 476 ipse
951 420 996 461 in
1029 419 1256 461 Picenum.
1288 430 1333 462 at
1365 421 1467 463 illud
1492 433 1558 465 to-

113 493 206 524 tum
228 492 318 523 erat
339 479 564 521 amissum:
599 477 762 518 sciebat
783 491 911 518 nemo
933 486 1092 534 praeter
1115 492 1184 518 me
1205 492 1260 518 ex
1288 478 1441 520 litteris
1467 479 1558 521 Do-

111 539 292 581 labellae.
315 536 421 578 mihi
440 534 622 576 dubium
644 549 730 575 non
753 545 858 586 erat,
881 537 921 565 54
937 535 1041 591 quin
1073 535 1143 576 ille
1171 534 1265 591 jam
1291 536 1472 592 jamque
1495 537 1560 579 fo-

112 606 180 638 ret
199 596 239 636 in
262 593 444 649 Apulia:
479 591 638 634 Cnaeus
660 600 806 633 noster
827 592 871 633 in
891 593 1006 634 navi.
1029 607 1111 648 ego
1135 593 1237 648 quid
1260 608 1403 651 agam,
1423 597 1561 648 σκέμμα

115 665 346 708 magnum:
380 664 519 704 neque
550 649 793 691 mehercule
815 649 921 690 mihi
945 650 1119 706 quidem
1142 650 1291 703 ullum,
1314 651 1395 692 nisi
1416 651 1562 692 omnia

114 717 256 751 essent
286 716 384 748 acta
406 707 668 763 turpissime,
699 721 838 762 neque
869 721 950 763 ego
977 707 1100 748 ullius
1126 708 1295 750 consilii
1329 709 1562 766 particeps.

115 766 187 807 sed
211 774 370 816 tamen,
392 764 508 820 quod
531 779 600 805 me
622 764 786 805 deceat.
810 765 901 820 ipse
934 779 1000 806 me
1024 764 1172 806 Caesar
1203 766 1256 807 ad
1288 781 1438 823 pacem
1462 767 1564 807 hor-

116 833 245 865 tatur.
269 822 340 863 sed
365 822 628 878 antiquiores
654 821 824 873 litterae,
847 837 975 877 quam
1000 837 1120 863 ruere
1138 824 1292 880 coepit.
1357 823 1562 865 Dolabel-

115 880 176 931 la,
197 879 379 931 Coelius,
399 894 468 920 me
490 879 550 920 illi
573 879 695 920 valde
718 878 978 921 satisfacere.
1003 880 1110 920 mira
1132 894 1200 920 me
1230 884 1355 937 Semela
1377 889 1564 937 torquet.

110 937 222 994 juva
242 951 311 977 me
341 937 539 988 consilio,
562 937 596 977 si
631 946 777 992 potes:
810 946 854 977 et
884 946 1028 978 tamen
1062 937 1158 988 ista,
1186 948 1394 993 quantum
1426 948 1566 995 potes,

119 994 314 1050 provide.
336 993 448 1035 nihil
468 994 625 1046 habeo,
648 1004 768 1035 tanta
791 1008 931 1035 rerum
962 996 1302 1051 perturbatione,
1324 997 1442 1051 quod
1463 997 1567 1039 scri·

119 1053 236 1094 bam.
259 1061 354 1093 tuas
375 1052 539 1093 litteras
561 1060 783 1108 exspecto.

555 1135 791 1178 CICERO
821 1134 1052 1177 ATTICO
1085 1136 1129 1177 S.
1575 1156 1631 1192 22

122 1193 352 1247 PEDEM
385 1205 428 1246 in
463 1203 591 1246 Italia
621 1204 748 1245 video
783 1203 946 1245 nullum
979 1218 1085 1255 esse,
1122 1204 1194 1260 qui
1235 1218 1322 1246 non
1361 1205 1405 1246 in
1444 1206 1566 1248 istius

123 1273 340 1319 potestate
378 1262 447 1303 sit.
510 1261 578 1303 De
614 1261 824 1317 Pompeio
866 1261 955 1303 scio
995 1261 1129 1314 nihil3
1164 1277 1365 1317 eumque,
1404 1263 1486 1304 nisi
1523 1265 1568 1305 in

124 1320 268 1361 navim
303 1335 346 1361 se
378 1319 626 1370 contulerit,
648 1327 882 1374 exceptum
917 1319 967 1359 iri
1004 1330 1125 1375 puto.
1157 1335 1182 1361 o
1206 1320 1469 1362 celeritatem
1504 1321 1571 1361 in-

122 1377 397 1419 credibilem!
430 1376 559 1431 hujus
582 1386 723 1417 autem
749 1377 908 1418 nostri!
935 1377 1007 1417 sed
1032 1392 1117 1417 non
1141 1392 1314 1433 possum
1337 1378 1428 1419 sine
1450 1379 1571 1420 dolo-

123 1450 168 1476 re
192 1449 390 1477 accusare
412 1448 525 1485 eum,
548 1434 601 1475 de
623 1448 708 1489 quo
732 1448 869 1489 angor
890 1441 933 1473 et
955 1436 1138 1476 crucior.
1199 1434 1265 1475 Tu
1288 1436 1451 1476 caedem
1483 1450 1573 1477 non

123 1493 215 1533 siue
246 1508 375 1534 causa
398 1492 547 1533 times:
582 1506 668 1532 non
699 1505 784 1545 quo
810 1491 950 1531 minus
982 1492 1218 1547 quidquam
1243 1492 1405 1534 Caesari
1439 1508 1575 1549 expe-

125 1550 217 1591 diat
247 1551 299 1591 ad
322 1549 652 1589 diuturnitatem
688 1549 879 1589 victoriae
903 1557 946 1588 et
967 1549 1302 1592 dominationis:
1337 1551 1407 1592 sed
1434 1552 1575 1602 video,

125 1621 308 1662 quorum
331 1606 510 1647 arbitrio
533 1606 589 1646 sit
609 1614 797 1647 acturus.
829 1614 945 1646 recte
976 1606 1045 1647 sit.
1077 1621 1232 1647 censeo
1255 1606 1493 1649 cedendum
1522 1609 1575 1650 de

128 1664 302 1721 oppidis
333 1663 414 1704 his.
447 1677 555 1719 egeo
578 1663 761 1705 consilii.
794 1663 910 1718 quod
944 1664 1158 1719 optimum
1191 1664 1308 1705 factu
1343 1666 1706 1719 videbitur,p.11e.

128 1721 276 1763 facies.
299 1736 397 1763 cum
431 1720 669 1762 Philotimo
692 1719 898 1776 loquere:
930 1731 1060 1776 atque
1092 1722 1199 1763 adeo
1220 1721 1467 1764 Terentiam
1499 1724 1576 1765 ha-
1589 1729 1619 1749 ²¹·

128 1779 251 1820 bebis
285 1778 450 1820 Idibus.
512 1777 608 1834 Ego
642 1778 744 1834 quid
779 1781 932 1834 agam?
974 1794 1059 1834 qua
1097 1789 1171 1820 aut
1203 1788 1329 1831 terra,
1364 1789 1439 1822 aut
1469 1783 1579 1823 mari

132 1851 362 1893 persequar
392 1850 505 1887 eum,
528 1837 601 1891 qui
638 1836 711 1877 ubi
748 1836 818 1886 sit,
852 1836 1026 1877 nescio?
1063 1837 1142 1877 etsi
1175 1846 1286 1878 terra
1306 1838 1480 1893 quidem
1503 1839 1580 1895 qu'i

131 1909 305 1951 possum
328 1897 341 1936 ?
372 1894 479 1934 mari
503 1909 588 1948 quo
608 1895 621 1934 ?
654 1893 819 1934 tradam
843 1893 976 1949 igitur
1005 1893 1075 1934 isti
1098 1898 1196 1936 me?
1228 1895 1298 1935 fac
1321 1911 1444 1951 posse
1467 1905 1580 1939 tuto.

132 1952 257 1992 multi
292 1952 409 1993 enim
447 1951 689 1992 hortantur.
730 1965 833 1991 num
870 1950 1000 1991 etiam
1040 1951 1250 1993 honeste?
1281 1953 1399 1994 nullo
1435 1955 1581 1996 modo.

134 2009 272 2064 quid?
303 2025 328 2050 a
360 2019 401 2050 te
434 2019 576 2065 petam
608 2008 852 2059 consilium,
885 2018 932 2049 ut
964 2008 1111 2050 soleo?
1143 2009 1350 2065 explicari
1388 2025 1454 2052 res
1493 2027 1582 2053 non

135 2076 294 2121 potest.
327 2067 398 2107 sed
423 2077 581 2116 tamen,
606 2066 639 2107 si
662 2066 766 2122 quid
798 2067 841 2107 in
873 2074 1064 2107 mentem
1088 2067 1221 2119 venit,
1244 2067 1371 2109 velim
1403 2069 1581 2122 scribas,

130 2134 178 2165 et
199 2124 290 2180 ipse
312 2124 413 2179 quid
438 2124 492 2164 sis
517 2134 704 2165 acturus.

570 2207 805 2249 CICERO
837 2206 1066 2250 ATTICO
1098 2209 1143 2251 S.
1591 2229 1645 2267 23

137 2266 396 2328 QUINTO
439 2281 506 2323 Id.
540 2281 645 2323 Feb.
678 2281 841 2338 vesperi
882 2297 906 2322 a
944 2281 1183 2324 Philotimo
1214 2282 1379 2325 litteras
1416 2285 1582 2342 accepi,

140 2339 385 2381 Domitium
409 2340 646 2381 exercitum
675 2339 843 2381 firmum
880 2339 1062 2392 habere3
1094 2339 1294 2382 cohortes
1316 2356 1369 2383 ex
1404 2341 1585 2396 Piceno,

140 2397 390 2438 Lentulo'et
409 2396 599 2438 Thermo
622 2397 895 2447 ducentibus,
920 2412 1019 2438 cum
1053 2397 1239 2439 Domitii
1261 2401 1455 2442 exercitu
1480 2415 1585 2442 con-

132 2454 309 2510 junctas
331 2469 448 2506 esse3
482 2453 698 2496 Caesarem
722 2453 950 2496 intercludi
974 2470 1114 2511 posse,
1136 2470 1321 2511 eumque
1345 2458 1388 2499 id
1409 2458 1585 2511 timere,

143 2514 352 2558 bonorum
383 2513 549 2553 animos
581 2523 794 2554 recreatos
828 2512 998 2563 Romae,
1031 2516 1070 2543 55
1086 2514 1308 2570 improbos
1337 2517 1459 2571 quasi
1489 2531 1585 2573 per-

137 2570 294 2611 culsos.
357 2570 485 2621 Haec,
508 2580 656 2611 metuo
678 2570 894 2625 equidem,
920 2584 972 2610 ne
1004 2570 1089 2612 sint
1122 2571 1314 2615 somnia:
1347 2574 1420 2617 sed
1441 2582 1587 2615 tamen

106 2661 108 2663 ,
139 2625 220 2668 M'.
246 2628 472 2684 Lepidum,
498 2627 546 2668 L.
569 2627 854 2684 Torquatum,
879 2626 930 2668 C.
957 2626 1155 2670 Cassium
1178 2630 1402 2672 tribunum
1432 2631 1584 2688 plebis,

182 2743 221 2771 53
237 2742 351 2772 attulit
365 2741 541 2781 mandata]
567 2752 613 2773 sc.
629 2753 648 2773 a
665 2743 727 2773 Cn.
744 2743 841 2773 Pom·
927 2745 966 2774 55
981 2743 1141 2783 improbos
1154 2754 1184 2785 q.
1193 2745 1374 2785 perculsos]
1398 2744 1587 2776 Praecedens

140 2783 226 2823 peiO.
887 2786 1071 2817 membrum
1109 2788 1264 2818 bonorum
1300 2789 1426 2818 animos
1458 2787 1588 2818 videtur

185 2827 225 2855 54
238 2826 315 2864 quin
330 2826 398 2866 ille]
425 2828 626 2859 Caesare-in
641 2827 778 2867 Apulia,
801 2826 841 2858 ad
885 2828 1051 2868 postulare
1072 2830 1315 2870 improborum:
1339 2836 1376 2860 ut
1395 2834 1429 2860 et
1452 2829 1585 2862 Lambi-

141 2868 398 2907 persequendum
426 2869 726 2909 Pompeium.—-—in
749 2871 840 2910 navi,
886 2879 947 2901 nus
961 2871 1077 2903 sensit.

141 2909 269 2948 fugiens
284 2920 322 2940 ex
338 2911 436 2941 ltalia
452 2911 484 2941 in
500 2912 672 2942 Graeciam.
