1940 3231
731 121 940 165 LIBER
979 121 1052 162 ιη.
1528 125 1606 174 945

141 231 294 275 -lxima
323 238 398 272 tua
426 229 647 280 facultate,
677 228 736 269 mi
767 227 912 277 frater,
935 227 1154 283 cogitaris.
1218 225 1286 267 De
1317 226 1498 282 epistola
1520 228 1607 268 Va-

173 289 286 340 tinii,
308 289 395 330 risi.
427 287 499 328 sed
524 301 591 328 me
613 287 667 327 ab
690 299 741 325 eo
765 285 822 325 ita
845 284 1062 325 observari
1086 285 1260 334 sci0,'ut
1282 284 1375 338 ejus
1399 285 1480 325 ista
1507 285 1607 329 odia

166 359 259 389 non
283 347 479 388 sorbeam
502 343 654 394 solum,
675 342 748 382 sed
770 342 899 383 etiam
918 356 1202 397 concoquam.
1264 340 1392 387 Quod
1418 355 1485 381 me
1507 341 1607 382 lior-

170 403 290 454 tatis,
315 413 362 444 ut
390 401 634 443 absolvam:
667 399 808 440 habeo
841 399 1086 440 absolutum
1121 412 1264 448 suave,
1294 397 1399 438 mihi
1431 398 1606 452 quidem

169 459 235 501 ‚uti
261 459 445 510 videtur,
465 459 538 502 ἔπος
559 457 611 498 ad
637 456 883 498 Caesarem:
916 456 989 497 sed
1019 471 1167 511 quaero
1188 454 1448 510 locupletem
1473 455 1608 496 tabel-

170 516 340 568 larium,
377 530 430 557 ne
465 514 634 555 accidat
669 514 783 569 quod
819 513 1023 569 Erigonae
1060 523 1171 555 tuae:
1204 513 1273 553 cui
1309 511 1402 562 soli,
1435 508 1608 553 Caesare

167 573 443 629 imperatore,
468 571 548 612 iter
569 587 623 612 ex
647 571 787 613 Gallia
812 580 953 612 tutum
974 585 1060 611 non
1084 571 1180 611 fuit.
1217 569 1274 596 *Ἲς
1291 570 1437 616 Quid?
1469 569 1502 609 si
1523 584 1607 609 cae-

167 640 364 675 mentum
389 630 551 670 bonum
569 633 609 664 77
624 643 709 669 non
734 628 931 678 habeam,
963 628 1187 669 deturbem
1206 626 1468 668 aedificium?
1490 627 1607 681 quod

166 688 343 743 quidem
379 686 574 742 quotidie
601 686 705 727 mihi
733 685 868 741 magis
890 685 1056 740 placet:
1089 685 1132 725 in
1165 685 1400 740 primisque
1432 683 1610 726 inferior

168 745 378 800 porticus,
400 754 443 785 et
465 743 557 798 ejus
579 742 800 784 conclavia
824 742 934 783 fiunt
955 750 1085 783 recte.
1121 741 1188 783 De
1212 741 1399 791 Arcam,
1423 740 1614 788 Caesaris

163 815 280 857 opus
308 811 387 851 est,
425 801 492 842 vel
520 799 764 841 mehercule
796 800 926 841 etiam
959 799 1235 855 elegantioris
1267 798 1464 853 alicujus.
1503 799 1611 839 ima-

168 860 293 914 gines
316 859 432 899 enim
454 859 565 908 istae,
585 865 630 898 et
651 857 864 914 palaestra,
886 866 930 897 et
957 857 1136 912 piscina,
1160 866 1203 898 et
1228 857 1352 906 nilus,
1377 856 1611 898 multorum

168 915 510 963 Philotimorum
530 926 610 966 est,
632 929 717 955 non
744 913 1039 969 Diphilorum.
1062 915 1134 955 sed
1153 925 1196 955 et
1213 914 1293 967 ipsi
1314 928 1363 954 ea
1379 913 1611 963 adibimus,

169 984 214 1014 et
235 974 473 1027 mittemus,
495 982 538 1013 et
559 971 875 1013 mandabimus.
938 970 1007 1012 De
1042 969 1196 1012 Felicis
1227 980 1485 1012 testamento
1518 981 1615 1019 tum¹

169 1034 209 1065 78
224 1031 362 1086 magis
394 1044 586 1086 querare,
617 1029 651 1069 si
683 1029 807 1070 scias.
869 1028 989 1075 Quas
1019 1028 1135 1070 enim
1167 1028 1334 1069 tabulas
1366 1041 1409 1068 se
1441 1029 1615 1083 putavit

166 1089 416 1145 obsignare,
437 1087 532 1128 79in
563 1087 722 1142 quibus
752 1086 796 1127 in
820 1085 960 1127 unciis
982 1085 1276 1127 firmissimum
1299 1095 1509 1136 tenuerat,
1531 1084 1612 1138 (la-

167 1159 271 1204 psus
301 1155 367 1187 est
397 1160 473 1202 per
501 1158 689 1186 errorem
719 1152 764 1185 et
794 1157 934 1194 suum,
955 1153 1000 1184 et
1029 1143 1194 1185 Sicurae
1218 1143 1365 1193 servi,)
1384 1157 1473 1183 non
1495 1143 1612 1183 obsi-

170 1203 322 1259 gnavit
341 1220 350 1245 :
381 1218 486 1259 quas
510 1201 663 1252 noluit,
685 1215 756 1242 eas
778 1200 1043 1257 obsignavit.
1073 1201 1156 1239 ἀλλ’
1173 1202 1348 1253 οἱμωζὲτω.
1379 1215 1458 1240 nos
1480 1200 1614 1243 modo

170 1260 402 1302 valeamus.
464 1259 736 1310 Ciceronem,
758 1268 800 1299 et
828 1267 878 1299 ut
911 1270 1053 1314 rogas,
1076 1270 1189 1307 amc,
1212 1267 1255 1297 et
1277 1266 1324 1297 ut
1348 1267 1546 1308 meretur,
1569 1267 1613 1298 et

171 1328 220 1360 ut
237 1318 390 1359 debeo.
452 1317 642 1359 Dimitto
664 1326 808 1358 autem
832 1331 857 1356 a
878 1329 961 1366 me,
983 1325 1024 1355 et
1048 1323 1094 1356 ut
1115 1328 1140 1353 a
1162 1314 1378 1369 magistris
1402 1329 1455 1356 ne
1476 1315 1611 1357 abdu-

169 1390 282 1427 cam,
304 1385 349 1416 et
368 1375 485 1431 quod
507 1384 644 1415 mater
663 1373 910 1429 Pomponia
926 1373 1124 1421 discedit,
1144 1370 1235 1411 sine
1253 1386 1339 1426 qua
1353 1372 1611 1414 edacitatem

169 1433 291 1489 pueri
318 1433 588 1489 pertimesco.
612 1431 685 1472 sed
709 1445 854 1471 sumus
878 1445 962 1471 una
980 1440 1122 1470 tamen
1150 1428 1270 1469 valde
1293 1429 1491 1471 multum.
1525 1429 1611 1470 Re-

166 1490 321 1547 scripsi
345 1490 400 1532 ad
421 1489 581 1540 omnia,
605 1489 666 1530 mi
688 1488 940 1530 suavissime
960 1498 1004 1528 et
1025 1487 1191 1544 optime
1213 1486 1359 1528 frater.

210 1608 249 1640 77
278 1614 343 1635 non
360 1603 513 1644 habeam]
539 1604 592 1633 Sic
615 1601 739 1635 correxi
756 1601 870 1642 vulga·
913 1601 948 1632 in
963 1601 1012 1632 ed.
1026 1601 1176 1638 Jensoni,
1191 1610 1263 1641 quae
1280 1600 1379 1632 habet
1394 1611 1529 1641 que-rar.

167 1654 242 1688 §um
257 1648 422 1683 haberem,
437 1646 514 1686 quia
528 1645 677 1685 sequitur
690 1644 869 1675 deturbem.
956 1648 997 1678 79
1018 1644 1054 1674 in
1075 1644 1190 1684 quibus
1211 1645 1246 1673 in
1261 1645 1366 1674 unciis
1374 1645 1614 1685 firmissimum

211 1692 252 1723 78
275 1689 383 1728 magis
407 1687 560 1728 querare]
586 1687 640 1718 Sic
661 1696 721 1727 pro
736 1687 871 1726 vulgato
914 1686 1080 1726 tenuerat]
1108 1687 1146 1717 ln
1160 1686 1276 1726 quibus
1291 1686 1424 1717 heredes
1438 1686 1562 1717 fecerat
1574 1692 1619 1717 ρι’

165 1741 304 1773 querere
325 1730 387 1770 legi
404 1730 534 1761 volebat
554 1729 662 1760 editor
685 1729 871 1769 Hagiensis.
912 1729 1018 1761 unciis
1043 1728 1194 1769 singulis,
1225 1728 1320 1768 idque
1349 1738 1416 1760 non
1452 1735 1614 1766 mutarat,

166 1784 232 1813 ego
248 1775 281 1804 in
297 1783 331 1804 re
353 1773 529 1803 manifesta
549 1773 596 1803 sic
617 1772 780 1811 corrigere
803 1780 870 1801 non
913 1781 989 1801 cum
1016 1778 1095 1802 ante
1117 1772 1279 1812 scriptum
1301 1776 1540 1804 testamentum
1564 1782 1615 1802 ra-

170 1815 333 1851 dnbitavi.
358 1815 532 1856 vestigium
548 1823 632 1849 γρηῦ
653 1814 805 1850 lectionis
820 1819 871 1847 est
913 1813 1091 1854 pudiasset.

239 2943 348 2972 τοι..
373 2943 451 2972 111.
476 2944 516 2973 ι’.
543 2943 599 2974 11.
851 2935 877 2973 3
902 2938 928 2973 r
