1940 3231
278 153 354 189 526
695 145 881 185 EPIST.
910 144 990 183 AD
1016 144 1300 189 ATTICUM,

279 252 468 296 comitiis
490 250 742 293 centuriatis
773 265 864 292 esse
890 250 1111 307 perlatam.
1145 249 1244 290 inde
1268 251 1324 289 5a
1347 247 1619 290 Brundisinis
1641 249 1720 291 ho-

277 310 533 352 nestissimis
571 316 762 359 ornatus,
800 309 880 349 iter
914 308 974 348 ita
1009 307 1108 358 feci,
1143 318 1191 347 ut
1223 306 1412 361 undique
1445 306 1497 347 ad
1529 321 1597 348 me
1618 321 1729 348 cum>

281 367 570 426 gratulatione
592 367 721 422 legati
746 365 1052 406 convenerint:
1077 363 1129 405 ad
1151 364 1299 405 urbem
1323 363 1382 404 ita
1397 363 1509 413 veni,
1529 374 1574 404 ut
1594 378 1721 404 nemo

281 426 407 467 ullius
431 425 592 466 ordinis
616 424 747 464 homo
772 421 1081 463 nomenclatori
1107 430 1233 462 notus
1256 421 1399 471 fuerit,
1416 421 1489 475 qui
1515 420 1619 461 mihi
1643 421 1723 461 ob-

281 484 397 524 viam
429 497 513 523 non
550 481 727 530 venerit,
767 489 924 534 praeter
958 493 1030 519 eos
1058 478 1272 530 inimicos,
1300 478 1457 533 quibus
1481 478 1555 519 6id
1581 478 1721 533 ipsum

282 555 366 582 non
389 540 535 580 liceret
556 550 629 578 aut
650 536 933 587 dissimulare,
955 545 1030 576 aut
1052 549 1222 590 negare.
1285 535 1398 576 Cum
1426 536 1636 576 venissem
1667 534 1723 576 ad

281 608 452 654 portam
477 596 713 651 Capenam,
747 593 904 649 gradus
935 591 1192 647 templorum
1212 592 1266 633 ab
1289 592 1438 633 infima
1461 593 1584 648 plebe
1605 606 1725 633 com-

259 690 268 698 .
286 656 386 712 pleti
409 662 554 695 erant:
587 667 612 692 a
633 666 718 706 qua
737 651 885 706 plausu
908 650 1098 690 maximo
1117 663 1215 690 cum
1229 660 1341 689 esset
1360 649 1466 690 mihi
1489 649 1724 706 gratulatio

282 711 551 768 significata3
583 708 732 750 similis
766 717 809 749 et
845 707 1087 762 frequentia
1121 702 1164 747 e't
1202 706 1372 762 plausus
1412 721 1478 747 me
1511 722 1645 762 usque
1670 707 1724 748 ad

284 768 550 826 Capitolium
573 765 826 808 celebravit:
862 765 902 805 in
928 764 1123 819 foroque,
1145 774 1189 804 et
1211 764 1254 804 in
1279 763 1372 819 ipso
1401 763 1621 819 Capitolio
1644 764 1725 804 mi-

281 827 414 867 randa
434 824 667 866 multitudo
691 823 796 863 fuit:
825 822 1029 877 postridie
1052 823 1094 861 in
1119 831 1283 870 senatu,
1303 820 1376 875 qul
1398 820 1480 860 fuit
1495 821 1586 862 dies
1606 822 1724 863 Non.

284 884 506 939 Septemb.
541 881 706 921 senatui
731 880 890 934 gratias
923 878 1106 934 cgimuS.
1143 892 1194 918 eo
1232 878 1364 918 biduo
1393 893 1491 918 cum
1515 890 1625 920 esset
1647 893 1723 920 an-

283 956 411 982 nonae
445 953 613 980 summa
644 937 813 987 caritas,
846 949 889 977 et
923 935 1118 977 homines
1149 934 1200 976 ad
1226 934 1441 975 theatrum
1476 936 1632 991 primo,
1652 936 1726 977 de-

283 998 383 1039 inde
406 997 458 1038 ad
482 1006 675 1037 senatum
705 993 1037 1043 concurrissent,
1067 992 1252 1048 impulsu
1278 991 1448 1043 Clodii;
1481 1007 1576 1034 mea
1596 1007 1727 1048 opera

282 1054 488 1096 frumenti
511 1053 703 1109 inopiam
724 1066 816 1092 esse
837 1051 1095 1101 clamarent3
1126 1064 1223 1091 cum
1253 1063 1326 1105 per
1352 1064 1424 1090 eos
1441 1049 1531 1091 dies
1554 1059 1726 1091 senatus

283 1113 336 1154 de
373 1127 545 1153 annona
575 1111 818 1159 haberetur,
851 1117 895 1150 et
927 1108 979 1149 ad
1014 1107 1107 1163 ejus
1142 1108 1489 1163 procurationem
1529 1121 1726 1149 sermone

283 1185 370 1212 non
395 1169 531 1212 solum
558 1168 708 1225 plebis,
732 1181 879 1207 verum
901 1165 1030 1206 etiam
1059 1165 1271 1205 bonorum
1297 1164 1530 1220 Pompeius
1554 1179 1727 1206 vocare-

286 1238 368 1278 tur,
391 1227 519 1283 idque
551 1227 642 1282 ipse
669 1233 870 1280 cuperet3
902 1222 1221 1278 multitudoque
1244 1237 1268 1262 a
1292 1236 1358 1262 me
1381 1222 1655 1272 nominatim,
1678 1232 1726 1264 ut

284 1286 326 1326 id
364 1285 651 1333 decernerem,
695 1281 953 1338 postularet3
1002 1279 1102 1330 feci,
1143 1289 1188 1320 et
1228 1289 1426 1321 accurate
1468 1281 1726 1321 sententiam

283 1342 400 1393 dixi3
432 1357 529 1382 cum
553 1342 752 1381 abessent
772 1338 1032 1388 consulares,
1050 1336 1165 1391 quod
1188 1346 1282 1377 tuto
1305 1351 1348 1377 se
1370 1347 1578 1393 negarent
1603 1352 1726 1393 posse

284 1400 541 1441 sententiam
575 1399 732 1447 dicere,
768 1404 924 1452 praeter
958 1394 1190 1435 Messalam
1218 1405 1262 1435 et
1292 1393 1538 1436 Afranium.
1561 1394 1726 1436 factum

283 1468 349 1498 est
383 1467 554 1497 senatus
577 1455 822 1496 consultum
858 1453 900 1493 in
937 1467 1074 1493 meam
1106 1452 1380 1502 sententiam,
1403 1462 1451 1494 ut
1472 1467 1572 1493 cum
1596 1451 1728 1493 Pom-

284 1515 382 1571 peio
405 1523 617 1570 ageretur,
642 1522 688 1554 ut
709 1526 802 1552 eam
828 1525 914 1551 rein
934 1510 1184 1565 susciperet,
1201 1509 1357 1565 lexque
1379 1509 1580 1551 ferretur:
1606 1513 1724 1564 'lquo

285 1581 457 1613 senatus
492 1570 690 1612 consulto
727 1569 908 1610 recitato
940 1582 1037 1608 cum
1062 1568 1287 1617 continuo,
1318 1581 1435 1607 more
1456 1566 1540 1608 hoc
1563 1567 1726 1608 insulso

284 1639 328 1670 et
365 1644 494 1678 novo,
529 1628 773 1683 8plausum,
811 1640 906 1666 meo
940 1625 1114 1665 nomine
1144 1624 1381 1674 recitando,
1403 1624 1616 1676 dedisset3
1648 1624 1727 1666 ha-

286 1687 358 1727 bui
376 1686 657 1727 concionem:
681 1697 829 1725 omnes
847 1683 1123 1738 magistratus
1148 1691 1395 1737 praesenteS,
1413 1690 1570 1739 praeter
1594 1697 1726 1723 unum

286 1755 531 1801 praetorem,
565 1754 609 1784 et
639 1741 746 1783 duos
776 1740 971 1781 tribunos
1008 1739 1157 1795 plebis,
1180 1739 1404 1780 dederunt.
1429 1739 1637 1795 postridie
1659 1754 1725 1780 se-

286 1812 411 1843 natus
447 1801 661 1856 frequens,
691 1808 735 1840 et
761 1812 909 1839 omncs
932 1796 1175 1838 consulares
1203 1796 1310 1837 nihil
1342 1795 1554 1853 Pompeio
1579 1807 1727 1852 postu·

285 1860 390 1902 lauti
415 1866 641 1914 negarunt.
677 1856 744 1897 ille
780 1855 945 1911 legatos
976 1854 1221 1910 quindecim
1248 1869 1348 1896 cum
1383 1854 1633 1910 postularet,
1657 1868 1724 1895 ine

285 1917 524 1972 principem
561 1911 828 1965 nominavit3
862 1917 939 1953 9et
969 1911 1022 1953 ad
1055 1911 1202 1953 omnia
1235 1926 1303 1952 me
1335 1910 1516 1953 alterum
1550 1926 1595 1952 se
1633 1911 1726 1952 fore

283 1974 411 2016 dixit.
429 1974 568 2030 legem
586 1971 781 2013 consules
803 1970 1166 2025 conscripserunt,
1179 1983 1264 2024 qua
1285 1969 1496 2025 Pompeio
1512 1983 1585 2024 per
1599 1969 1726 2024 quin-

283 2031 519 2087 quennium
543 2029 683 2071 omnis
716 2036 904 2085 potestas
934 2027 994 2067 rei
1017 2026 1309 2068 frumentaria?
1343 2036 1437 2067 toto
1468 2027 1572 2067 orbe
1596 2036 1727 2067 terra-

286 2104 376 2130 rum
401 2089 594 2129 daretur:
627 2087 803 2127 alteram
832 2084 1035 2135 Messius,
1057 2084 1131 2139 qui
1155 2084 1295 2124 omnis
1329 2084 1524 2140 pecuniae
1554 2083 1628 2125 dat
1652 2099 1728 2140 po-

285 2156 500 2195 testatem,
523 2154 567 2186 et
599 2143 801 2200 adjungit
821 2141 1001 2183 classem
1022 2153 1066 2182 et
1086 2141 1342 2192 exercitum,
1365 2153 1409 2182 et
1431 2141 1570 2196 majus
1592 2142 1729 2197 impe-

285 2204 395 2244 rium
417 2204 458 2244 in
484 2201 732 2258 provinciiS,
751 2214 878 2256 quam
900 2199 955 2240 sit
973 2213 1137 2250 eorum,
1155 2199 1227 2254 qui
1249 2213 1320 2240 eas
1339 2199 1580 2240 obtineant.
1607 2201 1644 2229 1⁰
1659 2198 1729 2239 illa

287 2271 433 2302 nostra
453 2261 522 2302 lex
540 2259 774 2301 consularis
793 2272 908 2298 nunc
928 2257 1124 2298 modesta
1147 2256 1328 2307 videtur,
1351 2257 1446 2297 haec
1468 2255 1619 2297 Messii
1641 2270 1727 2297 non

286 2318 475 2360 ferenda.
538 2316 772 2373 Pompeius
802 2314 918 2356 illam
953 2313 1058 2355 velle
1095 2327 1139 2355 se
1177 2314 1299 2365 dicit,
1334 2313 1566 2355 famiiiares
1603 2313 1729 2355 hanc.

330 2448 348 2476 5
371 2455 392 2475 a
408 2444 622 2476 Brundisinis
641 2443 869 2473 honestissimis
888 2451 986 2471 orna-

285 2487 353 2527 tus]
383 2487 455 2517 Hoc
470 2496 602 2516 sensum
618 2485 829 2516 commodum
845 2494 912 2514 non
928 2483 986 2514 ha-

288 2531 355 2560 bet.
400 2529 580 2567 Eleganter
601 2527 810 2559 Guilielmius
833 2526 986 2567 conjicie-

287 2572 344 2603 bat
365 2571 521 2602 excidisse
547 2569 663 2601 SCcis:
685 2579 885 2609 quamquam
909 2568 985 2599 tali-

285 2615 346 2645 bus
369 2614 502 2644 urbibus
520 2613 611 2643 SCta
627 2623 695 2643 non
709 2612 917 2647 tribuuntur,
932 2611 990 2641 sed

285 2656 426 2686 decreta.
451 2655 531 2686 mihi
552 2656 653 2686 etiam
677 2656 712 2685 in
734 2658 880 2684 mentem
897 2654 987 2684 venit

286 2701 460 2730 comitatus
477 2708 534 2738 pro
549 2702 696 2728 ornatus.

329 2742 350 2772 6
371 2741 407 2771 id
433 2740 554 2780 ipsum]
591 2749 636 2769 sc.
665 2749 698 2769 se
726 2739 877 2769 inimicos
905 2747 987 2775 esse,

286 2783 372 2823 quod
388 2794 429 2814 ex
444 2782 552 2823 glossa
566 2783 668 2812 etiam
683 2781 716 2811 in
734 2781 824 2811 libris
841 2780 984 2811 nonnul-

285 2825 325 2856 lis
341 2832 404 2863 est,
421 2831 458 2856 ut
471 2825 543 2855 edd.
561 2825 661 2855 Rom.
677 2824 770 2853 Jens.
788 2824 846 2853 ἃς.

326 2873 344 2903 7
369 2879 430 2909 quo
455 2868 481 2898 S
487 2868 541 2898 Cto
556 2866 706 2905 recitato]
734 2864 821 2896 SCto
834 2866 920 2895 forte
936 2870 986 2894 est

287 2922 306 2943 a
320 2912 428 2954 gloss-‘t
441 2922 449 2941 ε
475 2911 609 2940 recitato
625 2918 671 2940 sc.
686 2908 772 2950 apud
787 2907 958 2949 populum.

1072 2442 1090 2470 8
1111 2438 1478 2481 plausum—dedisset]
1517 2437 1656 2468 Videtur
1684 2438 1736 2468 le-

1028 2482 1171 2522 gendum
1193 2482 1363 2512 dedissent.
1388 2480 1517 2511 videtur
1531 2486 1642 2510 ortum
1659 2481 1731 2510 vul-

1029 2533 1144 2564 gatum
1169 2535 1208 2554 ex
1228 2534 1280 2560 e0,
1303 2522 1391 2563 quod
1407 2533 1465 2563 pro
1480 2523 1631 2552 continuo
1655 2523 1728 2553 libri

1029 2567 1162 2606 quidam
1184 2566 1308 2597 habent
1331 2567 1448 2596 concio.
1492 2564 1526 2595 Si
1555 2564 1731 2603 vulgatum

1030 2619 1144 2640 verum
1159 2614 1222 2645 est,
1238 2609 1346 2639 intell.
1368 2607 1508 2648 populus
1528 2617 1546 2636 e
1565 2616 1676 2644 sensu,
1691 2618 1731 2638 ex

1030 2652 1129 2682 verbo
1145 2652 1294 2687 recitato,
1310 2660 1354 2681 sc.
1370 2660 1421 2690 ap.
1439 2649 1610 2690 populum.

1072 2699 1092 2728 9
1103 2698 1134 2725 et
1150 2694 1196 2724 ad
1208 2693 1332 2732 omnia]
1359 2694 1446 2723 Cum
1462 2691 1590 2722 Graevio
1607 2690 1729 2727 addidi,

1031 2737 1087 2773 ad,
1105 2736 1191 2777 quod
1202 2740 1236 2766 et
1251 2735 1301 2766 ed.
1317 2736 1409 2765 dens,
1427 2734 1502 2765 Asc.
1518 2735 1576 2764 &c.
1593 2733 1729 2763 habent.

1073 2781 1110 2809 lo
1132 2779 1192 2808 illa
1216 2782 1328 2808 nostra
1351 2779 1403 2807 lex
1424 2776 1523 2816 cons]
1550 2776 1649 2806 Suam
1673 2786 1730 2805 vo-

1027 2826 1091 2857 cat,
1115 2821 1193 2860 quia
1213 2831 1232 2851 e
1253 2821 1342 2852 SCto
1366 2820 1401 2851 in
1423 2821 1494 2860 ejus
1522 2818 1726 2850 sententiam

1027 2864 1117 2895 facta
1132 2867 1215 2894 erat.
