1940 3231
754 139 962 179 LIBER
988 140 1039 178 Π.
1552 144 1629 183 485

173 261 274 289 cum
302 248 374 290 his
409 247 602 305 dynastis
630 246 673 287 in
706 245 860 302 gratia,
884 247 1023 286 8lnon
1058 243 1188 285 modo
1210 243 1264 285 de
1287 243 1443 300 cynico
1465 259 1621 287 consu-

175 304 268 357 lari,
291 307 364 347 sed
380 320 434 346 ne
455 306 508 347 de
529 305 622 346 istis
640 303 816 358 quidem
837 302 1100 359 piscinarum
1123 299 1377 343 Tritonibus
1398 303 1557 357 poterit
1576 318 1621 344 se

164 361 349 417 jactare.
382 378 469 404 non
508 363 622 403 enim
648 361 884 416 poterimus
915 359 1001 400 ulla
1031 373 1123 400 esse
1158 359 1200 399 in
1232 359 1410 410 invidia,
1444 360 1616 415 spoliati

168 421 325 475 opibus
347 429 390 461 et
412 420 483 460 illa
505 418 720 459 senatoria
751 417 962 474 potentia.
998 416 1061 458 sin
1093 426 1237 458 autem
1269 417 1322 457 ab
1356 416 1423 457 his
1453 417 1616 458 dissen-

172 477 275 530 tiet3
306 478 387 519 erit
419 477 652 517 absurdum
687 476 730 516 in
754 490 833 516 nos
856 474 1019 516 invehi.
1051 485 1346 516 verumtamen
1371 474 1614 516 invehatur.

168 534 338 586 festive,
359 534 464 575 mihi
489 533 627 584 crede,
658 542 700 574 et
722 533 891 573 minore
914 532 1074 583 sonitu,
1097 546 1226 587 quain
1259 541 1471 588 putaram,
1495 533 1613 574 orbis

167 590 239 633 hic
261 593 303 632 in
326 591 549 647 republica
571 602 636 631 est
654 605 912 631 conversus:
946 593 986 621 82
1000 589 1128 630 citius
1152 591 1346 641 omnino,
1377 605 1507 645 quam
1534 605 1612 646 po-

165 649 265 699 tuit,
287 649 328 690 id
352 648 480 704 culpa
516 648 713 698 Catonis,
751 648 824 689 sed
846 661 990 689 rursus
1013 647 1294 702 improbitate
1317 648 1512 700 istorum,
1533 648 1611 703 qui

168 706 374 762 auspicia,
395 707 471 762 qui
501 705 660 746 AEliam
693 706 850 761 legem,
886 705 960 760 qui
995 703 1174 746 ,Iuniam
1208 715 1251 745 et
1283 705 1511 757 Liciniam,
1534 706 1608 761 qui

165 762 388 805 Caeciliam
426 774 469 804 et
515 763 690 804 Didiam
724 762 1036 819 neglexerunt3
1084 762 1158 817 qui
1189 763 1389 804 8³omnia
1421 765 1612 806 remedia

159 820 410 876 reipublicae
444 820 714 873 effuderunt3
746 821 820 878 qui
854 834 1002 876 regna,
1025 821 1066 850 84
1081 820 1154 874 qui
1179 820 1343 875 praedia
1366 821 1608 874 tetrarchis,

160 879 235 933 qui
268 879 476 920 immanes
509 879 714 934 pecunias
745 878 896 934 paucis
927 877 1151 918 dederunt.
1214 877 1352 919 Video
1377 879 1487 934 jain,
1519 895 1607 936 quo

157 935 322 977 invidia
345 946 548 987 transeat,
572 946 616 977 et
637 936 712 977 ubi
736 936 792 976 sit
809 934 1073 976 habitatura.
1097 934 1203 975 nihil
1236 950 1303 976 me
1322 938 1601 991 existimaris,

155 1006 296 1048 neque
325 1009 419 1045 usu,
453 1008 592 1050 neque
623 1009 647 1034 a
679 992 981 1048 Theophrasto
1010 992 1227 1042 didicisse,
1249 994 1329 1034 nisi
1354 995 1472 1035 brevi
1497 1006 1606 1037 tem-

159 1065 264 1106 pore
299 1051 530 1093 desiderari
570 1061 717 1092 nostra
748 1050 821 1091 illa
851 1058 1048 1106 tempora
1083 1050 1255 1100 videriS,
1278 1052 1438 1093 etenim
1464 1053 1496 1094 si
1521 1054 1606 1096 fuit

157 1108 373 1150 invidiosa
391 1120 563 1150 senatus
587 1107 807 1164 potentia,
838 1122 937 1148 cum
961 1122 1011 1148 ea
1032 1121 1120 1147 non
1140 1107 1193 1148 ad
1213 1108 1439 1163 populum,
1460 1112 1531 1153 sed
1551 1113 1649 1165 adb-

156 1166 232 1207 tris
252 1166 449 1208 homines
473 1166 779 1207 immoderatos
801 1165 977 1206 redacta
997 1164 1067 1215 sit,
1089 1165 1296 1220 quidnam
1319 1181 1465 1208 censes
1486 1168 1604 1212 fore?

157 1224 341 1279 proinde
379 1225 449 1266 isti
484 1224 584 1264 licet
618 1223 795 1274 faciant,
829 1238 937 1278 quos
968 1222 1129 1273 volent,
1163 1223 1375 1275 consules,
1408 1226 1605 1268 tribunos

154 1280 310 1336 plebis,
352 1282 538 1336 denique
573 1282 704 1321 etiam
745 1280 913 1321 Vatinii
953 1289 1161 1323 strumam
1203 1281 1432 1324 sacerdotii
1475 1285 1606 1338 ὃιζάφῳ

155 1339 368 1391 vestiant3
401 1339 566 1379 videbis
593 1338 711 1380 brevi
734 1347 931 1395 tempore
953 1352 1135 1394 magnos
1159 1352 1246 1378 non
1270 1340 1400 1380 inodo
1420 1355 1508 1393 eos,
1530 1343 1605 1397 qui

152 1395 262 1437 nihil
296 1397 555 1447 titubarunt,
587 1397 660 1438 sed
691 1395 823 1437 etiam
852 1395 971 1437 illum
1003 1396 1161 1452 ipsum,
1184 1396 1258 1451 qui
1282 1399 1495 1452 peccavit,
1520 1399 1607 1441 Ca-

148 1461 312 1496 tonem.
340 1469 440 1495 nam
474 1469 553 1496 nos
587 1453 777 1509 quidem,
810 1453 843 1494 si
868 1468 943 1510 per
976 1453 1107 1494 istum
1144 1462 1265 1494 tuum
1303 1455 1491 1498 sodalem
1516 1456 1605 1498 Pu-

145 1510 282 1554 blium
312 1511 478 1563 licebit,
500 1514 678 1561 σοφιςεύειν
700 1511 969 1567 cogitamus:
1002 1513 1042 1542 85
1057 1511 1090 1551 si
1120 1509 1191 1551 ille
1225 1512 1347 1568 cogit
1379 1516 1476 1560 ἱέντα,
1507 1523 1601 1557 tum

145 1569 360 1611 duntaxat
382 1584 460 1610 nos
483 1568 739 1622 defendere3
771 1577 829 1622 et,
855 1569 971 1627 quod
994 1577 1059 1611 est
1081 1568 1307 1626 proprium
1330 1571 1433 1612 artis
1454 1571 1602 1629 hujus,

146 1625 410 1676 ῧπκγγέλλομοιι

129 1722 147 1727 ff
309 1677 429 1731 ''Avbg’
442 1677 698 1728 ἀπαμύνεσθαι,
715 1678 767 1717 ’ὅτε
785 1696 834 1720 τις
853 1677 1006 1731 πςᾶτεςος
1020 1677 1209 1731 xamen-firm

144 1745 295 1789 Patria
325 1747 524 1804 propicia
553 1748 634 1790 sit:
665 1747 800 1789 habet
821 1763 846 1789 a
868 1748 1009 1799 nobis,
1033 1747 1203 1788 etiamsi
1225 1762 1314 1789 non
1337 1749 1448 1805 pluS,
1470 1766 1600 1807 quam

136 1804 334 1847 debitum
367 1815 446 1857 est,
475 1805 572 1861 plus
601 1815 731 1857 certe,
769 1821 899 1861 quain
935 1805 1201 1861 postulatum
1234 1816 1312 1847 est.
1350 1808 1460 1849 male
1499 1810 1599 1853 vehi

140 1862 272 1915 malo,
294 1864 378 1905 alio
403 1864 689 1920 gubernante,
713 1878 858 1919 quarn,
884 1874 970 1904 tam
995 1863 1176 1919 ingratis
1201 1865 1464 1917 vectoribus,
1487 1868 1600 1910 bene

137 1921 394 1975 gubernare.
457 1913 541 1963 Sed
576 1921 672 1962 haec
705 1936 852 1962 coram
886 1921 1175 1963 commodius,
1198 1936 1315 1962 nunc
1337 1923 1453 1974 audi,
1478 1926 1595 1980 quod

138 1979 311 2032 quaeris.
371 1978 558 2020 Antium
596 1993 664 2019 me
691 1994 747 2020 ex
784 1978 1017 2020 Formiano
1053 1979 1244 2035 recipere
1266 1981 1416 2036 cogito
1439 1996 1478 2022 a.
1503 1983 1545 2024 d.
1569 1999 1596 2025 v

138 2034 258 2077 Non.
291 2035 403 2078 Mai.
436 2035 573 2079 Antio
608 2036 707 2078 volo
749 2037 867 2078 Non.
909 2036 1021 2077 Mai.
1056 2037 1274 2092 proficisci
1309 2038 1353 2078 in
1386 2037 1594 2082 Tuscula-

176 2153 214 2181 81
240 2160 305 2181 non
334 2150 427 2181 modo
456 2150 496 2180 de
522 2150 634 2190 cynico
656 2150 837 2191 consulari]

131 2193 155 2224 i.
179 2203 208 2224 e.
232 2192 272 2223 de
288 2203 351 2223 me.
396 2192 532 2224 Clodius
551 2193 746 2224 Ciceronem
763 2204 841 2224 con-

133 2235 278 2266 sularem
289 2235 450 2276 Cynicum
462 2235 665 2279 appellabat,
675 2236 762 2275 quod
773 2246 840 2267 non

132 2278 243 2309 minus
267 2287 368 2317 quam
388 2278 502 2318 Cynici
526 2278 662 2308 mordax
684 2285 769 2309 esset
791 2279 840 2309 di-

132 2321 256 2351 cteriis.
301 2320 342 2350 In
363 2330 430 2350 non
452 2321 544 2352 modo
560 2321 622 2351 int.
646 2330 723 2356 non,
739 2322 839 2351 omis-

130 2372 217 2399 sum,
259 2363 336 2404 quia
369 2363 519 2403 sequitur
557 2373 600 2396 ne
626 2364 768 2404 quidem,
801 2370 839 2395 ut

130 2414 231 2445 saepe.

127 2466 134 2467 ff
171 2450 213 2480 82
234 2447 344 2486 eitius,
358 2458 459 2489 quam
472 2450 592 2488 potuit,
609 2449 646 2479 id
657 2451 755 2489 culpa
776 2449 836 2480 Ca-

128 2490 227 2530 tonis]
251 2500 354 2530 quam
375 2493 488 2531 potuit
510 2491 638 2522 dictum
667 2502 727 2531 pro
745 2502 836 2532 posse

115 2532 202 2574 fieri
218 2534 419 2573 putabatur.
465 2534 529 2565 Sed
543 2534 576 2564 id
591 2539 706 2565 tamen
722 2535 835 2565 durius

121 2579 190 2612 est,
208 2585 268 2607 nee
284 2575 392 2616 eulpae
407 2577 545 2608 Catonis
568 2578 648 2607 satis
667 2577 834 2608 convenit.

103 2628 108 2631 ⁴
126 2615 234 2649 Probo
247 2617 424 2649 lectionem
449 2620 513 2649 Ms.
528 2619 727 2658 Longoliani
743 2630 834 2659 opor-

126 2660 204 2691 tuit.
218 2665 292 2691 tum
307 2662 344 2691 id
357 2661 535 2692 delendum
550 2669 633 2702 puto
646 2673 656 2699 ;
681 2671 758 2692 nam
772 2662 833 2693 du-

127 2710 202 2732 rum
216 2707 267 2733 est
282 2703 328 2733 sie
343 2704 482 2743 abrupte
497 2706 587 2744 poni.
605 2704 722 2734 natum
742 2713 792 2735 est
815 2716 832 2735 e

126 2743 221 2774 finali
235 2746 450 2784 praecedentis
467 2747 569 2784 verbi,
585 2751 624 2776 ut
639 2756 725 2787 saepe
741 2748 832 2778 alibi.

127 2784 237 2826 Culpa
262 2788 399 2819 Catonis
430 2798 530 2829 supra
556 2793 691 2820 narrata
717 2796 768 2821 est
797 2790 832 2820 in

125 2837 228 2860 eausa
242 2829 507 2867 publicanorum.

118 2898 121 2899 ⁷
169 2873 209 2902 83
219 2881 249 2901 ο.
266 2873 412 2903 remedia
425 2874 624 2913 reipublicae]
641 2873 765 2905 Omnia
780 2884 831 2911 ea,

125 2923 184 2954 per
206 2922 281 2954 quae
295 2915 479 2955 respublica
494 2917 644 2948 resistere
658 2916 832 2948 turbulen-

884 2151 928 2180 tis
950 2151 1094 2182 tribunis
1117 2155 1151 2181 et
1174 2160 1289 2182 eorum
1312 2157 1453 2183 conatus
1477 2155 1594 2187 noxios

885 2195 1063 2234 reprimere
1077 2194 1199 2234 potuit.

928 2240 969 2267 84
991 2237 1046 2276 qui
1064 2237 1195 2276 praedia
1218 2237 1408 2277 tetrarchis]
1434 2237 1521 2278 Quid
1537 2239 1591 2272 hie

883 2279 952 2309 sint
968 2280 1108 2318 praedim
1131 2289 1199 2309 non
1222 2279 1273 2309 vel
1296 2279 1419 2316 dixere,
1434 2281 1486 2311 vel
1502 2282 1536 2312 in
1550 2293 1590 2313 eo

882 2322 1069 2352 satisfecere
1092 2323 1303 2362 interpretes.
1350 2322 1433 2352 Mihi
1459 2323 1590 2357 videtur

881 2364 1036 2394 excidisse
1052 2366 1168 2404 populi
1182 2364 1278 2394 Rom.
1324 2364 1491 2404 Scriptum
1514 2373 1587 2400 erat

881 2406 917 2437 P.
936 2407 976 2437 R.
994 2407 1026 2437 id
1048 2407 1243 2446 absorptum
1257 2410 1321 2442 est,
1337 2411 1375 2437 ut
1390 2408 1586 2446 quibusdam

879 2449 952 2479 aliis
966 2449 1046 2480 locis
1060 2449 1222 2479 similibus
1238 2458 1256 2478 a
1271 2448 1370 2478 verbo
1382 2451 1521 2488 proedia.
1546 2453 1586 2484 In

879 2491 957 2531 Agr.
975 2491 1089 2522 Cicero
1114 2491 1289 2530 vectigalia
1311 2496 1346 2520 et
1369 2501 1464 2531 agros
1480 2495 1589 2534 publi.

879 2544 934 2564 eos
958 2539 1053 2564 vocat
1070 2534 1201 2574 praedia
1219 2534 1334 2573 popula*
1358 2533 1455 2566 Rom.
1500 2538 1587 2569 Puto

878 2586 932 2606 me
945 2577 1031 2607 hanc
1045 2577 1286 2607 correctionem
1301 2577 1455 2607 omnibus
1467 2581 1587 2619 proba-

876 2624 1002 2650 turum.
1052 2619 1132 2649 Mox
1162 2620 1325 2648 immanes
1355 2624 1517 2658 pecunias
1545 2634 1586 2654 ex

876 2662 991 2691 :erario
1008 2666 1160 2701 erogatas
1174 2662 1304 2700 paucis,
1322 2661 1461 2700 singulis
1477 2665 1585 2695 homi-

877 2704 986 2741 nibus,
1003 2710 1041 2733 ut
1057 2710 1107 2734 est
1123 2704 1156 2733 in
1174 2713 1222 2733 or.
1239 2703 1273 2732 in
1288 2703 1404 2734 Varii).

920 2749 960 2777 85
982 2748 1010 2776 si
1033 2748 1088 2776 ille
1109 2747 1196 2784 cogit
1219 2745 1310 2784 ἄντα]
1337 2746 1370 2775 Si
1386 2748 1432 2777 sic
1448 2759 1464 2778 a
1490 2749 1585 2780 Cice.

876 2799 956 2819 rone
972 2794 1035 2825 est,
1053 2790 1115 2819 int.
1132 2789 1294 2831 ἔρχεσθαι,
1307 2788 1384 2817 ἱέναι.
1421 2790 1484 2820 Sed
1499 2799 1548 2821 est
1565 2803 1586 2823 e.

876 2842 967 2862 mera
989 2832 1181 2872 conjectura
1202 2833 1304 2866 Bosii‚
1327 2832 1445 2861 ceterh
1468 2839 1582 2865 tamen

876 2874 1023 2904 meliore.
1069 2874 1204 2904 Poterat
1226 2875 1385 2907 sufficere,
1407 2874 1435 2903 si
1456 2875 1512 2905 ille
1533 2886 1585 2908 eo,-

872 2917 939 2954 gz‘t,
956 2922 994 2946 ut
1009 2922 1088 2947 ante
1103 2922 1153 2947 est
1168 2921 1304 2947 tantuin
1320 2916 1348 2946 εἰ
1365 2917 1484 2950 licebit.

811 2958 913 3001 1i3
