1940 3231
722 118 932 162 LIBER
963 122 1036 162 XI.
1519 131 1597 173 735

150 222 213 267 hil
235 226 545 283 praetermittis,
568 229 613 270 in
642 243 728 284 quo
752 236 878 284 putes
911 226 1073 282 aliquid
1101 226 1242 268 solatii
1267 242 1384 272 esse:
1417 232 1490 274 sed
1512 248 1597 290 ego

150 297 239 324 non
263 285 468 337 adducor,
490 300 749 342 quemquam
773 287 936 326 bonum
960 284 1088 325 ullam
1111 284 1290 326 salutem
1315 297 1465 342 putare
1488 293 1598 334 mihi

152 343 264 382 'tanti
295 342 441 394 fuisse,
466 354 512 384 ut
542 358 635 384 eam
667 344 708 372 84
723 351 912 398 peterem
944 342 998 382 ab
1031 341 1119 393 illo,
1149 353 1193 382 et
1224 356 1275 383 eo
1299 344 1457 396 minus,
1480 350 1597 402 quod

153 400 194 428 85
210 397 338 454 liujus
373 401 540 441 consilii
568 400 662 455 jam
693 414 745 440 ne
769 400 934 441 socium
957 399 1132 454 quidem
1155 399 1295 441 habeo
1317 415 1596 457 quemquam.

154 455 243 501 Qui
270 458 313 498 in
331 456 437 498 Asia
459 466 572 507 sunt,
595 470 735 498 rerum
755 458 921 499 exitum
945 466 1217 514 exspectant.
1258 457 1441 500 Achaici
1464 461 1599 504 etiam

152 511 283 554 Fufio
317 528 436 570 spem
467 515 784 570 deprecationis
817 514 1017 556 afferunt.
1052 515 1206 556 horum
1242 524 1286 555 et
1318 515 1450 557 timor
1482 518 1599 560 idem

151 568 237 611 fuit
268 572 421 626 primo,
444 571 517 626 qui
547 586 682 623 meus,
712 573 752 603 86
765 582 808 613 ct
835 572 1136 614 constitutum.
1160 587 1281 614 mora
1300 572 1599 617 Alexandrina

151 629 191 660 87
206 641 376 668 causam
400 627 568 670 illorum
593 630 797 681 correxit,
821 644 960 672 meam
982 630 1152 671 evertit.
1176 632 1459 685 quamobrem
1481 631 1598 675 idem

152 699 178 724 a
199 694 241 724 te
263 699 376 724 nunc
402 695 516 742 peto,
536 687 651 742 quod
672 688 963 744 superioribus
985 686 1155 738 litteris,
1175 696 1237 738 ut,
1261 688 1294 728 si
1318 689 1420 744 quid
1441 690 1483 731 in
1503 705 1598 746 per-

153 741 254 782 ditis
293 742 419 783 rebus
451 744 698 800 dispiceres,
729 745 844 800 quod
883 744 990 785 mihi
1030 754 1202 801 putares
1235 744 1497 799 faciendum,
1528 763 1599 789 me

152 812 365 841 moneres,
389 801 422 841 si
458 802 642 858 recipior
671 803 725 843 ab
761 803 841 854 his,
873 802 988 857 quod
1023 802 1142 843 vides
1173 817 1263 843 non
1287 802 1404 856 fieri;
1438 815 1598 857 tamen,

154 856 296 910 quoad
332 857 488 899 bellum
526 860 620 910 erit,
654 860 759 915 quid
792 875 933 916 again,
957 868 1031 900 aut
1058 860 1133 901 ubi
1168 860 1263 911 sim,
1291 875 1377 902 non
1403 863 1596 918 reperio:

154 913 220 954 sin
245 913 406 968 jactor,
428 931 479 957 eo
501 917 659 958 minus.
684 918 829 973 itaque
864 928 959 958 tuas
988 917 1151 958 litteras
1175 928 1409 974 exspect03
1440 934 1599 976 easque

155 980 205 1011 ut
225 971 279 1012 ad
305 986 370 1013 me
394 974 484 1014 sine
514 974 788 1016 dubitatione
821 976 998 1025 scribas,
1021 989 1144 1031 rogo,
1197 975 1328 1021 Quod
1352 977 1517 1028 suades,
1551 987 1601 1019 ut.

155 1028 211 1069 ad
234 1029 448 1075 Quintum
478 1032 663 1073 scribam
694 1033 746 1073 de
782 1031 849 1072 his
880 1033 1058 1073 litteris:
1092 1032 1292 1084 facerem,
1316 1034 1350 1074 si
1385 1049 1452 1075 me
1474 1035 1601 1090 quid-

155 1100 286 1140 quam
309 1087 404 1129 istae
428 1088 582 1131 litterae
614 1089 890 1131 delectarent.
925 1090 1004 1130 etsi
1039 1089 1214 1144 quidam
1246 1090 1418 1146 scripsit
1450 1095 1502 1134 ad
1529 1108 1601 1135 me

153 1142 222 1184 his
262 1146 427 1187 verbis:
462 1145 570 1202 Ego,
600 1154 645 1187 ut
678 1147 722 1188 in
750 1146 811 1188 his
840 1146 973 1198 malis,
1009 1146 1156 1187 Patris
1183 1162 1270 1188 sum
1302 1163 1384 1189 non
1420 1149 1601 1191 invitus:

155 1215 272 1242 essem
293 1201 497 1254 libencius,
517 1204 552 1244 si
558 1202 704 1260 frater
726 1211 817 1245 tuas
837 1218 884 1245 ea
905 1204 953 1245 de
975 1211 1013 1245 te
1035 1203 1282 1260 loqueretur,
1305 1220 1393 1261 quae
1422 1222 1494 1263 ego
1524 1223 1601 1249 au-

158 1257 248 1299 dire
267 1258 422 1301 vellem.
485 1261 615 1307 Quod
651 1262 712 1302 ais
745 1262 865 1303 illum
889 1262 941 1303 ad
973 1271 1016 1302 te
1047 1262 1247 1313 scribere,
1271 1277 1339 1304 me
1358 1264 1439 1305 sibi
1463 1264 1601 1307 nullas

155 1315 320 1357 litteras
343 1317 584 1371 remittere3
609 1319 740 1360 semel
761 1320 816 1360 ab
839 1319 933 1376 ipso
956 1320 1104 1375 accepi
1125 1337 1134 1361 ε
1167 1319 1221 1360 ad
1246 1333 1316 1360 eas
1342 1320 1604 1378 Cephalioni

155 1372 269 1426 dedi,
292 1376 366 1429 qui
389 1374 546 1416 multos
571 1391 735 1417 menses
758 1377 1089 1433 tempestatibus
1112 1385 1302 1418 retentus
1328 1387 1408 1419 est.
1462 1380 1604 1427 Quin-

158 1439 251 1472 tum
285 1432 421 1474 filium
456 1434 507 1474 ad
542 1449 611 1475 me
642 1435 917 1476 acerbissime
950 1435 1185 1491 scripsisse,
1213 1434 1309 1490 jain
1342 1445 1442 1477 ante
1473 1439 1527 1479 ad
1560 1447 1601 1479 te

156 1489 323 1545 scripsi.
375 1494 414 1522 88
431 1489 687 1533 Extremum
722 1501 800 1543 est,
834 1492 949 1548 quod
982 1502 1024 1533 te
1056 1506 1190 1543 orem,
1221 1507 1255 1533 s1
1284 1503 1410 1548 putas
1434 1504 1597 1538 rectum
1611 1501 1730 1541 p.181.

157 1560 262 1597 esse,
282 1557 326 1588 et
347 1564 371 1589 a
394 1557 435 1589 te
457 1550 615 1606 suscipi
640 1564 778 1605 posse,
801 1565 899 1591 cum
922 1549 1108 1591 Camillo
1127 1551 1437 1603 communices,
1458 1561 1506 1594 ut
1520 1552 1648 1595 Te-a·

158 1605 341 1645 rentiam
378 1607 589 1647 moneatis
620 1607 673 1648 de
706 1616 980 1648 testamento.
1013 1616 1209 1662 tempora
1238 1618 1432 1659 monent,
1461 1620 1509 1651 ut
1542 1612 1608 1653 vi-

159 1661 273 1714 deat,
309 1672 356 1704 ut
389 1663 641 1714 satisfaciat,
675 1665 832 1720 quibus
866 1665 1036 1706 debeat.
1068 1664 1262 1706 auditum
1287 1680 1342 1706 ex
1368 1666 1608 1710 Philotimo

161 1731 241 1770 est,
264 1722 304 1755 89
317 1735 412 1761 eam
442 1721 646 1762 scelerate
676 1723 875 1777 quaedam
912 1722 1067 1764 facere.
1099 1722 1305 1764 credibile
1332 1725 1408 1765 vix
1433 1735 1512 1766 est.
1533 1727 1610 1768 sed.

163 1787 294 1827 certe,
324 1779 359 1820 si
391 1779 495 1834 quid
529 1789 609 1830 est,
646 1781 760 1835 quod
798 1781 888 1821 fieri
926 1781 1077 1836 possit,
1112 1780 1427 1836 providendum
1452 1795 1531 1824 cst.
1554 1785 1609 1825 de

163 1835 365 1877 omnibus
398 1837 523 1877 rebus
558 1836 684 1878 velim
726 1838 779 1879 ad
811 1852 879 1878 mc
912 1838 1098 1879 scribas:
1141 1842 1239 1878 9⁰et
1280 1841 1470 1880 maxime
1504 1842 1610 1897 quid

163 1893 324 1934 scribas
347 1893 400 1934 de
421 1908 488 1944 eo,
516 1894 560 1936 in
586 1910 672 1949 quo
704 1905 779 1936 tuo
802 1895 984 1936 consilio
1009 1910 1133 1951 egeo,
1155 1896 1324 1936 etiamsi
1348 1897 1456 1938 nihil
1478 1913 1610 1940 exco-

165 1951 303 2006 gitas:
335 1954 373 1985 91
393 1951 435 1992 id
458 1952 574 1993 enim
597 1953 702 1993 milii
723 1954 803 1994 erit
828 1968 903 2009 pro
929 1953 1169 2009 desperato.
1197 1967 1275 1994 111.
1300 1953 1449 1996 Nonas
1469 1955 1574 1997 Jun.

164 2083 297 2123 scriptae
311 2083 524 2115 dicebantur:
544 2085 583 2115 de
599 2085 713 2125 quibus
728 2085 761 2115 in
777 2086 866 2126 prin-

164 2126 250 2166 cipio
267 2126 362 2165 hujus
377 2136 429 2167 ep.

209 2171 249 2199 84
265 2173 411 2208 peterem
440 2169 481 2199 ab
509 2169 578 2209 illo]
605 2170 752 2201 Caesare:
781 2171 867 2210 quod

164 2221 209 2242 se.
228 2211 355 2241 factum
371 2222 390 2242 a
406 2213 576 2249 Cicerone,
593 2221 635 2242 ex
656 2213 714 2244 illa
728 2214 869 2253 epistola

165 2254 378 2293 colligebant.
394 2256 434 2285 ab
450 2255 503 2284 illo
518 2260 567 2284 est
582 2266 601 2284 a
616 2257 781 2291 Manutio,
796 2257 868 2287 edd.

166 2307 216 2338 pr.
239 2296 364 2327 habent
386 2298 427 2327 ab
448 2299 528 2333 ullo,
544 2297 630 2336 quod
645 2297 733 2329 Vict.
751 2298 869 2329 Lamb.

168 2341 229 2370 ἃς.
245 2349 424 2376 servavere,
449 2345 561 2378 estque.
584 2345 618 2370 et
643 2341 676 2370 in
693 2341 773 2372 MSS.
789 2342 867 2371 sere.

167 2382 230 2412 Sed
254 2383 285 2413 id
309 2387 425 2412 natum
444 2382 570 2412 videtur
591 2393 631 2412 ex
654 2384 869 2414 antecedente

165 2427 273 2455 ‘ullam
296 2427 450 2460 salutem,
472 2425 638 2464 efficitque
667 2427 869 2457 sententiam

167 2477 233 2498 non
251 2468 464 2508 probandam.
609 2485 615 2491 ·

210 2513 250 2540 85
273 2509 372 2550 hztjus
386 2510 525 2549 consilii]
556 2509 608 2540 Dc
631 2510 738 2541 salute
763 2522 783 2542 a
798 2513 872 2543 Cae-

166 2561 237 2582 sare
255 2553 407 2592 petenda.

210 2595 251 2625 26
273 2599 304 2625 et
318 2595 544 2635 cmzslz‘cutmn]
569 2595 715 2626 offendit
730 2595 794 2626 hoc
809 2595 874 2626 Ur-

169 2637 294 2673 sinum,
320 2639 374 2677 qui
398 2639 594 2677 conjiciebat
615 2639 815 2674 institutum,
839 2644 874 2669 et

169 2690 236 2711 me.
261 2688 322 2709 nec
350 2680 501 2720 displicet
529 2680 642 2711 Ursini
669 2683 872 2719 conjectura.

169 2722 341 2753 consilinm
364 2723 443 2753 mihi
467 2723 501 2753 in
522 2728 667 2753 mentem
684 2725 793 2753 venit:
818 2723 874 2754 sed

171 2772 232 2805 pro
245 2774 283 2793 vo
297 2775 393 2795 neruo
407 2766 558 2796 librarius
570 2767 783 2797 constitutum
796 2767 874 2796 scri-

168 2814 281 2848 psci-it.

214 2853 253 2884 87
276 2859 413 2881 causam
434 2851 482 2881 ill.
499 2850 653 2889 correxit]
680 2850 727 2881 Ut
750 2853 876 2891 possint

163 2893 238 2937 jam
261 2891 395 2924 liberius
415 2893 601 2933 decerne-ce,
618 2894 696 2934 quid.
712 2903 806 2935 agere
823 2905 875 2926 ve-

908 2085 984 2116 lint.
1013 2094 1121 2116 meam
1146 2086 1272 2116 evertit.
1300 2085 1495 2118 deteriorem
1519 2087 1611 2126 feeit,

910 2129 966 2168 qui
982 2127 1079 2158 nimis
1096 2129 1267 2168 properavi
1290 2129 1322 2158 in
1344 2129 1475 2160 Italiam
1493 2130 1609 2168 redire,

909 2175 944 2201 et
955 2171 1027 2210 jam
1043 2171 1083 2200 ab
1100 2171 1252 2200 omnibus
1269 2171 1498 2211 reprehendor.

954 2216 993 2244 88
1027 2212 1230 2243 .E.1·tremmn
1256 2218 1314 2250 est,
1340 2215 1426 2253 quod
1450 2220 1481 2245 te
1507 2214 1611 2255 orem]

912 2255 997 2286 Alibi
1013 2255 1106 2292 dicit,
1123 2255 1225 2285 ΕΑΓ.
1240 2261 1298 2293 est,
1314 2262 1351 2286 ut
1366 2261 1397 2286 te
1412 2267 1510 2289 orem.
1527 2259 1553 2288 si
1567 2258 1616 2288 le-

913 2298 979 2328 ctio
995 2307 1075 2328 sana
1089 2302 1152 2334 est,
1170 2299 1267 2329 verba
1281 2299 1325 2329 sic
1343 2301 1497 2331 struenda
1513 2306 1614 2332 sunt:

911 2345 1110 2377 extremum,
1128 2340 1214 2379 quod
1229 2346 1262 2370 te
1278 2351 1382 2377 oren),
1399 2347 1448 2372 est
1465 2343 1537 2373 hoc.

955 2386 995 2417 89
1017 2393 1090 2413 eam
1104 2384 1260 2414 scelerate
1274 2383 1561 2426 quoedamscceere]
1583 2396 1614 2417 v.

915 2425 955 2456 ad
972 2426 1048 2456 Div.
1068 2425 1127 2462 IV,
1146 2428 1193 2456 14.
1218 2430 1352 2466 propter
1366 2437 1438 2466 quse
1454 2432 1487 2458 et
1502 2429 1617 2459 scribit

915 2468 1058 2503 Plancio,
1075 2477 1108 2498 sc
1124 2468 1303 2498 divortium
1320 2468 1425 2499 facere
1440 2470 1535 2502 velle.

957 2514 998 2544 90
1020 2515 1051 2540 et
1078 2513 1224 2540 maxime
1251 2511 1332 2550 quid
1349 2512 1472 2543 scribas
1499 2514 1538 2544 de
1560 2513 1614 2554 ea]

915 2553 968 2582 Sic
990 2553 1063 2583 edd.
1087 2562 1212 2588 omnes,
1235 2554 1321 2592 quod
1342 2555 1428 2584 varic
1452 2560 1618 2592 tentatur,

916 2594 972 2625 sed
989 2596 1035 2625 nil
1049 2596 1130 2626 certi
1147 2600 1205 2625 aut
1230 2596 1346 2626 melius
1364 2597 1511 2628 affertur.
1556 2599 1620 2630 Le-

918 2638 1090 2668 uissimum
1115 2638 1179 2668 erit
1202 2638 1309 2677 legere
1331 2650 1365 2669 eo
1384 2650 1441 2679 pro
1457 2651 1515 2671 ea.-
1537 2643 1619 2672 scri-

918 2681 975 2710 bas
989 2679 1121 2719 quidem
1136 2680 1310 2712 delendum
1327 2688 1418 2722 pute,
1429 2687 1553 2713 temere
1568 2694 1619 2714 re-

917 2724 1072 2763 petitum.
1090 2733 1162 2762 quae
1184 2729 1379 2762 sequuntur,
1396 2726 1564 2764 pertinent
1579 2725 1622 2756 ad

917 2771 1041 2795 statum
1066 2767 1138 2804 ejus
1164 2772 1374 2805 praesentem,
1393 2777 1459 2797 non
1483 2767 1523 2797 ad
1540 2778 1621 2798 uxo*

917 2818 998 2839 rem.
1013 2808 1052 2838 de
1067 2808 1129 2838 hoc
1143 2809 1203 2839 sibi
1221 2809 1292 2839 vult
1308 2809 1430 2848 aliquid
1444 2810 1553 2841 scribi.

963 2854 998 2885 91
1026 2851 1062 2880 id
1081 2852 1168 2882 enim
1185 2852 1265 2881 mim·
1284 2853 1350 2882 'eric
1360 2861 1421 2890 pro
1436 2851 1618 2892 desperato]

921 2894 1087 2934 desperato
1112 2894 1237 2935 primus
1272 2893 1373 2925 edidit
1396 2893 1490 2927 JexiS.
1513 2900 1548 2929 at
1570 2897 1620 2927 etl,
