1940 3231
686 114 844 156 LIBE
858 115 898 152 R
935 114 1045 153 XIV.
1520 122 1596 163 827

154 228 248 262 tute
290 219 536 273 formosius,
568 220 676 262 nihil
716 219 952 276 pulchrius,
993 218 1102 260 nihil
1142 218 1385 260 amabilius.
1428 235 1598 287 semper

152 279 309 330 amavi,
332 287 380 320 ut
410 280 509 331 scis,
541 277 608 320 M.
638 279 839 328 Brutum,
863 284 1040 333 propter
1071 275 1164 331 ejus
1188 291 1402 318 summum
1427 281 1597 335 ingeni-

151 349 242 386 um,
265 337 540 378 suavissimos
573 350 727 386 ωσι-ΕΞ,
751 334 1011 391 singulaiem
1047 334 1308 390 probitatem
1340 344 1470 389 atque
1492 352 1597 378 con-

154 393 379 435 stantiam:
414 403 555 435 tamen
581 392 732 433 Idibus
753 392 890 433 Marmt
914 401 1081 433 tantum
1106 391 1288 433 accessit
1311 392 1364 432 ad
1388 407 1596 446 amorem,

152 458 201 491 ut
232 451 410 492 mirarer
442 451 585 492 locum
619 449 751 491 fuisse
781 450 1000 506 augendi'
992 464 1035 490 ln
1057 464 1124 500 eo,
1147 450 1263 505 quod
1286 449 1427 490 mihi
1410 452 1595 506 =jampri-

149 507 248 549 dem
270 508 538 550 cumulatum
561 507 693 548 etiam
719 508 959 549 videbatui.
991 508 1087 562 quis
1110 517 1215 558 erat,
1239 508 1310 562 qui
1345 517 1515 563 putaret
1541 509 1597 550 ad

151 579 250 606 eum
283 580 488 617 amorem,
511 579 640 621 quem
663 580 767 621 eiga
798 575 840 606 te
871 565 1098 615 habebam,
1123 580 1247 621 posse
1278 565 1439 620 aliquid
1472 581 1596 607 acce-

149 622 277 665 dere?
308 631 476 664 tantum
498 624 694 674 accessit,
718 632 765 664 ut
794 622 901 663 mihi
923 637 1038 663 nunc
1061 597 1246 678 d'enique
1268 637 1411 664 amare
1434 623 1596 676 vide-tr,

150 689 276 720 antea
296 679 513 722 dilexisse.
576 681 722 727 Quale
744 681 847 736 quid
870 690 949 731 est,
972 680 1088 736 quod
1111 695 1193 737 ego
1218 690 1259 720 te
1281 680 1441 731 horter,
1463 691 1509 722 ut
1531 682 1597 723 di-

148 737 306 792 gnitati
329 748 372 777 et
394 738 544 794 gloriae
567 739 756 780 servias?
788 752 1028 794 proponam
1059 713 1163 778 tibi*
1169 737 1305 779 claros
1330 739 1457 789 viros,
1479 740 1597 795 quod

147 793 290 835 facete
322 796 475 848 solent,
507 796 580 852 qui
620 796 868 837 hor-tintur.
863 799 874 827 Ρ
926 796 1142 836 neminem
1176 795 1314 837 habeo
1355 796 1596 849 clariorem,

148 865 278 906 quam
302 861 344 893 te
367 853 524 910 ipsum.
548 864 590 895 te
612 854 780 895 imitere
802 862 990 918 opor,tet
1016 862 1157 894 tecum
1182 853 1273 909 ipse
1294 863 1446 896 certes.
1468 869 1524 896 ne
1547 855 1598 896 li-

148 919 219 950 cet
253 911 427 966 quidem
467 912 545 952 tibi
578 911 689 966 jam,
723 912 853 952 tantis
885 912 1011 952 iebus
1044 911 1192 967 gestiS,
1214 925 1301 952 non
1327 912 1387 952 tui
1411 912 1596 954 similem

147 980 254 1008 esse.
278 969 393 1023 quod
425 985 524 1010 cum
555 970 616 1010 ita
640 970 710 1020 sit,
741 969 930 1010 hortatio
953 983 1039 1009 non
1063 979 1129 1009 est
1152 969 1415 1022 necessaria,
1448 979 1597 1026 gratu-

148 1022 313 1066 latione
345 1027 485 1083 magis
516 1027 724 1068 utendum
754 1037 833 1067 est.
864 1026 1053 1082 contigit
1083 1026 1199 1067 enim
1224 1026 1318 1077 tibi,
1342 1003 1474 1082 quodC>
1480 1028 1595 1069 haud

149 1082 241 1124 scio
273 1098 326 1124 an
359 1085 536 1135 nemini,
570 1094 616 1125 ut
648 1099 816 1125 summa
856 1085 1060 1125 severitas
1092 1084 1477 1126 animadversionis
1508 1085 1639 1127 nonb-

149 1140 281 1181 modo
303 1156 389 1183 non
414 1142 641 1191 invidiosa,
665 1142 736 1182 sed
760 1142 890 1182 etiam
926 1141 1144 1198 populatis
1173 1151 1299 1193 esset,
1322 1151 1366 1182 et
1396 1158 1495 1184 cum
1520 1145 1598 1184 bo·

151 1197 218 1239 nis
250 1199 467 1251 omnibus,
499 1211 591 1241 tum
623 1199 775 1240 infimo
807 1199 964 1254 cuique
996 1199 1255 1255 gratissima.
1317 1199 1419 1241 Hoc
1451 1201 1484 1242 si
1518 1201 1599 1242 tibi

149 1254 325 1297 fortuna
355 1232 542 1312 quadam
577 1257 847 1313 contigisset,
880 1258 1119 1313 gratularer
1149 1257 1347 1298 felicitati
1376 1268 1490 1301 tuae:
1525 1259 1598 1300 sed

149 1313 339 1370 contigit
363 1315 665 1371 magnitudine
697 1329 831 1356 cum
819 1315 968 1367 animi,
994 1326 1084 1356 tum
1108 1315 1239 1355 etiam
1266 1315 1446 1370 ingenii,
1469 1325 1599 1372 atque

149 1372 335 1413 consilii.
359 1372 444 1429 legi
467 1374 582 1414 enim
605 1373 863 1414 concionem
883 1382 1017 1414 tuam,
1041 1372 1149 1413 nihil
1172 1372 1243 1413 illa
1262 1374 1514 1429 sapientius.
1538 1375 1600 1415 ita

150 1429 418 1484 pedetentim
453 1439 543 1471 tum
574 1445 772 1472 accessus
799 1445 824 1471 a
856 1439 897 1471 te
928 1430 981 1471 ad
1004 1444 1177 1471 causam
1203 1430 1323 1481 facti,
1347 1439 1439 1472 tum
1462 1446 1600 1473 reces-

150 1500 236 1538 sus,
259 1497 307 1529 ut
339 1502 404 1529 res
436 1488 532 1544 ipsa
561 1488 858 1529 maturitatem
890 1488 970 1528 tibi
1002 1487 1372 1529 animadvertendi
1404 1490 1602 1530 omnium

152 1558 359 1586 concessu
381 1546 515 1587 daret.
570 1546 784 1587 Liberasti
807 1546 941 1601 igitur
963 1555 1006 1586 et
1030 1547 1180 1586 urbem
1204 1546 1411 1602 periculo,
1431 1556 1475 1588 et
1494 1547 1601 1588 civi-

153 1609 287 1642 tatem
311 1611 456 1645 metu:
488 1618 628 1668 neque
656 1603 794 1644 solum
826 1603 880 1644 ad
909 1613 1079 1659 tempus
1105 1618 1341 1644 maximam
1367 1604 1600 1646 utilitatem

148 1659 349 1712 attulisti,
372 1661 443 1702 sed
478 1662 609 1703 etiam
640 1664 682 1695 90
698 1661 751 1702 ad
784 1660 1048 1716 exemplum.
1073 1675 1159 1716 quo
1194 1660 1326 1712 facto,
1358 1661 1601 1719 intelligere

150 1716 331 1773 debeS,
321 1733 365 1759 m
400 1728 441 1760 te
469 1719 655 1784 positam
677 1733 768 1760 esse
801 1718 1130 1774 rempublicam,
1156 1718 1323 1775 tibique
1352 1734 1438 1760 non
1469 1695 1600 1763 moodo

152 1776 353 1827 tuendos,
374 1777 448 1818 sed
470 1778 600 1817 etiam
624 1776 839 1818 ornandos
864 1776 957 1817 illos
983 1776 1110 1827 viros,
1131 1791 1155 1816 a
1176 1777 1334 1832 quibus
1358 1777 1531 1819 initium
1550 1778 1602 1819 li-

152 1833 332 1874 bertatis
366 1833 610 1890 profectum
634 1843 714 1875 est.
767 1834 851 1875 Sed
874 1833 941 1874 his
965 1834 1017 1875 de
1037 1834 1164 1874 rebus
1188 1849 1334 1875 coram
1358 1835 1481 1891 plura
1503 1850 1605 1892 pro-

151 1891 338 1946 pediem,
363 1900 410 1932 ut
443 1907 582 1948 speio.
634 1891 716 1943 Tu,
746 1891 952 1956 quoniam
975 1890 1290 1947 rempublicam
1314 1906 1478 1948 nosque
1499 1908 1606 1934 con-

152 1962 311 2000 servas,
333 1947 417 2001 fac,
441 1961 489 1991 ut
509 1949 841 2006 diligentissime
864 1960 906 1990 te
928 1950 1085 2005 ipsum,
1108 1963 1167 1989 ml
1193 1949 1436 2003 Dolabella,
1459 1960 1605 1993 custo-

153 2005 260 2047 dias.

588 2081 826 2123 CICERO
856 2080 1087 2124 ATTICO
1119 2081 1165 2122 S.
1621 2078 1671 2117 18

156 2139 399 2192 SAEPIUS
437 2164 507 2190 me
540 2150 637 2206 jam
676 2150 832 2207 agitas,
864 2150 981 2206 quod
1020 2165 1109 2191 rem
1153 2157 1318 2206 gestam
1362 2150 1604 2194 Dolabellae

152 2208 282 2249 nimis
307 2207 350 2248 in
373 2207 536 2248 coelum
561 2207 706 2248 videar
737 2207 902 2249 efferre.
924 2223 1008 2264 ego
1031 2216 1190 2258 autem,
1214 2223 1477 2264 quamquam
1504 2224 1606 2251 sane

155 2265 295 2322 probo
331 2265 512 2316 factum,
544 2275 687 2307 tamen
722 2276 770 2307 ut
803 2275 925 2307 tanto
960 2280 1090 2322 opere
1123 2265 1358 2317 laudarem,
1392 2267 1605 2309 adductus

155 2337 250 2364 sum
274 2322 359 2364 tuis
381 2331 425 2363 et
449 2323 544 2364 unis
567 2332 610 2364 et
631 2322 775 2364 alteris
808 2323 978 2365 litteris.
1001 2324 1075 2364 sed
1098 2332 1238 2364 totum
1273 2326 1310 2357 91
1326 2338 1369 2365 se
1392 2340 1417 2365 a
1438 2334 1481 2365 te
1503 2326 1606 2367 aba-

152 2380 332 2422 lienavit
365 2379 607 2431 Dolabella,
640 2394 691 2421 ea
721 2381 774 2422 de
803 2396 947 2432 causa,
980 2396 1066 2436 qua
1097 2395 1167 2422 me
1200 2396 1374 2436 quoque
1407 2382 1490 2423 sibi
1523 2382 1608 2424 ini-

153 2437 438 2479 micissimum
475 2438 677 2480 reddidit.
706 2440 788 2480 920
821 2439 1044 2480 hominem
1077 2438 1337 2494 pudentem!
1373 2438 1472 2483 Kal.
1504 2440 1606 2483 Jan.

152 2495 328 2548 debuit;
361 2495 504 2538 adhuc
536 2510 621 2537 non
656 2495 800 2548 solvit,
824 2496 1064 2553 praesertim
1096 2511 1196 2538 cum
1229 2511 1273 2537 se
1303 2498 1499 2539 maximo
1522 2513 1607 2540 aere

196 2628 239 2678 90
261 2643 308 2673 ad
328 2643 528 2682 exemplum.
558 2653 620 2683 quo
635 2642 736 2683 sacto
762 2645 785 2674 i.
809 2643 857 2684 d]
946 2646 988 2679 9⁶2
1011 2655 1028 2675 ο
1049 2646 1212 2677 hommem
1229 2646 1425 2688 pudentem]
1457 2647 1513 2678 Sic
1531 2648 1605 2686 jam

157 2685 232 2717 Hoc
247 2690 298 2715 est
313 2685 480 2716 vitiosum.
497 2696 526 2716 ν.
542 2686 584 2717 ad
598 2686 786 2727 exemplum
799 2686 861 2717 hu·
903 2685 954 2718 ed.
973 2687 1070 2719 Rom.
1112 2688 1278 2720 Jensonus
1300 2689 1477 2721 induxerat
1497 2690 1608 2729 impu-

147 2729 204 2768 jus
220 2739 271 2768 ep.
288 2727 329 2758 ad
343 2727 420 2758 Div.
438 2728 499 2764 lx,
515 2731 565 2760 14.
902 2730 1044 2768 dentem,
1058 2741 1260 2771 quamquam
1281 2738 1316 2762 et
1338 2733 1445 2771 ipsum
1469 2742 1487 2762 e
1514 2732 1606 2763 libris

199 2773 237 2805 91
262 2780 295 2800 se
310 2780 331 2800 a
347 2774 379 2800 te
399 2771 615 2811 abalienavit]
642 2773 696 2803 An
718 2775 750 2802 te
770 2782 792 2802 a
813 2781 858 2809 se,
903 2781 965 2803 ser.
980 2773 1068 2813 quod
1091 2773 1283 2814 aliquandiu
1305 2774 1409 2805 editos
1433 2775 1532 2806 libros
1555 2780 1607 2806 te·

157 2814 234 2852 quia
248 2817 284 2844 et
300 2822 375 2843 mox
390 2823 440 2844 me
453 2823 576 2854 quoque
592 2816 652 2845 διο.
686 2814 861 2846 Sententia
904 2815 990 2847 nuit.

156 2856 247 2887 enim
263 2860 402 2895 utraque
417 2859 552 2888 tantum
573 2856 723 2899 subjecto
738 2856 858 2888 differt.
