1940 3231
350 158 430 195 560
771 159 952 198 EPIST.
980 158 1059 197 AD
1085 158 1372 205 ATTICUM,

349 261 471 316 queri
496 275 568 318 per
598 261 760 305 litteras
791 262 993 319 injuriam
1027 278 1180 315 meam,
1204 264 1319 319 quod
1351 261 1611 306 Philotimus
1644 263 1783 307 socius

350 328 462 359 esset
483 319 528 360 in
549 319 674 361 bonis
697 321 797 362 suis.
829 322 873 362 id
894 335 977 377 ego
1000 321 1061 362 ita
1082 321 1174 362 fieri
1198 321 1312 363 volui
1335 321 1387 362 de
1407 319 1460 362 C.
1484 319 1669 362 Duronii
1691 335 1786 364 sen-

351 376 513 428 tentia;
534 391 660 431 quem
684 387 726 418 et
748 378 1054 418 amicissimum
1077 376 1236 420 Miloni
1260 392 1575 435 perspexeram,
1593 387 1637 418 et
1659 377 1785 419 talem

349 432 506 484 virum,
527 433 695 489 qualem
721 443 765 474 tu
783 434 970 490 judicaS,
992 448 1242 491 cognoram.
1261 436 1354 492 ejus
1377 444 1520 476 autem
1542 434 1785 485 consilium,

348 503 579 545 meumque
609 489 693 531 hoc
717 489 881 542 fuerat3
912 491 1113 546 primum,
1136 500 1183 533 ut
1204 491 1248 533 in
1272 500 1485 549 potestate
1507 500 1653 532 nostra
1674 501 1787 533 esset

348 560 428 597 reS,
451 562 504 588 ne
535 546 651 587 illum
673 549 714 578 43
728 546 862 588 malus
892 556 1031 588 emtor
1062 547 1224 589 alienus
1246 552 1287 584 49
1300 549 1540 606 mancipiis,
1564 563 1660 604 quae
1691 562 1788 604 per-

347 603 485 644 multa
525 617 669 644 secum
719 603 866 656 habet,
908 604 1137 660 spoliaret:
1187 605 1354 658 deinde,
1393 617 1441 648 ut
1487 606 1674 657 Faustae,
1713 604 1784 646 cui

347 661 390 690 ⁵⁰
401 670 575 701 cautum
597 659 667 701 ille
689 661 818 714 [esse]
843 661 1060 714 voluisset,
1083 670 1221 703 ratum
1245 672 1370 705 esset.
1401 672 1490 705 erat
1513 663 1643 704 etiam
1665 660 1784 713 illud,

348 724 397 756 ut
417 719 453 747 51
471 717 553 772 ipsi
574 731 667 768 nos,
691 718 724 758 si
747 718 850 772 quid
873 719 1029 759 servari
1053 729 1351 775 posset,quam
1374 720 1576 761 facillime
1598 732 1786 760 servare-

346 786 456 813 mus.
480 788 594 816 nunc
616 788 704 815 rem
727 783 863 816 totam
894 776 1127 831 perspicias
1148 777 1291 818 velim.
1324 777 1449 818 nobis
1479 777 1594 818 enim
1626 779 1666 807 52
1679 774 1783 817 scri-

347 829 510 871 buntur
528 846 643 887 saepe
664 830 842 886 majora.
867 832 936 873 sed
961 832 994 872 si
1028 832 1096 873 ille
1118 833 1322 887 queritur,
1349 834 1383 874 si
1415 833 1564 875 scribit
1594 833 1645 874 ad
1677 833 1784 874 ami-

347 901 436 937 cos,
459 889 492 928 si
517 888 629 928 idem
654 888 810 929 Fausta
832 888 937 940 vult,
961 888 1235 940 Philotimus,
1258 899 1306 931 ut
1326 904 1408 946 ego
1431 890 1469 930 ei
1497 905 1640 931 coram
1661 889 1785 932 dixe-

236 972 268 1003 p.
284 957 454 994 72,rarn,
478 944 668 1000 mihique
689 945 760 986 ille
782 955 1016 1002 receperat,
1039 960 1090 987 ne
1123 946 1178 987 sit
1203 947 1341 988 invito
1365 946 1534 988 Milone
1567 947 1609 987 in
1643 947 1782 988 bonis.

305 1001 457 1042 amihil
478 1003 602 1043 nobis
625 1001 765 1043 fuerat
787 1004 911 1046 tanti.
944 1003 1009 1043 sin
1035 1003 1131 1045 haec
1161 1003 1322 1044 leviora
1344 1012 1457 1055 sunt,
1479 1013 1525 1044 tu
1548 1003 1784 1058 judicabis.

349 1057 544 1113 Loquere
576 1074 674 1100 cum
713 1059 924 1101 Duronio.
957 1059 1107 1115 scripsi
1139 1061 1269 1102 etiam
1303 1064 1343 1092 53
1356 1061 1409 1101 ad
1448 1060 1694 1111 Camillum,
1728 1060 1783 1101 ad

348 1114 568 1157 Lamiam:
600 1131 736 1171 eoque
769 1117 922 1173 magis,
954 1117 1068 1172 quod
1108 1132 1196 1159 non
1235 1118 1505 1159 confidebam
1547 1117 1701 1158 Romae
1740 1125 1783 1157 te

344 1185 450 1213 esse.
481 1187 647 1214 summa
667 1174 748 1215 erit
769 1173 888 1216 haec:
921 1183 1098 1226 statues,
1121 1184 1168 1216 ut
1190 1190 1243 1216 ex
1269 1175 1364 1226 fide,
1387 1174 1515 1226 fama,
1537 1188 1666 1230 reque.
1687 1187 1782 1215 mea

345 1229 574 1271 videbitur.

305 1338 602 1412 9ACTIUM
635 1371 829 1412 venimus
861 1386 900 1413 a.
922 1371 964 1412 d.
987 1386 1096 1413 xv11
1124 1371 1221 1412 Kal.
1245 1373 1399 1420 Quint.
1422 1385 1519 1413 cum
1542 1370 1715 1426 quidem
1738 1379 1782 1412 et

347 1428 566 1483 Corcyrae,
598 1438 642 1469 et
683 1428 875 1483 Sybotis,
911 1429 1159 1470 muneribus
1198 1430 1301 1482 tuis,
1339 1444 1436 1485 quae
1473 1438 1518 1470 et
1552 1428 1706 1479 Areus,
1738 1437 1783 1469 et

345 1499 466 1525 meus
488 1485 650 1525 amicus
670 1484 936 1541 Eutychides
955 1486 1131 1542 opipare
1147 1494 1189 1527 et
1209 1485 1514 1538 φιλοπςοηνέςοιτοι
1534 1486 1659 1527 nobis
1678 1499 1781 1527 con-

346 1551 580 1596 gesserant,
603 1542 763 1597 epulati
786 1557 973 1583 essemus
996 1543 1199 1584 Saliarem
1224 1543 1266 1583 in
1288 1543 1480 1583 modum.
1539 1541 1670 1584 Actio
1691 1557 1786 1583 ma·

347 1599 502 1639 luimus
525 1599 605 1639 iter
627 1598 767 1640 facere
790 1600 986 1655 pedibuS,
1007 1600 1080 1655 qui
1113 1599 1506 1641 incommodissime
1535 1600 1782 1656 navigasse-

345 1670 465 1697 mus:
497 1666 540 1696 et
573 1655 804 1697 Leucatam
840 1657 1012 1697 flectere
1047 1657 1273 1697 molestum
1306 1656 1544 1698 videbatur.
1578 1655 1779 1698 actuariis

344 1722 488 1754 autem
518 1713 711 1763 minutis,
748 1713 897 1754 Patras
934 1715 1135 1755 accedere
1168 1716 1204 1744 54
1222 1714 1310 1753 sine
1345 1713 1412 1754 his
1446 1713 1782 1769 impedimentis,

343 1784 431 1810 non
453 1770 554 1811 satis
578 1770 714 1811 visum
737 1779 802 1811 est
823 1771 1039 1812 decorum.
1102 1770 1211 1826 Ego,
1233 1780 1282 1811 ut
1303 1784 1417 1826 saepe
1449 1780 1492 1811 tu
1517 1785 1585 1811 me
1606 1784 1777 1812 curren-

346 1836 430 1867 tem
462 1827 658 1868 hortatus
687 1841 746 1877 es,
779 1828 972 1882 quotidie
1004 1827 1203 1879 meditor,
1239 1827 1443 1883 praecipio
1471 1828 1591 1877 meis,
1622 1827 1776 1868 faciam

344 1883 543 1938 denique,
574 1891 622 1924 ut
650 1899 816 1925 summa
837 1884 1048 1926 modestia
1077 1898 1120 1927 et
1154 1899 1318 1925 sumnia
1341 1885 1602 1926 abstinentia
1631 1886 1670 1915 55
1683 1898 1778 1924 mu-

342 1955 422 1980 nus
472 1941 555 1981 hoc
595 1941 981 1982 extraordinarium
1026 1943 1311 1983 traducamus.
1393 1941 1595 1992 Parthus,
1635 1941 1778 1992 velim,

340 1998 546 2053 quiescat,
579 2008 624 2038 et
657 1998 832 2039 fortuna
862 2013 937 2040 nos
961 2000 1113 2055 juvet:
1146 2009 1292 2041 nostra
1325 1999 1641 2054 praestabimus.
1698 1996 1781 2049 Tu,

336 2145 362 2174 ni
376 2144 438 2175 hoc
455 2145 620 2176 Ciceronis
635 2144 691 2182 sit,
707 2144 788 2176 illud
811 2144 951 2176 alterum
971 2155 1032 2185 per

336 2188 462 2224 literas,
486 2187 642 2217 Massiliae
664 2188 698 2217 in
720 2187 818 2217 exilio
841 2194 912 2218 erat
938 2187 1034 2219 Milo.

336 2228 448 2267 itaque
483 2239 542 2259 sua
571 2235 689 2269 sponte
717 2229 927 2269 intelligitur,
956 2240 1034 2260 eum

335 2280 393 2308 per
408 2271 519 2302 literas
533 2276 684 2310 questum
705 2281 773 2302 esse
789 2271 875 2311 apud
891 2272 1012 2303 amicos
1025 2284 1032 2301 z

336 2313 422 2343 infra
435 2318 549 2343 tamen
564 2314 670 2344 literae
684 2315 755 2354 ejus
771 2322 1006 2345 memorantur.

378 2357 417 2385 48
450 2357 560 2385 malus
584 2359 687 2386 emtor
714 2356 854 2396 alienus]
888 2357 1036 2386 Graevius

335 2401 433 2436 putat
447 2402 477 2427 et
493 2398 630 2429 alienu&
648 2398 739 2429 bene.
754 2398 836 2429 Edd.
850 2407 898 2439 pr.
910 2399 1037 2429 alienis.

335 2438 433 2469 male.

375 2483 416 2514 49
436 2481 814 2522 mancipiis—spoliaret]
834 2481 930 2521 Quod
946 2482 978 2512 in
995 2482 1033 2512 iis

334 2531 408 2561 pars
423 2527 507 2552 esset
524 2523 686 2554 bonorum
702 2524 838 2555 Milonis
854 2528 1033 2562 emturum,

333 2574 434 2603 eaque
450 2564 529 2594 adeo
545 2566 664 2595 emtori
679 2566 887 2597 deberentur.

376 2608 416 2636 50
438 2611 574 2636 cautum
600 2609 656 2637 ille
671 2618 735 2638 esse
760 2606 920 2646 voluisset]
948 2607 1034 2637 Alibi

335 2657 403 2678 non
428 2648 560 2678 additur
584 2658 647 2679 esse
671 2650 705 2680 in
732 2650 793 2681 hac
821 2650 945 2680 forma:
975 2659 1035 2680 nec

333 2690 416 2721 bene
430 2695 528 2721 sonat
541 2690 573 2720 h.
589 2690 614 2721 l.
638 2701 722 2731 saepe
747 2692 807 2722 hoc
829 2701 893 2722 esse
915 2702 934 2722 a
946 2691 1032 2730 glos-

332 2732 495 2762 sator-ibus
532 2732 582 2763 vel
619 2733 757 2763 librariis
794 2734 942 2764 additum
969 2739 1030 2764 est.

334 2776 480 2805 (tautum
507 2774 656 2805 voluerat
686 2775 827 2813 faustae,
858 2775 963 2813 uxori,
993 2776 1032 2807 de

333 2816 420 2846 dote.

376 2862 410 2888 5}
437 2859 498 2898 ipsi
525 2858 593 2899 nos]
622 2859 685 2899 Qui
712 2869 822 2889 sumus
849 2859 926 2889 socii
959 2859 1034 2889 Phi-

336 2901 442 2931 lotimi
459 2903 491 2931 in
509 2902 578 2933 istis
593 2901 684 2933 bouis
698 2902 805 2933 emtis.
825 2901 933 2940 itaque
951 2901 1034 2932 infra

1074 2145 1165 2183 dicit,
1182 2144 1431 2186 e.rfide,fama,
1446 2155 1543 2185 reque
1556 2154 1641 2176 mea.

1118 2191 1158 2218 52
1179 2189 1368 2219 scribuntur
1388 2197 1414 2218 s.
1437 2187 1583 2228 majora]
1611 2188 1632 2217 i.
1656 2197 1675 2218 a
1699 2187 1778 2217 scri-

1075 2231 1228 2261 bentibus
1245 2234 1421 2268 augentur,
1434 2236 1472 2261 ut
1484 2231 1536 2270 fit,
1553 2239 1627 2270 quae
1641 2234 1720 2260 sunt
1733 2230 1775 2260 le-

1076 2274 1181 2310 viora,
1198 2276 1236 2302 ut
1255 2272 1340 2303 infra
1355 2271 1444 2303 dicit.

1122 2317 1160 2345 53
1176 2315 1221 2345 ad
1240 2314 1429 2351 Camillum,
1452 2314 1498 2345 ad
1518 2313 1693 2353 Lamiam]
1716 2313 1778 2344 Ca-

1079 2357 1208 2387 millum
1231 2357 1458 2396 praediatorem
1475 2362 1509 2388 et
1522 2356 1616 2395 hujus
1631 2357 1677 2387 rei
1693 2356 1778 2396 peri-

1078 2403 1164 2430 tum.
1195 2398 1366 2434 Lamiam,
1396 2398 1540 2429 nobilem
1568 2398 1664 2429 illum
1690 2397 1778 2438 apud

1078 2440 1294 2473 Ciceronem?
1319 2450 1361 2471 an
1389 2439 1516 2472 alium?
1546 2440 1680 2480 negotia
1704 2439 1776 2479 qui-

1077 2482 1150 2513 dem
1188 2483 1282 2513 illum
1319 2483 1353 2513 in
1382 2483 1459 2513 Asia
1485 2482 1649 2518 habuisse,
1677 2487 1776 2520 atque

1077 2523 1157 2555 adeo
1186 2525 1231 2555 rei
1263 2525 1460 2564 pecuniariae
1492 2524 1636 2564 peritum
1665 2524 1776 2560 fuisse,

1076 2577 1113 2597 ex
1129 2577 1202 2607 epp.
1217 2566 1258 2597 ad
1272 2566 1347 2597 Div.
1363 2571 1504 2597 constat.

1120 2611 1160 2639 54
1183 2610 1251 2639 sine
1277 2609 1326 2638 his
1352 2607 1604 2649 impedimentis]
1630 2605 1773 2638 Lictori-

1077 2650 1136 2680 bus
1151 2653 1186 2681 et
1207 2650 1278 2681 aliis
1301 2659 1373 2688 quae
1397 2650 1437 2681 ad
1460 2659 1612 2689 pompam
1634 2649 1775 2679 Procon-

1075 2692 1154 2722 sulis
1169 2693 1373 2733 pertinerent
1384 2698 1418 2723 et
1433 2691 1474 2723 ad
1488 2691 1619 2731 dignam
1634 2690 1776 2732 speciem

1075 2745 1092 2765 e
1108 2743 1156 2764 us.

1089 2745 1103 2774 'J
1118 2778 1157 2806 55
1170 2785 1288 2806 munus
1299 2777 1355 2806 hoc
1368 2774 1685 2814 exeram-dinanum]
1699 2775 1779 2805 Pro-

1076 2817 1300 2855 consulatum,
1318 2828 1413 2857 quem
1437 2822 1564 2857 gereret
1584 2817 1663 2854 alio,
1679 2826 1777 2856 quam

1077 2870 1147 2890 mos
1181 2865 1279 2896 esset,
1306 2859 1342 2890 h.
1370 2870 1399 2890 e.
1437 2864 1512 2901 post
1547 2859 1776 2902 magistratum

1078 2902 1253 2938 urbanum,
1268 2906 1428 2943 tempore.
