1940 3231
282 1010 313 1039 b

276 1929 315 1962 Η.

324 160 401 193 650
742 157 924 195 EPIST.
953 156 1032 195 AD
1059 156 1341 201 ATTICUM,
1702 186 1728 197 ..

324 259 403 300 tias
440 258 678 301 discedunt?
701 258 827 315 plone
858 267 982 317 oia-035.
1047 259 1166 315 Quod
1197 261 1370 301 evenerit
1400 259 1543 316 igitur,
1574 267 1612 301 et
1646 260 1755 316 quod

323 316 462 372 egeris,
495 317 540 357 id
568 320 708 372 ςεςκτὲον
735 317 903 370 putabo.
964 318 1004 347 68
1019 316 1063 357 Si
1103 328 1191 358 tum
1229 317 1462 367 dubit-aras,
1493 331 1606 358 nunc
1638 329 1751 359 certe

324 387 410 413 non
434 374 620 422 dubitas,
646 373 737 412 istis
764 374 1047 414 manentibus.
1110 374 1278 415 Deinde
1302 374 1343 415 in
1368 375 1459 429 ipsa
1481 373 1584 429 fuga
1607 388 1631 414 v
1657 374 1753 416 Kal.

325 429 459 471 Mart.
523 430 688 470 Interea
720 444 798 469 non
829 430 985 480 dubito,
1019 429 1118 484 quin
1147 430 1191 470 in
1219 431 1439 472 Formiano
1459 445 1668 471 mansurus
1687 431 1752 472 sis.

323 486 630 528 commodissime
659 485 764 526 enim
793 492 828 526 τὸ
855 490 976 537 μέλλον
1008 486 1066 526 ι’ὁί
1095 490 1333 540 κκξαιὸοκῆσεις.
1396 487 1460 528 Ad
1495 487 1592 528 Kal.
1616 487 1751 528 Mart.

322 559 420 584 cum
454 544 523 584 ille
553 542 749 597 quintum
780 541 873 596 jain
906 543 1017 581 diem
1054 542 1268 583 Brundisii
1300 555 1436 585 esset:
1473 543 1575 585 Tum
1598 545 1754 598 poteri—

323 616 407 641 mm
427 599 664 647 deliberare,
688 613 767 639 non
787 597 937 638 scilicet
965 599 1125 654 integra
1156 613 1212 648 re,
1233 599 1300 639 serl
1327 608 1431 641 certe
1459 601 1591 641 minus
1619 599 1755 656 i'ffr‘l-

324 665 404 707 cta,
437 671 559 711 quam
595 656 630 695 si
660 670 742 695 etna
773 655 991 711 projeceris
1029 663 1079 696 te.
1143 654 1310 696 Deinde
1345 672 1390 697 ιν
1429 658 1577 698 Nonas
1619 657 1754 698 Mart

327 719 390 753 ὑπὸ
426 718 479 754 τὴν
516 718 617 760 λῆψιν
658 727 754 752 cum
804 713 985 752 breviter
1028 712 1248 762 seiiberes,
1291 723 1430 754 tamen
1476 716 1597 769 ponis
1642 715 1754 756 hoc:

327 767 431 809 Cras
450 768 623 809 scribam
639 768 780 824 plura,
802 776 840 809 et
861 768 917 809 ad
940 770 1101 810 omnia.-
1132 768 1204 810 hoc
1235 776 1369 810 tamen
1398 770 1544 821 dicam,
1565 786 1645 812 non
1672 786 1758 826 ρατ-

324 825 452 866 nitere
473 840 533 865 me
555 826 713 866 consilii
734 825 782 866 de
811 833 883 866 tna
909 827 1138 866 mansione:
1169 832 1220 876 et,
1243 841 1487 882 quamquam
1507 842 1658 892 magna
1677 827 1756 869 sol-

325 881 551 932 licitudine,
581 890 729 932 tamen,
763 883 860 938 quia
895 883 1024 923 minus
1056 881 1155 923 malz
1184 890 1287 936 puto
1325 898 1414 934 esse,
1447 898 1568 939 quam
1600 900 1643 925 m
1681 885 1756 926 illa

320 938 588 1003 profectione,
611 954 750 980 maneo
771 954 815 980 211
834 940 1046 989 sententia,
1077 947 1113 980 et
1137 939 1294 995 gaudeo
1317 947 1355 981 te
1383 955 1582 981 manszsse.
1643 941 1756 982 Cum

329 997 571 1051 veiojam
560 1012 751 1052 angeissei
774 1009 816 1037 et
840 997 1049 1046 timeiem,
1075 1011 1125 1037 ue
1145 997 1247 1051 quid
1270 1013 1295 1037 a
1317 1011 1383 1037 me
1405 997 1624 1039 dedecoris
1646 1007 1757 1040 esset

326 1053 575 1104 adinissum,
608 1069 667 1096 111
707 1054 854 1094 Nonas
888 1054 1021 1095 Maru
1086 1053 1251 1103 Tcmzen,
1275 1061 1313 1094 te
1342 1069 1422 1094 non
1452 1069 1528 1096 esse
1556 1069 1638 1095 una
1668 1070 1758 1097 cum

329 1110 542 1165 Pompei0‚
570 1126 650 1151 uon
666 1110 766 1167 feio
797 1110 969 1152 moleste.
1031 1110 1181 1151 Postea
1211 1111 1245 1151 si
1275 1126 1371 1166 opus
1386 1110 1541 1167 fuerit,
1571 1126 1652 1152 non
1667 1113 1758 1154 erzt

325 1167 515 1222 difficile;
547 1175 583 1208 et
623 1159 699 1219 illi,
738 1183 895 1231 quoquo
937 1175 1111 1222 tempore
1127 1167 1224 1220 fiet,
1260 1169 1336 1208 etit
1370 1173 1547 1220 aopi-,unu
1583 1168 1650 1209 sed
1686 1169 1757 1210 hoc

326 1226 387 1266 ita
409 1225 512 1275 dico,
533 1225 567 1264 si
596 1224 675 1275 hic,
698 1241 777 1280 qua
809 1225 966 1266 ratione
996 1225 1161 1265 initium
1177 1223 1302 1280 fecit,
1325 1224 1460 1265 eadem
1490 1232 1618 1266 cetera
1650 1233 1758 1282 aget,

325 1283 488 1332 sincere,
528 1288 758 1336 temperate,
788 1282 1035 1336 ptwudentem
1066 1281 1183 1323 zolde
1220 1281 1371 1332 videm,
1403 1288 1441 1322 et
1474 1281 1761 1324 consideratius

327 1339 505 1380 utilitati
535 1346 678 1379 mistice
709 1337 954 1380 consuluetmo
980 1354 1049 1380 V11
1085 1338 1187 1379 Idus
1220 1338 1355 1380 Mart.
1379 1339 1528 1379 scribis
1562 1338 1760 1380 Peduceo

328 1410 499 1451 quoque
541 1407 686 1436 nostio
729 1397 915 1451 piMobauss
959 1396 1074 1450 quod
1116 1396 1313 1450 quimim,
1355 1396 1479 1450 cujus
1527 1397 1759 1437 auctoritas

328 1453 511 1494 multum
543 1454 657 1508 apud
690 1467 756 1493 me
780 1454 905 1493 valet.
967 1452 1050 1494 His
1082 1467 1164 1509 ego
1197 1453 1280 1493 tuis
1311 1454 1481 1508 scriptis
1511 1468 1579 1494 me
1610 1468 1762 1495 conso-

330 1510 406 1559 lor,
431 1521 477 1550 ut
499 1509 607 1551 nihil
630 1525 654 1550 a
676 1524 743 1550 me
765 1509 905 1551 adhuc
931 1510 1133 1550 delictum
1167 1520 1329 1566 putem.
1353 1519 1396 1550 tu
1424 1510 1550 1552 modo
1574 1512 1760 1552 auctori-

329 1576 460 1608 tatem
496 1578 610 1608 tuam
643 1567 892 1618 defendit03
925 1567 1124 1607 adveisus
1160 1581 1240 1616 me,
1275 1566 1381 1607 nihil
1419 1582 1527 1622 opus
1563 1577 1655 1609 est:
1689 1569 1761 1608 sed

329 1624 513 1665 consciis
536 1639 643 1679 egeo
666 1624 772 1664 aliis.
796 1638 893 1679 eg0,
916 1623 949 1663 si
982 1623 1087 1664 nihil
1121 1624 1309 1679 peccavi,
1335 1624 1496 1678 reliqua
1519 1624 1684 1665 tuebor.
1707 1625 1758 1665 ad

328 1696 379 1721 ea
409 1692 453 1720 tu
497 1691 536 1721 te
577 1685 760 1731 bonate,
794 1691 837 1721 et
870 1695 938 1720 me
971 1681 1147 1721 omniuo
1187 1689 1260 1720 tua
1292 1680 1557 1736 cogitatione
1589 1681 1761 1736 adjuva.

331 1738 420 1779 Hic
443 1738 653 1778 nihildum
676 1739 730 1778 de
754 1737 890 1778 reditu
925 1736 1108 1778 Caesaris
1139 1737 1406 1779 audiebatur.
1469 1736 1564 1792 Ego
1594 1737 1661 1778 his
1694 1738 1763 1778 lit-

331 1795 431 1836 teris
464 1795 546 1837 hoc
580 1805 720 1836 tamen
755 1794 949 1850 profeei3
983 1794 1142 1851 perlegi
1174 1808 1321 1835 omnes
1354 1803 1463 1844 tuem,
1484 1794 1597 1835 etin
1619 1809 1670 1837 eo
1692 1810 1763 1837 ae·

332 1853 491 1907 quievi.

766 1923 999 1966 CICERO
1030 1922 1259 1964 ATTICO
1291 1923 1335 1965 S.

332 1980 747 2033 69LENTULUM
783 2001 974 2033 nostrum
1015 1992 1096 2032 scis
1137 1990 1329 2032 Puteolis
1367 2005 1482 2033 esse:
1515 1992 1629 2047 quod
1665 2007 1764 2057 cuin

331 2063 354 2088 e
395 2050 556 2089 viatore
589 2049 775 2104 quodam
809 2060 919 2089 esset
955 2048 1164 2098 auditum,
1201 2049 1274 2103 qui
1315 2063 1358 2088 se
1390 2048 1552 2089 diceret
1588 2063 1687 2090 eum
1721 2049 1764 2091 in

332 2105 491 2161 Appii,
513 2121 611 2147 cuin
645 2106 677 2147 is
710 2106 897 2161 paullum
929 2105 1125 2146 lecticam
1158 2105 1407 2161 aperuisset,
1438 2120 1663 2162 cognosse,
1684 2106 1764 2148 etsi

332 2177 406 2203 xix
432 2163 673 2213 νειίεἰιιιίἰθ,
698 2163 791 2203 mis1
817 2173 958 2203 vimen
984 2161 1186 2203 Puteolos
1216 2177 1383 2227 pueioS,
1405 2163 1478 2217 qui
1502 2163 1765 2220 pervestioa-

332 2231 441 2270 ient,
463 2231 506 2259 et
529 2220 582 2261 ad
604 2235 701 2260 eum
733 2220 847 2261 littei·
851 2235 909 2260 as.
940 2220 1139 2260 inventus
1170 2229 1236 2260 est
1256 2220 1329 2260 vix
1361 2234 1404 2260 in
1437 2219 1572 2260 hortis
1604 2220 1689 2261 suis
1721 2235 1765 2261 se

331 2252 569 2328 occultans,
600 2277 850 2332 litterasque
882 2276 987 2317 mihi
1022 2276 1201 2325 remisit,
1234 2276 1413 2317 mirifice
1444 2277 1602 2332 gratias
1634 2291 1765 2332 agens

335 2333 495 2375 Caesari
517 2350 526 2374 ε
559 2334 611 2374 de
633 2349 710 2374 suo
733 2344 875 2374 autem
898 2333 1078 2374 consilio
1101 2332 1206 2374 TOC.
1227 2332 1375 2374 Caecio
1400 2333 1599 2374 mandata
1619 2334 1672 2375 ad
1698 2349 1766 2375 me

333 2391 513 2431 dedisse.
535 2405 633 2431 eum
651 2405 732 2446 ego
754 2390 880 2431 hodie
899 2391 1220 2446 exspectabam,
1241 2391 1282 2430 id
1305 2399 1369 2430 est
1390 2404 1487 2431 xm
1514 2390 1609 2431 Kal.
1626 2390 1765 2446 April.

337 2446 466 2487 Venit
496 2448 626 2489 etiam
657 2448 710 2489 ad
742 2462 810 2488 me
843 2447 1008 2488 Matius
1046 2447 1406 2502 Quinquatribus,
1439 2447 1568 2487 homo
1602 2448 1769 2488 meher-

334 2503 442 2553 cule,
474 2513 522 2543 ut
552 2504 656 2545 mihi
687 2504 800 2544 visus
831 2515 910 2554 est,
933 2514 1193 2559 temperatus
1225 2514 1268 2544 et
1300 2504 1512 2559 prudens:
1544 2503 1768 2545 existima-

336 2571 403 2601 tus
425 2560 597 2616 quidem
621 2572 685 2602 est
707 2575 874 2617 semper
896 2573 1045 2602 auctor
1067 2561 1160 2601 otii.
1184 2575 1310 2616 quam
1344 2560 1412 2600 ille
1445 2560 1538 2601 haec
1561 2574 1646 2601 non
1671 2576 1769 2617 pro-

379 2723 419 2752 68
445 2722 569 2752 Situm
587 2722 772 2761 dubitur-as]
800 2723 852 2752 Sic
868 2723 983 2752 Rosius
999 2728 1032 2752 et
1118 2722 1159 2756 69
1182 2722 1363 2752 Lentulum
1387 2721 1436 2760 n.]
1465 2720 1505 2750 ln
1526 2721 1598 2752 edd.
1624 2731 1674 2762 pr.
1701 2722 1772 2752 haee

337 2772 468 2794 secutus
492 2765 664 2797 Grutefus.
711 2764 792 2793 Edd.
816 2775 863 2804 pr.
886 2770 920 2794 et
950 2766 1031 2795 Mss.
1076 2774 1128 2804 cp.
1143 2763 1286 2794 cohaeret
1300 2763 1620 2803 praecedenti.male.

338 2807 513 2836 dubitares.
538 2806 644 2836 Immo
660 2805 833 2845 legendum
853 2807 1032 2837 dubitabas.
1117 2809 1158 2839 70
1187 2805 1220 2835 C.
1236 2805 1346 2845 (ἶφι-ἑο]
1366 2805 1429 2845 Qui
1445 2807 1487 2835 sit
1502 2805 1556 2835 hic
1573 2805 1701 2841 Coecimx,
1715 2814 1771 2835 ne-

338 2848 456 2919 xbnelius
472 2853 585 2879 tamen
601 2854 651 2878 est
667 2849 948 2887 dubitarusquain
973 2849 1032 2879 du-
1075 2848 1153 2878 scio.
1197 2848 1258 2879 Ed.
1276 2848 1366 2879 «lens.
1390 2854 1503 2878 tamen
1525 2847 1626 2878 habet
1651 2847 1683 2878 C.
1707 2847 1774 2878 Cae·

360 2891 469 2920 iteres.
1079 2891 1151 2920 ἤτω.
