1940 3231
753 135 959 175 LIBER
1002 136 1067 174 IV.
1565 144 1639 178 533

186 250 430 293 recusante,
464 240 666 282 subsidiis
699 241 935 282 amicorum
972 239 1294 295 respondemus,
1327 242 1430 296 quid
1463 246 1633 287 consilii

184 298 242 339 (le
265 300 382 340 omni
406 309 554 340 nostro
580 307 691 339 statu
717 298 954 353 capiamus,
978 307 1019 337 te
1041 297 1218 338 absente
1241 299 1471 342 nescimus.
1503 316 1634 356 quare

186 370 449 412 appropera.

619 443 855 486 crosno
887 443 1119 486 ATTICO
1153 444 1198 485 s,
1354 427 1356 430 ’
1648 454 1675 488 4

189 501 652 556 PERJUCUNDUS
689 513 795 554 mihi
838 512 1017 554 Cincius
1052 513 1136 554 fuit
1172 522 1272 554 ante
1308 513 1423 554 diem
1452 514 1633 557 tertium

188 571 371 614 Kalend.
398 570 525 612 Febr.
558 581 658 612 ante
680 571 836 626 lucem.
868 570 982 611 dixit
1005 570 1120 611 enim
1144 570 1267 622 mihi,
1299 580 1341 611 te
1362 586 1454 612 esse
1475 572 1518 612 in
1544 571 1632 614 Ita-

184 629 255 680 lia,
278 642 454 683 seseque
476 628 528 668 ad
553 637 595 669 te
619 643 772 684 pueros
794 628 991 669 mittere:
1024 642 1132 682 quos
1155 628 1246 669 sine
1271 629 1374 668 meis
1396 629 1550 670 litteris
1569 630 1631 672 ire

180 685 329 727 nolui:
362 699 447 725 non
471 700 558 740 quo
593 686 812 736 haberem,
834 685 950 740 quod
985 685 1081 736 tibi,
1115 687 1353 741 praesertim
1375 685 1467 741 jam
1495 702 1629 744 prope

183 741 404 799 praesenti,
436 744 693 795 scribercm3
724 743 795 784 sed
832 752 879 784 ut
901 741 985 783 hoc
1018 743 1158 799 ipsum
1191 744 1497 798 significarem,
1520 745 1628 787 mihi

182 810 304 840 tuum
348 799 582 842 adventum
624 801 926 841 suavissimum
963 800 1475 856 exspectatissimnmque
1521 817 1629 845 esse.

179 871 314 913 quare
336 857 490 899 advola
513 858 563 899 ad
590 873 682 909 nos,
705 872 756 899 eo
780 857 941 909 animo,
964 867 1011 897 ut
1036 872 1111 898 nos
1135 872 1265 909 ames,
1290 869 1329 899 te
1349 860 1481 900 amari
1506 860 1629 903 scias.

181 925 325 955 cetera
357 930 500 956 coram
536 930 729 972 agemus,
761 915 857 957 haec
889 925 1169 971 properantes
1202 916 1464 971 scripsimus.
1528 918 1630 964 Quo

180 971 253 1013 die
277 973 435 1023 venies,
460 972 609 1029 utique
632 988 731 1014 cum
755 973 840 1014 tuis
865 973 978 1028 apud
1002 987 1071 1014 me
1093 973 1165 1014 sis.
1196 973 1383 1028 perbelle
1407 974 1572 1027 feceris,
1595 976 1630 1017 si

179 1030 232 1071 ad
256 1045 334 1071 nos
360 1031 540 1071 veneris.
562 1030 810 1072 44offendes
830 1030 1174 1086 designationem
1197 1030 1487 1086 Tyrannionis
1510 1033 1630 1074 miri-

178 1086 306 1129 ficam
330 1088 537 1129 librorum
572 1103 792 1129 meorum:
825 1101 1009 1142 quorum
1048 1087 1240 1142 reliquiae
1265 1088 1400 1129 multo
1431 1089 1626 1132 meliores
1640 1102 1673 1134 b.

178 1154 293 1197 sunt,
316 1160 445 1201 quam
480 1156 691 1201 putaram.
722 1148 763 1176 45
777 1145 907 1185 etiam
934 1144 1059 1185 velim
1092 1145 1199 1186 mihi
1224 1145 1370 1186 mittas
1393 1146 1447 1187 de
1471 1148 1554 1188 tuis
1577 1148 1628 1189 li-

175 1203 374 1244 brariolis
407 1203 514 1243 duos
536 1203 717 1258 aliquos,
737 1203 897 1257 quibus
929 1201 1150 1258 Tyrannio
1184 1211 1329 1243 utatur
1352 1203 1627 1260 glutinator'i-

175 1261 270 1311 bus,
293 1261 346 1301 ad
369 1269 510 1302 cetera
533 1260 798 1301 administris
817 1277 826 1302 ;
852 1260 988 1314 iisque
1011 1259 1210 1316 imperes,
1231 1268 1278 1300 ut
1300 1272 1471 1302 sumant
1492 1277 1627 1303 mem-

176 1318 396 1359 branulam
418 1335 429 1371 3
461 1332 514 1358 ex
539 1333 623 1372 qna
647 1319 810 1359 indices
832 1317 952 1368 fiant,
970 1332 1078 1373 quos
1101 1332 1177 1358 vos
1202 1317 1364 1369 Graeci,
1386 1329 1431 1359 ut
1453 1321 1624 1376 opinor,

171 1375 214 1406 46
226 1378 402 1421 cvm-olcas
444 1375 686 1431 appellatis.
749 1375 831 1416 Sed
876 1375 986 1425 haec,
1015 1375 1049 1415 si
1091 1375 1170 1416 tibi
1208 1376 1290 1416 erit
1320 1377 1623 1420 commodum.

171 1432 265 1488 ipse
285 1447 385 1474 vero
411 1433 559 1488 utique
582 1433 651 1474 fac
674 1433 836 1483 venias,
860 1433 893 1473 si
920 1443 1042 1487 potes
1070 1432 1113 1473 in
1139 1432 1204 1474 his
1227 1432 1333 1474 locis
1356 1434 1624 1477 adhaeresce-

170 1505 229 1541 re,
253 1499 297 1531 et
331 1489 488 1531 Piliam
525 1490 752 1532 adducere.
787 1490 847 1531 ita
879 1491 995 1531 enim
1029 1500 1072 1530 et
1109 1505 1282 1546 aequum
1319 1500 1399 1543 est,
1426 1501 1470 1533 et
1501 1495 1625 1550 cupit

170 1545 326 1597 Tullia.
368 1550 409 1581 47
423 1546 734 1589 Mediusfidius
757 1562 811 1589 ne
831 1557 876 1588 tu
898 1547 1041 1588 emisti
1067 1547 1210 1589 locum
1234 1547 1504 1603 praeclarum.
1530 1552 1621 1607 gla-

205 1664 248 1693 44
263 1672 290 1692 o.
306 1662 530 1701 designatione
545 1660 584 1694 T.
600 1672 644 1694 m.
662 1663 683 1693 ἶ.
700 1672 743 1693 m.
760 1663 869 1694 biblio·
906 1661 1127 1703 praeclarum]
1163 1662 1216 1694 Sic
1246 1662 1378 1694 volebat
1407 1663 1595 1706 Malaspina
1611 1680 1619 1698 :

160 1704 308 1744 thecam]
336 1705 418 1735 Haec
434 1709 484 1735 est
504 1705 603 1735 lectio
618 1705 669 1736 ed.
690 1704 789 1737 Rom.
807 1705 867 1735 nisi
912 1709 945 1735 et
961 1706 1007 1736 sic
1024 1705 1123 1736 habet
1150 1705 1200 1736 ed.
1229 1705 1327 1736 Rom.
1355 1715 1406 1736 πα)
1429 1712 1481 1738 est
1507 1719 1545 1739 ex
1568 1709 1618 1741 ed.

162 1747 250 1787 quod
273 1757 312 1778 ea
334 1747 435 1778 habet
457 1748 727 1787 designationem.
752 1747 867 1778 lectio·
910 1748 1002 1778 dens.
1028 1748 1062 1778 in
1091 1758 1157 1787 qua
1180 1747 1406 1788 mediusfidius
1421 1749 1462 1780 ad
1484 1756 1618 1782 antece-

163 1799 221 1823 nes
246 1789 319 1821 aliae
345 1801 363 1820 e
392 1795 548 1830 corrupta
578 1789 628 1822 ed.
659 1790 753 1820 Jens.
779 1795 868 1821 natae

158 1837 250 1863 sunt.
273 1836 373 1872 atque
386 1842 426 1863 ea
441 1832 545 1863 facilis
564 1838 626 1864 est.
645 1832 701 1863 sed
718 1832 798 1862 mihi
812 1837 864 1864 ta-

159 1884 238 1905 men
253 1879 442 1915 suspectum
466 1884 596 1915 semper
614 1875 680 1906 fuit
701 1875 864 1906 bibliothe-

159 1927 247 1955 cam,
264 1917 350 1957 quod
366 1917 431 1948 vidi
447 1922 482 1949 et
498 1917 699 1948 Lambinum
716 1919 864 1949 sensisse.

158 1969 238 1990 nam
252 1959 381 1991 videtur
396 1960 519 2000 potius,
538 1960 565 1990 si
581 1961 623 1991 ab
638 1961 796 1991 Cicerone
812 1966 864 1992 est

159 2001 223 2032 hoc
238 2003 386 2039 verbum,
398 2002 544 2033 dicturus
560 2003 660 2033 fuisse
676 2001 773 2044 cnjus
786 2004 864 2034 reli-

159 2046 254 2084 qum,
271 2048 305 2075 ct
329 2044 513 2084 designatio
535 2045 696 2076 librorum
722 2051 773 2075 est
795 2046 865 2086 ipsa

158 2086 373 2118 bibliotheca.
398 2087 537 2126 denique
553 2093 708 2118 venustas
722 2087 786 2118 loci
803 2088 864 2118 mi-

159 2131 288 2167 nuitur,
304 2139 378 2169 quae
402 2134 453 2160 est
477 2131 510 2160 in
532 2139 585 2166 ρο,
601 2130 688 2169 quod
711 2130 862 2170 designa-

157 2177 267 2203 torem
290 2172 371 2203 facit
391 2171 654 2212 Tyrannionem,
676 2176 734 2212 qui
756 2172 860 2211 libris,

157 2220 197 2246 ut
219 2214 409 2245 hominibus
433 2215 468 2245 in
492 2225 626 2255 pompa,
648 2215 775 2255 nuptiis
797 2217 859 2247 διο.

156 2257 269 2288 locum
298 2258 416 2297 cuique
445 2266 541 2288 suum
571 2257 736 2297 adsignat.
768 2257 860 2288 deni-

156 2310 220 2339 que
235 2299 308 2331 edd.
333 2310 383 2340 pr.
410 2299 510 2330 Rom.
526 2300 621 2331 Jens.
643 2300 861 2330 consentiunt

154 2342 190 2373 in
206 2343 476 2381 designationem,
490 2342 578 2382 quod
591 2352 659 2373 non
673 2343 739 2373 fert
751 2343 858 2373 biblio-

152 2388 296 2417 thecam.
319 2390 354 2415 et
369 2386 441 2424 quis
454 2385 544 2416 dicat
560 2385 748 2416 bibliotheca
762 2386 858 2416 libro-

152 2429 260 2458 rum?
283 2427 400 2467 ltaque
415 2427 578 2458 scribam:
610 2426 754 2469 offendes
773 2429 857 2458 desi-

150 2472 343 2510 gnationem
367 2470 588 2510 Tyrannionis
616 2471 794 2511 mirificam
819 2472 856 2501 li-

153 2515 288 2544 brorum
312 2522 473 2543 meorum.
503 2512 644 2552 denique
668 2512 754 2543 edidi
781 2523 858 2543 cum

152 2556 284 2587 Graevio
300 2565 390 2592 mox,
405 2564 507 2596 quam
526 2560 701 2595 putaram,
717 2565 776 2596 pro
792 2565 859 2596 pu-

154 2604 262 2630 taras.
285 2598 331 2628 sic
346 2598 419 2629 edd.
435 2608 485 2638 pr.

195 2645 238 2672 45
266 2641 368 2670 etiam
395 2642 493 2671 velim
522 2641 604 2670 mihi
633 2639 762 2680 mittas]
801 2640 856 2670 Sic

151 2693 227 2714 mea
244 2688 363 2723 sponte
377 2693 583 2714 correxeram
598 2693 638 2714 ex
656 2683 728 2722 lege
743 2682 857 2713 latini-

150 2725 232 2756 tatis
255 2725 428 2764 vulgatum
444 2727 573 2764 vellem,
589 2735 665 2756 cum
682 2726 730 2756 ita
751 2725 856 2766 reperi

152 2768 188 2798 in
205 2767 277 2797 edd.
293 2777 341 2807 pr.
356 2768 453 2798 Rom.
468 2768 561 2799 Jens.
576 2767 651 2800 Ald.
667 2769 725 2799 ἃς.

190 2810 233 2840 46
255 2810 407 2845 «wanden
423 2811 513 2850 app]
546 2821 575 2841 v.
594 2810 686 2841 Clav.
700 2811 735 2841 in
760 2809 852 2840 Grae·

149 2853 207 2884 eis.
231 2851 285 2881 uhi
302 2852 395 2883 docui
411 2852 549 2887 σιλλύέες
566 2853 788 2884 scribendum.

192 2897 231 2928 47
256 2894 485 2935 lwediasfidius
504 2906 544 2926 m
560 2900 597 2925 tu
620 2896 726 2926 emisti
745 2897 853 2925 locum

910 1790 1025 1821 dentia
1046 1791 1199 1822 refertur.
1222 1790 1372 1831 exempla
1396 1791 1517 1824 similia
1537 1800 1618 1825 sunt

909 1833 997 1873 apud
1017 1833 1176 1871 comicos,
1196 1837 1235 1863 nt
1260 1833 1373 1863 docuit
1394 1833 1469 1864 ille:
1500 1837 1620 1876 oedepol

907 1880 1010 1913 netu,
1026 1875 1076 1906 vel
1092 1886 1158 1908 nos.
1193 1875 1437 1906 Difficultatem
1454 1877 1554 1909 habet
1569 1881 1616 1909 Io-

907 1927 976 1955 cus,
993 1917 1048 1958 qui
1063 1923 1171 1949 emtus
1194 1927 1264 1948 esse
1279 1917 1401 1948 dicitur
1414 1919 1455 1949 ab
1480 1920 1612 1952 Attico:

907 1960 990 1991 item
1014 1960 1147 2000 reliqua.
1185 1960 1225 1991 ΑΙ.
1245 1960 1305 1991 Fr.
1330 1960 1514 1992 Gronovius
1529 1964 1614 1994 acci-

907 2003 1019 2043 piebat
1036 2002 1075 2033 de
1095 2003 1168 2034 loco
1191 2004 1226 2033 in
1241 2003 1450 2043 spectaculis,
1465 2003 1505 2035 de
1527 2006 1612 2037 Sest.

907 2046 955 2082 11,
970 2049 1000 2080 7.
1017 2045 1074 2076 sed
1088 2045 1161 2077 loca
1180 2047 1216 2076 in
1231 2045 1426 2086 spectaculis
1441 2056 1509 2077 non
1524 2058 1612 2079 eme-

907 2088 1041 2119 bantur.
1070 2098 1134 2119 -nec
1163 2088 1291 2127 reliq-ua
1319 2089 1549 2127 consentiunt,
1573 2096 1613 2122 ut

907 2131 989 2163 vidit
1005 2131 1174 2163 Graevius;
1197 2132 1254 2170 qui
1271 2131 1380 2160 locum
1398 2136 1496 2171 putat
1512 2134 1613 2164 intel·

904 2173 977 2212 ligi,
989 2173 1046 2205 ubi
1057 2173 1256 2212 gladiatores
1270 2178 1514 2212 exercerentur,
1529 2185 1610 2215 quos

904 2216 990 2253 aliis,
1006 2216 1179 2247 edentibus
1194 2225 1346 2251 munera,
1362 2215 1500 2255 locaret,
1513 2222 1552 2248 ut
1565 2228 1610 2249 εει

903 2258 1051 2289 alienum
1081 2269 1120 2289 ex
1152 2268 1192 2289 ea
1219 2258 1366 2288 emtione
1396 2263 1606 2291 contractum

902 2300 1107 2332 dissolveret.
1131 2301 1179 2331 ita
1200 2305 1236 2331 et
1251 2300 1287 2331 P.
1314 2301 1499 2332 Manutius.
1543 2303 1608 2335 Sed

902 2343 1023 2373 durum
1037 2348 1101 2381 est,
1121 2343 1224 2374 talem
1240 2342 1431 2383 palaestram
1446 2344 1603 2385 simplici·
1662 2359 1667 2361 “

901 2390 954 2415 ter
968 2387 1075 2416 locum
1097 2385 1170 2418 dici.
1193 2395 1272 2416 nam
1290 2385 1379 2424 quod
1401 2385 1489 2417 infra
1512 2387 1606 2426 dicit,

901 2437 936 2458 se
972 2429 1134 2468 Dionysio
1175 2428 1370 2468 praeceptori
1409 2428 1605 2462 Ciceronem

901 2470 1076 2512 (edificasse
1098 2472 1217 2508 locum,
1244 2470 1277 2501 id
1302 2480 1371 2500 non
1394 2471 1473 2501 satis
1495 2473 1605 2505 simile

901 2519 965 2550 est,
983 2514 1060 2553 quia
1074 2513 1119 2543 ibi
1133 2513 1175 2543 ad
1190 2513 1359 2543 homi-nem
1377 2513 1532 2552 refertur,
1548 2517 1604 2553 qui

902 2555 946 2586 ibi
970 2555 1112 2592 habitet,
1128 2555 1255 2587 doceat.
1278 2565 1340 2586 nec
1362 2555 1517 2587 credibile
1539 2566 1602 2595 est,

901 2597 1053 2629 Atticum
1082 2597 1191 2629 aliena
1217 2598 1360 2639 pecunia
1387 2599 1517 2636 emisse,
1547 2603 1603 2641 qui

898 2643 970 2671 tam
997 2640 1086 2671 dives
1111 2645 1209 2672 esset.
1233 2640 1351 2671 melius
1377 2641 1515 2681 Popma,
1544 2644 1600 2681 qui

900 2683 1005 2713 locum
1020 2683 1059 2713 de
1075 2682 1151 2714 ludo
1166 2682 1253 2723 glad.
1269 2683 1371 2723 capit,
1388 2688 1422 2714 et
1436 2685 1603 2715 liberasses

899 2725 1056 2765 explicat,
1078 2730 1118 2756 ut
1140 2726 1380 2756 manumittere
1402 2725 1602 2765 gladiatores

895 2777 1019 2808 posses,
1057 2772 1191 2808 recepta
1225 2768 1366 2809 pecunia
1396 2772 1468 2804 tua,
1498 2770 1600 2799 etiam

895 2820 972 2840 cum
999 2811 1134 2841 foenore.
1181 2810 1305 2841 Locum
1330 2819 1409 2849 ergo
1433 2811 1600 2850 capiemus

895 2852 935 2882 de
950 2852 1027 2883 ludo
1043 2863 1119 2883 cum
1137 2851 1374 2892 gladiatoribus
1390 2852 1424 2883 in
1442 2862 1480 2883 eo
1497 2853 1574 2885 iudo
1591 2866 1595 2883 ς

895 2894 957 2925 nisi
973 2895 1120 2935 legamus
1137 2896 1264 2926 lardum.

809 2943 958 2979 M1n3
