1940 3231
192 1390 224 1427 p.
241 1389 313 1418 330.

276 2818 308 2850 b.

329 145 403 185 978
748 134 928 174 EPIST.
954 135 1034 173 AD
1060 134 1329 174 BRUTUM.

327 255 474 286 tunam
510 240 654 298 populi
681 238 883 288 Romani,
906 244 1037 295 (quae,
1066 254 1324 295 quamquam
1351 238 1475 280 nobis
1497 237 1652 279 infesta
1673 244 1754 293 est,

325 302 409 344 fuit
442 301 669 355 aliquan-lo
707 299 908 353 propitia,
943 308 984 337 et
1016 307 1062 337 ut
1089 312 1226 352 spero,
1250 296 1392 337 futura
1421 299 1517 346 est‚)
1548 298 1642 351 quis
1665 305 1755 336 tam

326 373 479 414 expers
504 356 795 403 numanitatis,
817 355 912 408 quis
944 355 1068 408 liujus
1093 355 1207 394 urbis
1232 354 1392 394 nomini
1416 369 1465 394 ac
1488 354 1658 394 sedibus
1682 367 1754 393 us-

327 430 409 471 que
440 415 546 455 adeo
578 423 638 453 est
674 412 886 460 inimicus,
921 423 963 450 ut
997 412 1077 450 ista
1108 421 1179 450 aut
1211 411 1476 451 dissimulare
1505 411 1654 466 possit,
1676 417 1753 450 aut.

325 486 412 513 non
446 471 614 512 dolere?
646 481 733 517 aut,
757 469 788 507 si
817 467 927 507 nulla
962 468 1125 507 ratione
1153 468 1333 522 publicis
1356 468 1640 508 incommodis
1663 480 1753 506 me-

325 530 412 570 deri
438 537 580 582 queat,
604 540 686 566 non
713 534 847 564 morte
872 525 1086 579 proprium
1123 524 1354 578 periculum
1379 526 1510 566 vitet?
1545 524 1673 571 Nam,
1705 529 1754 563 ut

324 586 465 627 ordiar
496 585 551 624 ab
584 583 724 632 initio,
757 592 799 621 et
825 581 1048 635 perducam
1084 581 1134 620 ad
1169 592 1425 631 extremum,
1447 592 1490 622 et
1521 581 1755 622 novissima

326 642 542 683 conferam
582 640 743 695 primis,
772 653 868 692 quae
907 652 990 677 non
1029 638 1238 692 posterior
1260 638 1348 678 dies
1371 640 1562 679 acerbior
1585 637 1754 693 priore?

325 710 366 740 et
390 714 486 753 quae
510 711 592 738 non
619 698 844 749 insequens
867 694 971 734 hora
990 695 1267 734 antecedente
1286 694 1574 737 calainitosior
1591 696 1753 752 populo

327 756 525 796 Romano
560 754 729 794 illuxit?
763 751 828 791 Μ.
853 751 1083 801 Antonius,
1106 752 1169 791 vir
1192 752 1320 792 animi
1347 752 1540 803 maximi,
1567 754 1753 805 (utinam

325 814 454 853 etiam
479 811 681 866 sapientis
705 808 871 850 consilii
895 808 1042 848 fnisset
1060 809 1088 857 l)
1122 807 1173 848 C.
1194 808 1380 859 Caesare,
1410 808 1654 862 fortissime,
1677 810 1751 853 sed

323 884 472 926 parum
499 868 694 918 feliciter,
716 881 740 906 a
756 865 1002 921 reipublicae
1026 865 1321 906 dominatione
1344 876 1574 917 summoto,
1595 882 1756 910 concu-

323 927 462 983 pierat
482 925 618 980 magis
641 923 822 979 regium,
845 937 972 977 quam
994 922 1128 962 libera
1149 922 1300 963 civitas
1324 922 1412 978 pati
1435 932 1618 978 poterat,
1636 925 1754 979 prin-

323 983 530 1039 cipatum.
564 981 778 1038 publicam
813 979 1076 1035 dilapidabat
1106 980 1349 1034 pecuniam,
1372 978 1569 1021 aerarium
1591 981 1756 1023 exhau-

324 1041 475 1091 riebat,
498 1039 720 1079 minuebat
743 1037 984 1092 vectigalia,
1003 1037 1192 1077 donabat
1213 1037 1435 1078 civitates:
1459 1051 1514 1078 ex
1536 1051 1758 1081 commen-

323 1098 432 1138 tario
452 1097 709 1138 dictaturam
730 1095 931 1150 gerebat3
962 1093 1076 1149 leges
1100 1093 1377 1150 imponebat3
1408 1093 1668 1150 prohibebat
1689 1096 1756 1138 di-

324 1163 533 1196 ctatorem
555 1153 685 1194 creari
708 1151 957 1208 plebiscito;
981 1151 1070 1206 ipse
1092 1152 1301 1207 regnabat
1320 1151 1362 1192 in
1381 1151 1603 1192 consulatu
1623 1170 1633 1194 :
1657 1168 1759 1209 pro-

324 1212 487 1253 vincias
522 1226 628 1251 unus
658 1223 805 1251 omnes
833 1208 1135 1263 concupiebat.
1167 1209 1237 1249 cui
1269 1208 1469 1250 sordebat
1491 1208 1758 1252 Macedonia

325 1268 562 1325 provincia,
592 1281 720 1323 quam
755 1266 893 1307 victor
923 1265 1003 1305 sibi
1038 1274 1244 1306 sumserat
1268 1265 1428 1317 Caesar,
1450 1266 1552 1321 quid
1589 1267 1642 1308 de
1673 1267 1758 1310 hoc

327 1340 495 1381 sperare
527 1333 600 1365 aut
622 1332 873 1380 exspectare
895 1336 973 1362 nos
995 1323 1250 1378 oportebat?
1284 1322 1501 1364 Exstitisti
1524 1331 1569 1363 tu
1596 1324 1755 1367 vindex

329 1394 487 1424 nostrae
509 1382 733 1432 libertatis,
764 1389 811 1421 ut
839 1389 940 1421 tunc
973 1379 1161 1434 quidem,
1192 1380 1396 1435 optimus,
1430 1380 1563 1435 (quod
1591 1381 1758 1424 utinam

308 1452 465 1495 'neque
487 1449 632 1480 nostra
652 1452 730 1478 nos
751 1437 915 1493 opinio,
937 1451 1076 1492 neque
1098 1445 1172 1478 tua
1194 1437 1299 1478 fides
1328 1436 1591 1489 fefellissetl)
1618 1447 1662 1480 et
1684 1453 1758 1480 ve-

326 1498 484 1539 teranis
518 1497 560 1537 in
586 1510 719 1537 unum
741 1494 981 1545 conductis,
1003 1502 1046 1534 et
1066 1494 1232 1535 duabus
1255 1493 1498 1551 legionibus
1521 1510 1546 1536 a
1567 1496 1759 1552 pernicie

323 1556 475 1611 patriae
499 1555 551 1595 ad
575 1554 753 1594 salutem
787 1552 992 1602 avocatis,
1020 1551 1163 1592 subito
1199 1566 1331 1608 prope
1354 1551 1449 1607 jam
1482 1551 1682 1594 affectam
1703 1568 1755 1595 ac

320 1621 579 1668 prostratam
612 1609 924 1666 rempublicam
961 1608 1043 1649 tuis
1073 1609 1229 1664 opibus
1255 1609 1465 1650 extulisti.
1525 1609 1637 1655 Quae
1674 1610 1757 1652 tibi

320 1683 408 1710 non
447 1680 559 1719 ante,
597 1682 726 1722 quam
765 1665 1027 1722 postulares3
1058 1666 1237 1720 majora,
1268 1680 1398 1721 quam
1429 1665 1584 1719 velles;
1617 1667 1755 1723 plura,

321 1741 448 1781 quam
469 1739 672 1782 sperares,
692 1724 845 1765 detulit
867 1724 1067 1764 senatus?
1101 1722 1234 1764 Dedit
1253 1721 1403 1773 fasces,
1423 1732 1470 1763 ut
1487 1737 1586 1764 cum
1605 1733 1756 1765 aucto-

320 1785 447 1824 ritate
469 1783 737 1824 defensorem
760 1781 950 1830 haberet,
980 1794 1069 1821 non
1096 1789 1144 1821 ut
1174 1780 1353 1835 imperio
1377 1794 1420 1820 se
1442 1779 1667 1822 adversum
1689 1796 1757 1823 ar-

316 1850 470 1881 maret.
529 1838 781 1896 Appellavit
818 1838 1137 1893 imperatorem,
1168 1837 1356 1879 hostium
1393 1837 1586 1879 exercitu
1617 1838 1759 1895 pulso,

319 1898 510 1938 tribuens
532 1897 756 1947 honorem,
780 1910 866 1936 non
888 1904 937 1935 ut
960 1909 1035 1935 sua
1056 1895 1175 1936 caede
1197 1909 1332 1936 caesus
1355 1893 1424 1935 ille
1442 1893 1612 1950 fugiens
1632 1910 1756 1936 exer-

319 1956 432 1995 citus
456 1964 496 1995 te
521 1954 761 1995 nominaret
783 1953 1100 2008 imperatorem.
1142 1951 1345 1993 Decrevit
1368 1951 1410 1992 in
1435 1950 1529 1992 foro
1553 1962 1756 2004 statuam,

316 2011 460 2058 locum
485 2012 526 2052 in
553 2021 717 2060 senatu,
740 2009 1191 2063 summumghonorem
1214 2018 1313 2050 ante
1337 2017 1519 2064 tempus.
1581 2009 1627 2050 Si
1648 2010 1755 2065 quid

317 2069 432 2110 aliud
468 2078 546 2118 est,
569 2068 685 2123 quod
718 2067 808 2108 dari
845 2067 995 2122 possit,
1018 2067 1161 2107 addat.
1223 2066 1341 2113 Quid
1376 2065 1490 2107 aliud
1515 2074 1580 2107 est
1601 2068 1758 2122 majus,

319 2126 431 2180 quod
458 2126 559 2167 velis
584 2126 780 2166 sumere?
813 2124 888 2164 Sin
911 2136 1053 2164 autem
1078 2137 1205 2179 supra
1226 2131 1414 2174 aetatem,
1435 2138 1562 2179 supra
1577 2138 1760 2165 consue-

319 2183 528 2234 tudinem,
564 2197 692 2238 supra
721 2181 852 2222 etiam
889 2180 1195 2221 mortalitatem
1234 2190 1351 2221 tuam
1386 2181 1465 2221 tibi
1493 2190 1591 2221 sunt
1613 2182 1760 2222 omnia

319 2240 505 2281 tributa:
539 2254 614 2280 cur
635 2249 707 2280 aut
732 2239 924 2294 ingratus
947 2238 1189 2288 crudeliter,
1212 2248 1285 2278 aut
1308 2238 1533 2278 immemor
1555 2238 1758 2280 beneficii

319 2297 521 2337 scelerate
550 2296 867 2337 circumscribis
899 2297 1122 2336 senatum?
1157 2296 1257 2341 Quo
1287 2305 1328 2336 te
1362 2294 1556 2335 misimus
1573 2298 1591 2337 ἓν
1617 2311 1641 2336 a
1661 2295 1759 2351 qui-

318 2354 398 2394 bus
421 2354 672 2395 reverteris?
704 2363 854 2394 contra
876 2367 983 2406 quos
1002 2352 1286 2394 armavimus?
1318 2353 1473 2407 quibus
1491 2355 1614 2393 'arma
1634 2352 1758 2408 cogi-

318 2419 384 2451 tas
415 2410 598 2452 inferre?
629 2426 654 2451 a
675 2411 830 2465 quibus
862 2411 1100 2450 exercitum
1123 2409 1329 2450 abducis?
1359 2418 1402 2449 et
1430 2423 1537 2464 quos
1556 2409 1758 2451 adversus

319 2467 454 2508 aciem
479 2468 633 2509 struis?
666 2467 756 2508 Cur
787 2467 921 2507 hostis
954 2467 1232 2521 relinquitur?
1263 2466 1370 2507 civis
1394 2466 1528 2507 bostis
1558 2466 1657 2507 loco
1679 2481 1756 2522 po-

316 2524 463 2565 nitur?
494 2538 569 2564 cur
601 2537 739 2565 castra
772 2524 913 2564 medio
937 2524 1088 2564 itinere
1118 2523 1288 2578 longius
1320 2523 1657 2563 adversariorum
1686 2538 1760 2564 ca·-

320 2583 432 2630 stris,
455 2590 496 2620 et
518 2582 691 2636 propius
718 2581 863 2621 urbem
886 2582 1140 2622 moventur?
1175 2581 1214 2621 O
1238 2594 1305 2620 me
1328 2594 1562 2634 numquam
1585 2581 1756 2635 sapien-

320 2647 423 2688 tem,
447 2648 490 2677 et
511 2638 740 2692 aliquando
766 2639 821 2687 id,
854 2638 967 2692 quod
992 2652 1075 2678 non
1099 2651 1230 2687 eram,
1254 2638 1408 2677 frustra
1431 2637 1756 2680 existimatum!

319 2705 527 2749 quantum
553 2706 605 2744 te,
629 2694 784 2750 popule
809 2694 1016 2746 Romane,
1035 2695 1088 2735 de
1109 2709 1174 2734 me
1194 2694 1343 2734 fefellit
1358 2694 1533 2748 opinio?
1557 2694 1597 2735 O
1617 2708 1757 2735 meam

320 2751 613 2792 calamitosam
638 2767 687 2793 ac
722 2751 989 2807 praecipitem
1027 2751 1314 2792 senectutem!
1349 2750 1388 2791 Ο
1413 2763 1578 2806 turpem
1602 2762 1759 2793 exacta

321 2808 595 2863 dementique
612 2819 739 2849 aetate
755 2810 961 2849 caniciem
981 2810 988 2850 ἔ
1017 2807 1110 2863 Ego
1134 2817 1272 2864 patres
1291 2809 1558 2864 conscriptos
1585 2809 1634 2849 ad
1662 2823 1757 2864 par-

319 2865 516 2906 ricidium
542 2866 719 2910 induxi:
743 2879 826 2922 ego
842 2866 1153 2922 rempublicam
1173 2865 1330 2909 fefem:
1353 2879 1436 2925 ego
1450 2865 1541 2923 ipse
1560 2874 1760 2918 senatum
