1940 3231
376 148 451 183 ssi
763 144 935 184 E1'1ST.
962 142 1043 183 AD
1070 147 1118 186 Q.
1146 139 1449 190 FRATREM,

767 249 1024 292 MARCUS
1049 250 1105 297 Q.
1130 249 1360 292 FRATRI
1384 250 1428 290 S.

348 306 531 357 IETSI
556 331 640 357 non
668 317 936 368 dubitabam,
957 319 1061 372 quin
1094 318 1206 359 hanc
1238 316 1464 373 epistolam
1500 314 1624 356 multi
1659 313 1822 365 nuntii,

388 377 398 403 ¹
426 373 540 428 fama
571 375 754 429 denique
775 385 886 415 esset
917 376 1010 431 ipsa
1039 390 1114 416 sua
1144 375 1361 416 celeritate
1395 382 1662 430 superatura,
1685 381 1822 426 tuque

386 440 485 471 aute
509 432 563 472 ab
586 432 677 471 aliis
709 432 930 472 auditurus
960 446 1087 482 esses,
1110 446 1269 472 annum
1299 431 1475 473 tertium
1498 430 1728 471 accessisse
1751 428 1824 468 de-

387 488 542 528 siderio
575 497 735 538 nostro,
758 498 799 528 et
831 489 966 529 labori
991 497 1092 530 tuo:
1137 498 1278 529 tamen
1303 487 1549 530 existimavi
1575 503 1599 527 a
1627 501 1697 527 nie
1719 499 1828 540 quo-

387 559 471 599 que
505 545 582 584 tibi
608 545 735 600 hujus
770 546 976 586 molestiae
1001 545 1200 586 nuntium
1236 545 1410 601 perferri
1438 555 1652 601 oportere.v
1713 542 1827 583 Nam

390 602 681 656 superioribus
720 602 888 653 litteris,
912 617 998 643 non
1035 603 1145 652 unis,
1169 603 1242 643 sed
1276 603 1485 658 pluribus,
1515 616 1613 642 cum
1644 599 1737 655 jam
1772 600 1828 639 ab

390 658 483 699 aliis
518 659 743 714 desperata
776 674 839 699 res
875 669 999 709 esset,
1031 669 1172 700 tamen
1194 674 1276 714 ego
1302 660 1378 699 tibi
1405 673 1520 714 spem
1553 667 1733 699 maturae
1756 656 1830 697 de-

255 736 287 767 p.
305 729 376 760 290.
391 715 594 756 cessionis
617 715 875 768 ati'erebam3
908 731 992 757 non
1018 717 1170 766 solum,
1193 728 1241 757 ut
1275 731 1402 771 quam
1426 716 1666 756 diutissime
1697 713 1830 768 teju-

349 772 533 813 a·cunda
555 774 760 829 opinione
783 773 1061 824 oblectarem,
1084 774 1154 814 sed
1179 774 1306 813 etiam
1327 774 1429 827 quia
1448 782 1567 813 tanta
1589 772 1828 812 adhibeba-

392 838 460 870 tur
482 839 524 870 et
548 845 572 870 a
595 831 718 871 nobis
741 840 784 870 et
806 847 829 871 a
853 832 1110 886 praetoribus
1132 830 1370 880 contentio,
1394 840 1442 870 ut
1470 844 1557 870 rem
1580 843 1705 885 posse
1727 842 1830 869 con-

391 887 462 928 fici
487 902 571 927 non
607 887 860 929 diffiderem.
922 888 1052 929 Nunc
1084 888 1288 942 quoniam
1323 888 1384 927 ita
1416 887 1589 937 accidit,
1612 895 1660 926 ut
1692 898 1831 940 neque

391 954 597 1000 praetores
632 945 718 985 suis
752 946 923 1001 opibuS,
957 960 1095 1000 neque
1128 960 1206 986 nos
1240 954 1387 985 nostro
1421 944 1563 984 studio
1596 943 1832 998 quidquam

393 1001 601 1057 proficere
625 1017 860 1057 possemus,
880 1011 944 1043 est
965 1003 1143 1043 omnino
1167 1002 1343 1049 difficile
1364 1016 1449 1042 uon
1474 1000 1661 1056 graviter
1682 1000 1725 1041 id
1750 999 1832 1040 fer-

394 1073 464 1100 re:
498 1059 567 1099 sed
595 1069 733 1100 tamen
755 1071 921 1101 nostros
945 1061 1110 1101 animos
1133 1059 1335 1100 maximis
1359 1061 1401 1099 in
1425 1060 1549 1099 rebus
1569 1067 1612 1098 et
1634 1056 1833 1113 gerendis

393 1125 438 1157 et
461 1117 721 1158 sustinendis
753 1117 1027 1168 exercitatos,
1051 1117 1192 1173 frangi
1214 1127 1258 1157 et
1281 1116 1494 1157 debilitari
1517 1114 1715 1156 molestia
1742 1128 1831 1155 non

395 1183 582 1229 oportet.
645 1174 700 1215 Et
735 1175 938 1230 quoniam
977 1190 1027 1216 ea
1055 1174 1355 1215 molestissime
1389 1173 1497 1214 ferre
1531 1172 1726 1213 homines
1761 1171 1835 1211 de-

395 1231 514 1282 bent,
537 1247 633 1286 quae
666 1233 856 1287 ipsorum
892 1232 1019 1289 eulpa>
1051 1240 1274 1273 contracta
1305 1241 1418 1281 sunt,
1451 1240 1516 1271 est
1551 1229 1755 1285 quiddam
1788 1227 1835 1269 in

395 1288 476 1329 hae
517 1303 559 1329 re
594 1290 696 1329 milii
734 1290 953 1330 molestius
991 1290 1227 1340 ferendum,
1262 1303 1390 1344 quam
1430 1288 1524 1329 tibi.
1569 1287 1732 1329 factum
1769 1296 1835 1326 est

395 1347 508 1386 enim
533 1361 628 1387 mea
656 1346 797 1403 culpa,
828 1357 993 1399 contra,
1015 1362 1144 1402 quam
1180 1357 1225 1388 tu
1259 1361 1444 1397 mecum,
1466 1354 1510 1386 et
1542 1344 1837 1401 proficiscens,

395 1413 438 1443 et
476 1418 549 1458 per
586 1404 747 1445 litteras
781 1419 942 1460 egeras,
985 1414 1031 1446 ut
1070 1404 1208 1460 priore
1246 1419 1358 1444 anno
1397 1417 1480 1443 non
1522 1401 1835 1443 succederetur.

399 1458 528 1507 Quod
552 1476 649 1517 ego,
672 1462 774 1502 dum
795 1463 1008 1503 sociorum
1032 1462 1157 1503 saluti
1180 1461 1374 1511 consulo,
1394 1461 1496 1501 dum
1519 1458 1836 1515 2i1npudentiae

392 1519 698 1560 ,nonnullorum
738 1520 1056 1575 negotiatorum
1091 1521 1256 1569 resisto,
1288 1519 1391 1559 dum
1426 1526 1615 1572 nostram
1651 1515 1834 1572 gloriam

399 1584 472 1616 tua
509 1576 666 1617 virtute
698 1577 844 1633 augeri
881 1588 1056 1633 expeto,
1091 1576 1173 1617 feci
1207 1591 1293 1617 non
1327 1575 1565 1631 sapienter:
1599 1573 1839 1630 praesertim

397 1636 416 1663 3
442 1647 539 1673 cum
575 1634 615 1674 id
654 1635 958 1685 commiserim,
990 1644 1037 1675 ut
1072 1633 1141 1674 ille
1173 1634 1278 1674 alter
1317 1647 1452 1673 annus
1490 1632 1621 1673 etiam
1661 1631 1838 1671 tertium

403 1700 545 1746 posset
588 1691 812 1733 adducere.
876 1692 1005 1738 Quod
1050 1691 1254 1746 quoniam
1294 1700 1518 1746 peceatum
1561 1702 1704 1730 meum
1747 1702 1840 1728 esse

400 1748 635 1799 confflem-3
666 1758 730 1789 est
766 1749 987 1804 sapientire
1024 1758 1153 1804 atque
1185 1748 1464 1789 humanitatis
1496 1756 1597 1797 tuae,
1620 1759 1767 1786 curare
1797 1757 1843 1786 et.

402 1805 619 1860 perficere,
644 1816 689 1846 ut
712 1807 793 1847 hoc
816 1807 955 1846 minus
984 1806 1198 1861 sapienter
1219 1821 1244 1845 a
1266 1820 1332 1846 mc
1356 1805 1590 1860 provisum,
1613 1802 1840 1858 diligentia

405 1871 477 1903 tua
508 1863 762 1919 corrigatur.
823 1863 888 1904 Ac
914 1864 945 1903 si
971 1875 1011 1904 te
1043 1864 1133 1918 ipse
1156 1862 1450 1903 vehementius
1476 1861 1528 1902 ad
1560 1874 1708 1901 omnes
1741 1873 1838 1915 par-

405 1928 466 1960 tes
490 1921 598 1961 bene
621 1920 819 1961 audiendi
844 1921 1073 1972 excitaris3
1104 1935 1190 1961 non
1217 1931 1261 1960 ut
1283 1935 1382 1961 cum
1405 1919 1513 1969 aliis,
1533 1918 1605 1958 sed
1629 1927 1676 1958 ut
1698 1926 1843 1957 tecum

396 1977 489 2031 jam
514 1977 604 2033 ipse
637 1989 803 2030 certes3
836 1979 868 2018 si
900 1993 1072 2019 onlnem
1102 1987 1219 2018 tuam
1252 1987 1458 2026 mentem,
1480 1989 1641 2024 curam,
1662 1975 1842 2030 *cogita-

407 2036 586 2086 tionem,
628 2035 712 2075 4ad
759 2035 1041 2076 excellentem
1086 2035 1286 2075 omnibus
1319 2035 1360 2075 in
1394 2034 1520 2074 rebus
1555 2032 1690 2073 laudis
1726 2031 1849 2088 cupi·-

404 2091 585 2133 ditatem
622 2092 838 2134 incitaris:
879 2093 984 2133 mihi
1019 2093 1157 2142 crede,
1190 2107 1298 2132 unus
1334 2106 1470 2133 annus
1501 2090 1671 2131 additus
1707 2088 1844 2129 labori

408 2158 497 2199 tuo,
521 2149 752 2190 multorum
774 2165 983 2191 annorum
1006 2150 1201 2191 laetitiam
1227 2149 1365 2198 nobis,
1387 2148 1564 2205 gloriam
1594 2161 1691 2187 vero
1713 2146 1844 2186 etiam

407 2207 589 2261 posteris
612 2208 769 2247 nostris
799 2207 962 2247 afferet.
1025 2208 1301 2262 Quapropter
1324 2206 1406 2246 hoc
1429 2215 1470 2245 te
1503 2205 1686 2261 primum
1723 2218 1845 2259 rogo,

409 2278 462 2303 ue
481 2264 723 2313 contrahas,
744 2274 815 2304 aut
835 2265 1034 2305 demittas
1057 2265 1262 2314 animum,
1281 2278 1388 2304 neve
1411 2273 1452 2303 te
1467 2262 1607 2310 obrui,
1627 2271 1843 2315 tamquam

385 2321 560 2371 2fluctu,
585 2322 645 2361 sic
671 2322 966 2377 magnitudine
995 2322 1157 2376 negotii
1183 2322 1320 2362 sinas:
1360 2329 1594 2375 contraque
1624 2318 1777 2373 erigaS,
1797 2332 1847 2358 ac

409 2379 594 2429 resistas,
624 2379 714 2419 sive
747 2379 874 2419 etiam
912 2379 1021 2419 ultro
1051 2393 1248 2420 occurras
1282 2377 1482 2434 negotiis.
1546 2376 1699 2430 Neque
1731 2374 1846 2415 enim

453 2495 466 2522 l
481 2494 585 2534 sama
603 2494 737 2533 deniqne
753 2493 836 2533 ipsa]
857 2492 997 2524 Verbum
1015 2493 1105 2523 dem*-
1191 2496 1209 2524 3
1233 2502 1307 2524 cum
1330 2489 1366 2523 id
1386 2487 1616 2529 commiserim]
1643 2486 1776 2525 Putem,
1793 2488 1849 2521 Ci-

407 2544 480 2573 ᾳιιο,
497 2536 611 2565 deinde
638 2537 737 2565 etiam
755 2537 957 2566 consuetudo
974 2536 1105 2566 Cicero-
1149 2546 1301 2566 cerouern
1317 2535 1480 2573 scripsisse
1494 2534 1554 2562 ita.

410 2578 459 2606 nis
475 2577 506 2606 iu
522 2578 580 2606 tali
597 2588 629 2607 re
653 2588 704 2607 uie
721 2579 822 2608 movit
839 2579 975 2613 dudum,
991 2588 1029 2608 ut
1052 2588 1105 2608 su-
1191 2581 1211 2608 4
1234 2578 1279 2608 ad
1292 2579 1497 2607 excellentem
1508 2585 1536 2605 o.
1552 2575 1574 2604 i.
1590 2583 1617 2604 r.
1638 2574 1744 2604 laudis
1759 2575 1849 2614 cupi-

410 2620 551 2658 spicarer
564 2620 628 2654 hic,
643 2626 715 2659 pest
731 2622 841 2650 nuncia·
855 2621 1009 2652 excidisse
1024 2623 1108 2651 mul-
1150 2620 1302 2659 ditarem]
1332 2620 1440 2648 Potest
1462 2617 1552 2654 ferri,
1567 2615 1771 2657 excellentiae
1788 2626 1848 2646 no-

410 2666 517 2691 corum
536 2663 647 2691 liferoe.
1149 2663 1278 2692 tionem
1294 2671 1368 2691 cuin
1386 2659 1565 2700 cupiditate
1586 2656 1757 2698 conjungi,
1771 2667 1848 2689 cum

447 2707 465 2733 2
481 2705 687 2743 impudentia»
700 2714 729 2733 n.
745 2704 999 2743 negotiatorum]
1019 2705 1108 2744 Qua·
1151 2704 1279 2744 proprie
1308 2703 1347 2734 ad
1375 2702 1502 2732 laudem
1534 2701 1708 2740 pertineat.
1740 2704 1849 2740 poetae

410 2745 449 2775 lis
475 2745 532 2775 illa
558 2746 762 2784 impudentia
788 2747 900 2781 fuerit,
923 2748 1047 2786 optime
1070 2758 1108 2777 ex
1153 2747 1282 2785 quidem
1299 2755 1383 2785 saepe
1406 2745 1454 2774 ita
1475 2743 1622 2783 epitheta
1638 2748 1848 2782 permutant:

408 2789 554 2827 epistolis
566 2789 758 2818 adAttictzm
770 2801 787 2818 e
800 2789 1051 2828 Citieiaseriptis
1063 2789 1110 2819 di·
1153 2789 1207 2818 scd
1224 2794 1273 2818 est
1288 2794 1400 2817 tamen
1418 2788 1450 2816 in
1477 2786 1538 2816 boe
1555 2795 1673 2825 genere
1688 2784 1850 2816 orationis

407 2831 704 2869 sci1›‹⁷test.1=euipe
715 2831 1042 2862 volt-'nantCiceronis
1053 2841 1109 2861 au-
1154 2831 1275 2860 durius.
1290 2830 1399 2869 itaque
1412 2828 1522 2858 malim
1538 2828 1645 2867 legere
1659 2825 1853 2858 excellentis.

407 2871 561 2903 :sturitate
577 2872 660 2911 apud
675 2873 807 2902 fra-*rm*
823 2874 988 2912 perficere,
1007 2880 1043 2903 ut
1055 2884 1110 2903 eo·
1154 2873 1204 2902 ed.
1233 2873 1326 2903 dens.
1354 2872 1453 2901 habet
1490 2869 1728 2906 excellentiam,
1763 2867 1851 2909 quod

407 2924 478 2944 rum
491 2916 636 2946 avaritiae
650 2916 682 2945 in
700 2926 732 2945 re
748 2919 783 2945 {a
794 2915 882 2946 nobs}
894 2916 1089 2955 indulgeret.
1145 2915 1229 2946 sorte
1245 2926 1283 2945 cx
1298 2914 1480 2945 eccellentis
1495 2914 1621 2943 factum
1637 2916 1703 2942 est.
