1940 3231
399 384 483 442 M.
523 382 808 443 TULLII
849 389 1281 445 CICERONIS
1578 410 1697 445 ,im

271 505 1414 580 EPISTOLARUM

1577 458 1609 479 Ρ

813 644 868 671 ΑΒ

417 725 821 782 QUINTUM
865 728 1271 786 FRATREM,

698 836 889 879 LIBER
921 836 960 880 I.

636 1011 1043 1056 ARGUMENTUM.

117 1083 276 1125 Quintus
296 1078 432 1125 Cicero,
448 1093 491 1118 ex
506 1083 669 1130 praetura
683 1083 911 1130 provinciam
928 1083 1059 1118 Asiam
1070 1079 1236 1125 sortitus,
1253 1091 1366 1120 annos
1374 1079 1459 1131 jam
1477 1082 1572 1123 duos⁴

169 1137 357 1173 continuos
373 1147 505 1184 parum
521 1135 678 1170 secunda
684 1133 799 1184 fama
818 1146 898 1170 eam
916 1135 1208 1173 administrarat.
1266 1137 1354 1173 Cum
1373 1139 1411 1173 in
1429 1151 1565 1175 annum

169 1190 318 1225 tertium
345 1192 585 1237 prorogatum
613 1187 672 1223 illi
703 1188 896 1234 imperium
913 1186 1233 1237 fuisset,]Warcus
1252 1188 1384 1238 frater
1403 1191 1487 1227 inde
1504 1204 1563 1227 oc-

168 1243 348 1278 casionem
365 1252 445 1276 eum
463 1241 512 1276 acl
540 1240 683 1276 laudem
702 1240 919 1276 cohortandi
935 1241 1076 1283 sumsit,
1104 1242 1201 1288 quod
1219 1242 1262 1277 de
1279 1244 1479 1279 accessione
1496 1243 1566 1280 hac

166 1306 288 1337 annua
295 1291 428 1342 facere
454 1293 560 1329 illum
579 1293 768 1328 certiorem
785 1293 904 1329 vellet.
958 1293 1029 1329 Est
1047 1298 1169 1330 autem
1196 1294 1375 1343 bipartita
1395 1296 1564 1332 cohorta-

166 1348 243 1383 tio:
278 1347 384 1396 prior
412 1347 507 1381 enim
533 1357 620 1393 pars
649 1346 698 1381 ad
728 1357 783 1388 ea,
804 1357 884 1394 quae
910 1345 1102 1394 Rempubl.
1134 1348 1337 1395 attingunt,
1366 1349 1486 1385 altera
1513 1348 1563 1386 ad

164 1412 220 1441 ea,
250 1411 330 1448 quae
353 1400 504 1448 privata
531 1402 566 1434 et
599 1398 728 1439 Quinti
751 1397 838 1448 fere
859 1399 1049 1447 praecipua
1075 1404 1170 1439 sunt,
1197 1402 1382 1448 pertinet:
1410 1413 1497 1437 nam
1523 1403 1564 1437 ‘in

166 1454 414 1502 prioreparte
444 1463 487 1487 ea
510 1452 758 1499 persequi-tur,
788 1463 868 1499 quae
894 1452 944 1487 ad
974 1451 1104 1493 Quinti
1131 1453 1324 1501 imperium
1355 1466 1398 1489 ac
1413 1455 1562 1502 proi-in-

167 1506 295 1542 cialem
324 1505 679 1540 administrationem
706 1508 900 1551 spectant‚·
942 1504 987 1540 de
1016 1505 1144 1552 quibus
1181 1507 1455 1554 quadripartite
1486 1508 1560 1542 dis·-

164 1563 286 1608 putat.
323 1557 452 1594 Primo
471 1557 563 1599 loco,
581 1558 626 1592 de
646 1556 779 1597 Quinto
799 1558 878 1604 ipso
893 1562 1077 1605 praecepta
1095 1558 1186 1594 dat:
1214 1559 1277 1594 sed
1294 1570 1365 1594 non
1383 1560 1437 1595 ita
1456 1562 1562 1607 quasi

165 1612 209 1647 de
229 1611 365 1652 Quinto
381 1621 423 1645 ac
442 1611 516 1645 cive
535 1609 700 1645 Romano
712 1623 726 1649 ;
756 1621 879 1645 verum
897 1613 939 1645 ut
957 1609 1001 1645 de
1014 1609 1238 1658 amplissimo
1252 1611 1383 1659 populi
1401 1611 1564 1652 Romani

162 1665 395 1712 magistratu,
416 1663 546 1698 Asiam
574 1663 802 1710 provinciam
831 1673 911 1698 cum
928 1671 1066 1698 summo
1085 1664 1238 1711 imperio
1266 1665 1559 1702 administrante.

163 1717 292 1753 Altero
312 1716 402 1756 loco,
423 1716 467 1751 de
484 1716 529 1751 iis
548 1715 737 1751 comitibus
751 1715 934 1763 proecipu,
954 1727 1042 1763 quos
1058 1727 1176 1751 secum
1195 1717 1231 1752 in
1245 1718 1472 1765 provinciam
1492 1719 1558 1754 irn-

158 1771 257 1818 perii
280 1770 338 1804 sui
366 1769 551 1804 ministros
577 1768 877 1815 publicorumque
903 1769 1131 1815 negotiorum
1158 1767 1344 1815 adjutores
1371 1771 1558 1808 eduxerat.

162 1823 298 1858 Postea
317 1822 360 1856 cle
375 1821 536 1856 vitandis
565 1821 771 1856 Graecorum
789 1824 823 1855 et
840 1820 1116 1868 publicanorum
1134 1823 1257 1857 nimiis
1273 1821 1559 1870 familiaritatin

162 1876 225 1911 bus
245 1875 349 1910 illum
367 1877 488 1909 *monet
500 1888 513 1913 ;
547 1878 673 1921 utpote
691 1873 818 1920 quibus
836 1874 981 1920 vimperii
997 1875 1053 1908 sui
1073 1874 1235 1921 dignitas
1264 1873 1481 1923 labefactari
1487 1875 1559 1925 sa-

161 1928 230 1963 cile
257 1927 479 1974 convellique
502 1928 631 1974 possit.
686 1926 876 1961 Postremo
905 1926 1015 1961 ctiam
1035 1927 1078 1961 de
1093 1928 1206 1963 servis
1231 1929 1433 1963 cautionem
1452 1929 1558 1965 acilii-⁶

162 1980 217 2016 bet
228 1994 241 2020 ,·
273 1978 418 2027 ejusque
435 1983 545 2026 caput
561 1978 628 2014 hoc
645 1990 717 2014 esse
743 1978 872 2020 votuit,
892 1989 935 2013 ne
954 1979 1042 2026 quid
1060 1980 1118 2021 iis,
1139 1981 1236 2027 quod
1263 1980 1312 2015 ad
1329 1979 1556 2029 Rempublic.

160 2033 240 2070 ulla
258 2044 299 2067 ex
325 2036 432 2079 parte
447 2033 644 2079 pertineat,
663 2032 925 2067 committatur.
967 2031 1098 2078 Itaque
1113 2034 1323 2068 summatim
1342 2032 1416 2068 lzoec
1434 2035 1557 2069 omnia

160 2088 199 2121 in
228 2084 386 2133 Epilogo
418 2096 641 2127 enumerans,
663 2088 820 2131 quatuor
838 2083 913 2119 hcec
940 2084 1136 2130 dignitatis
1157 2084 1286 2125 Quinti
1303 2084 1556 2134 fundamenta

160 2139 348 2176 nominum
379 2138 630 2184 integritatem
645 2137 760 2184 ipsius
777 2140 811 2172 el
831 2137 1104 2179 continentiam,
1120 2138 1278 2173 omnium
1297 2138 1360 2185 qui
1379 2149 1459 2174 cum
1478 2140 1555 2186 ipso

160 2196 265 2226 erant
284 2190 470 2238 pudorem,
487 2189 663 2225 delectum
678 2191 712 2224 in
717 2188 1047 2238 J'cznziliaritatibus
1061 2193 1096 2224 et
1103 2191 1385 2237 provincialium
1403 2195 1439 2226 et
1455 2191 1557 2227 Groea

162 2255 299 2284 corum,
316 2247 500 2289 postremo
506 2241 671 2290 familiae
687 2253 836 2289 gravem
854 2246 888 2276 et
908 2246 1128 2277 constantem
1149 2243 1392 2291 disciplinam.
1420 2244 1556 2279 Altera

157 2308 246 2345 pars
266 2307 320 2338 ea,
340 2299 381 2330 ut
400 2298 484 2329 ante
503 2295 591 2333 dixi,
613 2306 692 2342 quce
717 2296 867 2342 privata
897 2295 1014 2341 magis
1043 2298 1140 2337 sunt,
1172 2296 1212 2331 id
1241 2300 1303 2335 est,
1326 2307 1405 2342 quse
1425 2296 1555 2336 Quinti

155 2359 350 2398 personam
379 2351 489 2394 atque
512 2346 670 2395 (fficium
699 2348 881 2395 praecipue
906 2348 1109 2394 attingunt,
1138 2349 1401 2395 complectitur.
1455 2348 1555 2384 Nam

155 2402 277 2449 primo
307 2400 397 2441 loco,
417 2400 461 2435 cle
486 2400 709 2435 moderanda
736 2400 945 2441 acerbitate,
964 2411 1037 2447 qua
1063 2411 1147 2434 usus
1165 2401 1203 2435 in
1229 2400 1555 2448 supplic·iis,antea

148 2453 297 2503 fuerat,
326 2453 439 2499 deque
457 2452 646 2487 retinenda
677 2450 811 2497 injure
843 2453 992 2487 dicendo
1011 2452 1260 2499 aequabilitate
1274 2453 1440 2501 precipit
1455 2467 1469 2494 ,·
1498 2465 1552 2490 se-

161 2506 290 2547 cundo,
327 2506 370 2540 cle
396 2504 623 2540 sublevandis
646 2505 843 2552 procincioe
870 2504 1045 2543 oneribus,
1078 2505 1348 2552 minuendisque
1377 2506 1553 2542 sumtibus

160 2562 195 2593 et
204 2556 389 2604 jacturis;
421 2558 542 2599 tertio,
563 2558 607 2592 (le
626 2558 863 2592 conciliandis
897 2569 974 2592 cum
991 2557 1268 2604 publicanorum
1288 2558 1415 2593 ordine
1431 2560 1550 2605 sociis,

159 2611 481 2656 constituendaque
506 2610 602 2645 inte-r
629 2610 711 2644 illos
731 2610 923 2645 concordia
934 2622 948 2650 ;
975 2614 1170 2657 postremo,
1190 2611 1234 2645 (Ie
1262 2611 1455 2646 coercenda
1477 2612 1551 2646 ira-

160 2663 293 2698 cundia
309 2667 344 2698 et
361 2667 504 2697 naturae
523 2663 659 2709 impetu
676 2662 896 2698 moderando
917 2664 971 2698 ita
990 2662 1188 2697 luculenter
1200 2667 1234 2698 et
1249 2674 1365 2710 prope
1378 2664 1551 2698 divinitus

160 2716 338 2762 disputat,
369 2719 411 2750 ut
439 2714 532 2750 hanc
571 2715 762 2761 epistolam
793 2726 863 2750 non
898 2714 1033 2755 Quinto
1053 2713 1178 2763 fratri
1202 2717 1387 2763 scripsisse
1416 2716 1550 2762 potius,

158 2779 269 2815 quam
297 2767 458 2803 omnibus
487 2767 757 2814 provinciarum
787 2767 1088 2814 gubernatoribus
1121 2767 1335 2813 pram-laram
1367 2769 1550 2815 quandam

159 2821 304 2867 imperii
330 2824 426 2856 recte
453 2821 737 2858 administrandi
764 2831 930 2855 normam
958 2832 1002 2856 ac
1027 2820 1192 2867 regulam
1207 2821 1471 2869 praescripsisse
1495 2821 1550 2856 vi·

158 2873 298 2908 deutur.
1360 2869 1365 2874 ⁴

770 2928 802 2964 3*
821 2935 845 2963 Ι.
867 2928 896 2964 2
