1940 3231
169 438 200 470 p.
224 431 291 460 13⁶2.

256 2139 301 2186 B.

298 139 375 178 653
716 137 896 178 EPIST.
923 138 1000 176 AD
1028 135 1315 179 ATTICUM,

298 243 426 294 ciam,
449 257 585 298 neque
616 258 770 284 novam
803 245 986 299 denique
1011 243 1103 298 jam
1138 242 1345 298 reperiam
1367 238 1580 281 scribendi
1603 238 1731 280 uliam

301 301 572 341 senteutiam.
595 301 683 351 sed,
710 303 742 342 si
767 302 912 342 dedita
932 316 1076 357 opera,
1105 315 1199 342 cum
1226 313 1354 340 causa
1374 297 1489 338 nulla
1515 306 1640 347 esset,
1669 306 1733 336 ta-

304 358 500 399 bellarios
531 358 580 398 ad
621 368 662 398 te
694 373 793 399 cuin
825 359 1024 399 inanibus
1057 357 1249 412 epistolis
1279 357 1520 406 mitterem3
1551 353 1735 394 facerem

306 416 464 472 inepte.
495 416 696 455 euntibus
720 430 833 464 vero,
855 415 1103 455 domesticis
1128 414 1380 470 praesertim‚
1410 420 1455 453 ut
1486 410 1591 452 nihil
1614 410 1665 451 ad
1694 417 1737 449 αἱ

284 473 399 514 ·de1n
436 473 685 520 litterarum,
719 471 859 512 facere
881 486 966 511 non
1003 485 1201 526 possum:
1233 480 1275 511 et
1299 469 1423 510 simul
1445 469 1589 522 (crede
1611 467 1740 517 mihi)

303 531 523 585 requiesco
548 528 718 584 paulum
745 529 786 568 in
812 528 876 567 his
908 528 1103 577 miseriis,
1132 542 1228 568 cuin
1253 527 1372 582 quasi
1396 538 1537 568 tecum
1560 525 1740 579 loquor;

303 602 400 628 cum
426 600 524 626 vero
559 595 652 625 tuas
674 585 875 640 epistolas
911 584 1022 639 lego,
1058 584 1191 624 multo
1227 586 1356 624 etiam
1385 584 1538 639 magis.
1559 583 1738 622 omnino

302 643 514 698 intelligo,
538 642 697 682 nullum
735 641 863 682 fuisse
897 651 1064 696 tempus
1099 651 1197 696 post
1227 640 1303 681 has
1332 641 1455 696 fugas
1478 651 1519 682 et
1543 638 1740 680 formidi-

302 716 391 750 nes,
414 699 526 754 quod
555 700 690 754 magis
712 698 908 739 debuerit
931 709 1096 738 mutum
1121 712 1212 737 esse
1241 713 1265 738 a
1287 698 1463 739 litteris:
1497 708 1740 753 propterea,

303 757 417 813 quod
456 771 592 810 neque
629 757 781 797 Romae
816 756 1048 810 quidquam
1073 755 1244 795 auditur
1269 755 1390 806 novi3
1423 769 1500 796 nec
1524 756 1566 795 in
1590 754 1656 794 his
1679 753 1740 793 lo-

304 816 379 864 cis,
403 829 500 869 quae
525 831 548 853 a
572 813 802 853 Brundisio
827 813 983 853 absunt
1006 813 1197 868 propius,
1219 826 1346 866 quam
1369 821 1430 861 tu,
1454 811 1647 861 biduum,
1666 819 1744 851 aut

303 872 508 912 triduum.
571 870 788 910 Brundisii
823 879 963 910 autem
999 884 1126 909 omne
1158 879 1374 909 certamen
1407 869 1583 908 vertitur
1613 868 1742 922 hujus

305 929 432 985 primi
469 928 689 983 temporis.
727 943 812 983 qua
844 928 1016 982 quidem
1055 927 1381 980 exspectatione
1418 936 1632 979 torqueor.
1670 925 1741 965 sed

305 986 451 1026 omnia
472 996 571 1026 ante
596 1000 672 1025 nos
706 986 903 1026 sciemus.
927 984 1078 1024 eodem
1101 985 1214 1023 enim
1238 982 1306 1023 die
1332 983 1454 1023 video
1479 982 1694 1023 Caesarem
1718 996 1747 1022 a

307 1043 502 1084 Corfinio
533 1052 631 1098 post
663 1042 884 1083 meridiem
916 1041 1158 1097 profectum
1187 1054 1292 1090 esse,
1318 1039 1358 1080 id
1391 1050 1470 1091 est,
1507 1039 1746 1089 Feralibus,

305 1115 391 1154 quo
427 1100 617 1141 Canusio
656 1114 779 1140 mane
816 1099 1088 1154 Pompeium.
1121 1113 1172 1138 eo
1207 1097 1336 1137 modo
1372 1106 1513 1137 autem
1551 1096 1744 1137 ambulat

307 1158 469 1208 Caesar,
491 1168 535 1196 et
561 1157 610 1197 iis
633 1157 778 1197 diariis
800 1156 982 1196 militum
1007 1154 1267 1196 celeritatem
1293 1154 1460 1204 incitat,
1484 1163 1530 1194 ut
1553 1155 1743 1204 timeam,

306 1231 359 1255 ne
381 1215 509 1256 citius
532 1215 584 1255 ad
611 1213 905 1261 Brundisium,
928 1228 1055 1268 quam
1079 1228 1187 1268 opus
1211 1212 1280 1261 sit,
1303 1212 1544 1252 accesserit.
1599 1210 1746 1261 Dices,

307 1272 410 1327 quid
436 1273 567 1328 igitur
591 1272 778 1327 proficis,
801 1271 872 1325 qui
897 1271 1106 1325 anticipes
1140 1269 1232 1324 ejus
1257 1269 1313 1309 rei
1339 1268 1592 1318 molestiam,
1614 1282 1744 1324 quam

309 1329 452 1371 triduo
476 1329 658 1369 sciturus
685 1330 768 1368 sis?
801 1328 906 1369 ui'nil
941 1327 1155 1382 equidem.
1189 1326 1278 1376 sed,
1316 1335 1360 1366 ut
1392 1341 1519 1381 supra
1552 1326 1660 1377 dixi,
1684 1335 1748 1366 te-

309 1400 405 1428 cum
435 1386 691 1441 perlibenter
715 1386 889 1439 loquor:
923 1395 961 1425 et
988 1384 1111 1424 simul
1135 1384 1259 1432 seim,
1283 1382 1425 1424 labare
1446 1398 1585 1424 meum
1605 1383 1749 1424 consi-

309 1444 430 1493 lium,
457 1443 574 1493 illud,
597 1443 710 1498 quod
734 1443 834 1483 satis
852 1443 946 1496 jain
977 1442 1110 1481 fixum
1145 1441 1383 1482 videbatur.
1407 1455 1491 1481 non
1517 1440 1620 1481 mihi
1646 1441 1748 1481 satis

313 1501 452 1542 idonei
474 1511 573 1540 sunt
595 1510 789 1540 auctores
814 1501 856 1545 ii,
879 1499 951 1554 qui
982 1515 1005 1539 a
1038 1510 1078 1539 te
1111 1499 1359 1554 probantur.
1382 1498 1496 1553 quod
1519 1498 1633 1538 enim
1658 1512 1751 1538 um-

309 1573 436 1612 quam
459 1572 604 1598 eorum
630 1559 670 1597 in
697 1556 915 1614 republica
941 1555 1050 1596 forte
1076 1556 1235 1596 factum
1255 1556 1453 1597 exstitit?
1483 1565 1554 1596 aut
1577 1555 1672 1610 quis
1694 1555 1749 1596 ab

311 1616 375 1655 his
402 1615 526 1655 ullam
564 1629 646 1654 rem
678 1614 801 1654 laude
823 1614 997 1669 dignam
1023 1613 1263 1654 desiderat?
1296 1626 1373 1652 nec
1398 1611 1637 1653 mehercule
1661 1612 1752 1654 lau-

309 1673 473 1713 dandos
495 1672 715 1720 existimo,
735 1671 806 1725 qui
833 1681 946 1712 trans
971 1685 1084 1710 mare
1106 1670 1201 1710 belli
1229 1669 1546 1724 parandicausa
1567 1669 1749 1724 profecti

311 1742 432 1770 sunt:
476 1733 755 1784 (quamquain
792 1728 884 1768 haec
920 1727 1092 1767 ferenda
1129 1742 1212 1767 non
1251 1727 1416 1775 erantz)
1459 1726 1583 1768 video
1618 1726 1749 1776 enim,

311 1796 519 1841 quantum
561 1786 600 1826 id
640 1785 810 1834 bellum,
840 1796 882 1824 et
911 1799 1038 1839 quarn
1077 1784 1323 1840 pestiferum
1350 1782 1541 1824 futurum
1565 1784 1644 1827 sit:
1678 1784 1750 1824 sed

313 1858 382 1884 me
418 1854 561 1883 movet
593 1857 699 1882 unus
735 1843 822 1893 vir3
854 1842 976 1896 cujus
1013 1841 1218 1896 fugientis
1251 1854 1411 1888 comes,
1442 1840 1751 1896 rempublicam

314 1900 609 1956 recuperantis
649 1899 789 1939 socius
836 1899 983 1940 videor
1019 1913 1110 1939 esse
1146 1898 1313 1939 debere.
1383 1896 1587 1938 Totiesne
1620 1898 1753 1953 igitur

315 1959 570 1999 sententiam
607 1958 774 1997 mutas?
804 1970 886 2012 ego
924 1966 1081 2005 tecum,
1120 1965 1339 2011 tamquam
1380 1969 1553 1995 mecum
1585 1954 1753 2010 loquor.

314 2014 410 2070 quis
434 2024 576 2055 autem
602 2026 680 2064 est,
715 2022 834 2054 tanta
861 2013 1034 2067 quidem
1057 2013 1109 2053 de
1136 2027 1195 2062 re,
1218 2012 1321 2068 quin
1348 2011 1462 2053 varie
1487 2026 1630 2053 secum
1661 2013 1755 2068 ipse

315 2072 536 2127 disputet?
567 2070 692 2111 simul
725 2080 766 2111 et
797 2069 949 2110 elicere
981 2070 1110 2126 cupio
1139 2069 1394 2111 sententiam
1421 2079 1564 2121 tuam;
1595 2069 1628 2110 si
1664 2084 1754 2111 ma-

316 2138 404 2179 net,
427 2138 475 2169 ut
508 2127 672 2168 firmior
705 2127 809 2178 sim3
842 2127 875 2167 si
902 2137 1066 2168 mutata
1087 2139 1166 2177 est,
1188 2137 1235 2168 ut
1266 2127 1343 2167 tibi
1368 2128 1588 2168 assentiar.
1649 2126 1756 2168 Om-

316 2186 421 2227 nino
443 2185 495 2226 ad
521 2186 578 2235 id,
608 2185 661 2225 de
694 2199 780 2239 quo
813 2184 980 2234 dubito,
1017 2185 1216 2240 pertinet,
1239 2199 1307 2224 me
1330 2184 1452 2232 scire,
1473 2184 1576 2239 quid
1604 2183 1757 2225 Domi-

317 2244 402 2284 tius
426 2253 598 2284 acturus
621 2242 690 2292 sit,
711 2241 815 2296 quid
839 2251 982 2282 noster
1007 2241 1226 2282 Lentulus.
1249 2242 1302 2282 de
1327 2240 1527 2282 Domitio
1548 2241 1664 2283 varia
1681 2256 1757 2282 au-

316 2301 474 2350 dimus,
496 2303 536 2330 80
551 2300 679 2339 modo
702 2313 793 2339 esse
827 2299 870 2339 in
892 2298 1079 2350 Tiburti,
1102 2298 1215 2340 haud
1237 2298 1402 2354 lepide:
1434 2298 1548 2353 quod
1572 2313 1670 2340 cum
1701 2299 1758 2340 le-

316 2357 459 2413 pidius
489 2356 738 2398 accessisset
766 2356 818 2397 ad
850 2357 1024 2398 urbem:
1057 2356 1173 2411 quod
1201 2355 1304 2397 item
1329 2355 1482 2396 falsum
1504 2355 1630 2396 video
1652 2370 1758 2398 esse.

316 2414 378 2454 ait
407 2414 523 2455 enim
556 2413 758 2469 Lepidus,
792 2427 892 2454 eum
929 2414 1072 2454 nescio
1109 2428 1195 2468 quo
1230 2423 1473 2469 penetrasse
1506 2412 1758 2455 itineribus:

363 2546 406 2573 80.
427 2543 516 2572 modo
540 2553 603 2573 esse
624 2545 659 2573 in
687 2542 832 2578 Tiburti,
861 2544 952 2573 haud
975 2545 1018 2574 le-
1063 2547 1183 2584 potest.
1210 2543 1307 2573 debet
1333 2545 1423 2573 enirn
1458 2551 1527 2572 esse
1555 2542 1763 2574 accusativus

314 2585 392 2625 pide
415 2585 488 2624 δια]
516 2584 622 2615 Locus
648 2586 784 2616 vitiosus
804 2592 837 2616 et
862 2586 1020 2616 molestus
1064 2585 1327 2616 cuminfinitivo.
1357 2585 1508 2624 Conjeci:
1533 2586 1608 2614 inde
1624 2588 1655 2623 (e
1670 2585 1761 2615 clau-

322 2627 465 2657 criticis.
483 2636 543 2657 nec
558 2628 733 2670 quicquam
750 2628 830 2658 certi
854 2634 1021 2668 repertum
1064 2629 1136 2658 snla
1158 2628 1196 2658 τῦ
1219 2628 1331 2667 lepide)
1359 2637 1434 2657 cum
1449 2627 1582 2667 Lepidis
1599 2629 1763 2657 accessisse

322 2673 384 2700 est.
429 2670 462 2698 St
472 2678 549 2698 usus
565 2669 709 2707 postulat
726 2670 818 2699 haud
832 2679 923 2699 vere:
944 2680 1021 2700 nam
1065 2671 1112 2700 ad
1129 2672 1253 2700 urbem.
1290 2669 1387 2699 Forte
1411 2679 1489 2708 ergo
1504 2670 1550 2699 sic
1566 2669 1760 2708 legendum:

322 2712 361 2741 de
377 2712 481 2742 altero
497 2710 589 2745 dicit,
606 2712 690 2750 qaod
705 2712 916 2751 i⁴e711j21esa711
935 2714 1022 2741 video
1066 2713 1169 2748 modo,
1195 2722 1258 2742 esse
1284 2711 1320 2740 in
1352 2711 1482 2742 Tiburti
1512 2711 1648 2751 Lepidi.-
1671 2711 1769 2741 haud

321 2764 395 2783 esse.
442 2753 588 2782 Graevius
615 2758 688 2792 post
718 2751 848 2782 Tiburti
871 2763 937 2783 non
962 2755 1022 2783 im-
1064 2764 1149 2784 vere.
1167 2755 1241 2783 inde
1252 2763 1326 2783 cam
1341 2754 1382 2784 L.
1395 2755 1560 2784 accessisse
1571 2754 1617 2784 ad
1630 2753 1761 2784 Urbem.

321 2795 536 2835 probabiliter
559 2795 695 2832 conjicit
711 2795 864 2825 excidisse
882 2796 998 2833 Lepida·
1010 2808 1018 2824 :
1065 2797 1126 2826 Sed
1141 2796 1210 2825 sine
1226 2795 1316 2826 libris
1332 2796 1520 2826 melioribus
1534 2796 1657 2827 frustra
1670 2795 1761 2826 labo-

322 2838 408 2875 quod
423 2843 473 2867 est
498 2837 532 2866 in
550 2836 601 2867 ed.
615 2837 712 2867 Rom.
747 2837 834 2867 Tum
852 2845 926 2877 post
940 2838 1024 2876 quud
1066 2848 1175 2869 ramus
1189 2839 1222 2869 in
1237 2837 1299 2868 hoc
1316 2837 1399 2868 luco.

323 2890 396 2909 mim
417 2882 476 2910 dte.
500 2879 604 2910 etiam
627 2879 831 2910 constructio
847 2884 934 2910 stare
955 2889 1022 2910 uon
