1940 3231
24 2885 38 2943 ιι...
22 2781 39 2873 amat-⁴.

698 126 904 166 LIBER
940 125 1047 164 XIV.
1524 131 1601 166 815

164 239 292 275 teras.
353 232 422 275 De
450 230 610 275 Mario
633 232 796 288 probe·
827 229 906 270 etsi
930 229 1054 271 doleo
1077 230 1112 259 3¹
1133 227 1182 269 L.
1207 226 1352 269 Crassi
1381 240 1601 285 nepotem.

164 291 331 346 optime
366 302 454 332 tam
482 291 612 332 etiam
647 289 784 332 Bruto
817 297 965 328 nostro
998 285 1171 350 probari
1206 285 1463 328 Antonium.
1501 303 1602 331 nam

164 349 280 404 quod
314 348 488 391 Junlam
524 345 673 388 scribis
708 345 926 386 moderate
947 353 991 385 et
1013 357 1150 384 amice
1179 345 1219 373 34
1233 343 1414 399 scriptas
1435 344 1599 386 litteras

164 406 373 457 attulisse,
395 406 502 446 mihi
535 402 707 445 Paullus
741 402 859 443 dedit
880 405 920 433 33
935 402 988 443 ad
1023 416 1066 442 se
1087 417 1112 442 a
1142 400 1273 441 fratre
1294 415 1470 445 missas:
1503 402 1600 457 qui-

162 461 275 503 bus
266 478 308 504 m
333 461 537 504 extremis
560 469 664 510 erat,
688 460 771 501 sibi
803 459 979 500 insidias
1002 459 1119 510 fie1i3
1161 472 1204 498 se
1226 458 1267 498 id
1299 458 1427 499 certis
1449 469 1599 500 aucto-

162 519 281 561 ribus
303 519 576 575 comperisse.
597 517 682 558 hoc
706 531 783 558 nec
814 517 920 557 mihi
954 516 1167 573 placebat,
1189 524 1233 556 et
1266 516 1402 556 multo
1425 515 1483 557 illi
1518 516 1599 557 mi-

159 590 256 618 nus.
287 576 524 631 34Reginae
562 574 667 631 fuga
699 575 806 615 mihi
839 589 924 615 non
963 574 1156 614 molesta.
1200 572 1272 614 sed
1306 572 1462 614 Clodia
1493 573 1596 629 quid

159 634 312 689 egerit,
335 634 494 674 scribas
517 633 568 673 ad
594 646 662 673 me
695 632 838 673 velim.
900 631 968 673 De
991 631 1051 686 By
1047 631 1215 671 zantiis
1238 631 1422 682 curabis,
1446 641 1493 672 ut
1528 646 1599 672 ce-

160 699 276 742 tera3
306 700 350 731 et
372 690 580 746 Pelopem
603 690 653 731 ad
680 699 720 730 te
742 703 941 730 arcesses.
1006 688 1115 745 Ego,
1140 697 1186 728 ut
1208 687 1412 743 postulas,
1434 689 1598 730 Baiana

157 747 349 803 negotia,
380 751 419 778 35
434 747 700 802 chorumque
731 747 864 798 illum,
895 746 949 787 de
990 760 1075 801 quo
1115 746 1223 786 scire
1270 745 1347 795 vis,
1381 761 1479 787 cum
1505 761 1599 802 per-

211 819 356 856 exero,
379 814 471 846 turn
495 805 703 846 scrib-am
695 837 705 856 ‚
744 818 796 845 ne
827 803 962 859 quid
952 818 1138 860 ignores.
1201 802 1319 848 Quid
1344 802 1473 854 Galli,
1495 803 1600 858 quid

159 819 364 918 ἄίψειῐιί,
386 863 489 918 quid
513 863 671 903 Sextus
707 871 823 918 agat,
847 862 1122 902 vehementer
1154 870 1377 915 exspecto.
1409 876 1459 902 ea
1485 861 1600 902 scili-

158 931 229 961 cet
252 929 295 960 tu
320 920 573 971 decimabis,
594 920 667 975 qui
693 931 849 960 cetera.
912 918 1172 960 Nauseolam
1207 917 1286 958 tibi
1312 928 1401 958 tuin
1424 933 1600 960 causam

158 977 238 1018 otii
261 977 428 1019 dedisse
451 977 576 1019 facile
604 977 812 1034 patiebar.
847 976 1021 1018 videbar
1043 976 1158 1017 enim
1192 975 1299 1015 mihi
1322 975 1481 1031 legenti
1506 986 1600 1018 tuas

157 1034 321 1076 litteras
345 1037 559 1091 requiesse
591 1034 835 1099 paullisper.
899 1033 967 1075 De
993 1033 1128 1074 Bruto
1153 1047 1319 1087 semper
1341 1034 1393 1073 ad
1419 1048 1486 1074 me
1508 1049 1604 1075 om-

157 1092 232 1134 nia
267 1094 537 1149 persciibito,
572 1094 645 1133 ubi
677 1092 747 1143 sit,
782 1091 884 1147 quid
921 1091 1109 1147 cogitet:
1151 1104 1280 1145 quem
1313 1091 1487 1146 quidem
1519 1106 1602 1148 ego

158 1151 393 1206 sperojam
429 1161 523 1192 tuto
556 1150 620 1191 vel
651 1149 789 1191 solum
823 1158 915 1190 tota
947 1149 1053 1190 urbe
1086 1162 1232 1204 va0··111
1262 1162 1401 1203 posse.
1434 1163 1605 1190 verum-

161 1217 321 1249 tamen.

597 1263 834 1306 CICERO
864 1263 1094 1305 ATTICO
1127 1263 1171 1304 S.

158 1321 259 1374 DE
282 1332 504 1390 republica
535 1332 673 1374 multa
694 1333 881 1389 cognovi
906 1347 961 1373 ex
985 1332 1069 1372 tuis
1104 1330 1283 1381 litteris,
1297 1345 1402 1386 quas
1426 1332 1603 1387 quidem

158 1391 410 1448 multijuges
433 1391 579 1455 accep-i
605 1406 690 1432 uno
713 1400 908 1446 tempore
928 1405 955 1431 a
975 1388 1164 1430 Vestorii
1178 1389 1357 1430 liberto.
1389 1390 1442 1430 ad
1462 1405 1511 1431 ea
1527 1406 1602 1432 au·

158 1460 263 1501 tem,
293 1464 390 1504 quae
415 1463 610 1504 requiris,
635 1448 752 1489 brevi
775 1448 1063 1504 respondebo.
1109 1446 1303 1488 Piimuin
1326 1446 1647 1489 v-ehementerb

157 1521 230 1549 me
264 1506 476 1548 Cluviana
507 1505 738 1547 delectant.
800 1506 883 1547 Sed
913 1505 1028 1561 quod
1061 1504 1234 1560 quaeris,
1263 1504 1367 1559 quid
1401 1506 1603 1547 amessie-

156 1564 239 1606 rim
263 1563 585 1629 Chrysippum3
617 1564 808 1604 tabernae
841 1562 948 1604 mihi
984 1563 1080 1604 duae
1112 1570 1381 1613 corraei-‚unt
1405 1562 1604 1618 reliquae-

156 1636 243 1678 que
266 1622 394 1662 rimas
417 1629 567 1677 agunt.
602 1620 746 1677 itaque
771 1636 857 1662 non
882 1620 1020 1662 solum
1043 1619 1258 1675 inquilini,
1282 1619 1352 1660 sed
1379 1635 1519 1661 mures
1539 1633 1603 1663 et-

159 1679 245 1721 iam
269 1679 582 1734 migraverunt.
614 1678 726 1720 hanc
746 1679 877 1720 ceteri
914 1677 1205 1719 calamitatem
1230 1686 1412 1719 vocant:
1444 1693 1526 1734 ego
1551 1694 1604 1720 ne

157 1736 485 1778 incommodum
515 1735 706 1791 quidem.
729 1751 754 1776 o
787 1737 1000 1785 Socrates,
1022 1744 1066 1776 et
1095 1735 1305 1776 Socratici
1337 1735 1440 1778 viri!
1479 1751 1604 1777 num-

157 1809 288 1850 quam
312 1793 436 1835 vobis
459 1793 643 1849 gratiam
678 1792 874 1835 r.eseram
937 1793 1012 1834 Dii
1042 1793 1321 1845 immmtales,
1344 1808 1474 1849 quam
1496 1794 1605 1836 mihi

157 1853 240 1894 ista
263 1866 340 1909 pro
364 1850 524 1892 nihilo.
517 1852 523 1881 ¹
558 1851 631 1892 sed
655 1860 798 1892 tamen
821 1865 871 1892 ea
893 1851 1003 1891 ratio
1024 1850 1268 1892 aedificandi
1293 1851 1439 1902 initur,
1462 1852 1604 1892 consi-

154 1909 278 1951 liario
301 1909 477 1965 quidem
497 1918 540 1949 et
558 1919 733 1950 auctore
753 1909 969 1959 Vestorio,
984 1918 1032 1949 ut
1052 1908 1134 1949 hoc
1152 1908 1357 1949 damnum
1380 1919 1603 1965 quaestuo-

157 1982 252 2008 sum
276 1967 346 2008 sit.
408 1966 496 2007 Hic
531 1967 656 2008 turba
691 1981 850 2022 magna
885 1976 963 2017 est,
986 1966 1168 2021 eritque,
1191 1975 1240 2006 ut
1271 1967 1416 2017 audio,
1440 1981 1603 2031 Ηιιιεῃοικ

158 2024 261 2066 Duo
284 2023 458 2080 quidem
483 2025 602 2079 quasi
626 2024 840 2080 designati
867 2024 1078 2065 consules.
1114 2039 1139 2064 o
1163 2023 1236 2064 Dii
1258 2024 1383 2066 boni'
1411 2024 1517 2065 vivit
1534 2036 1604 2081 ty-

157 2082 318 2132 rannis,
347 2091 554 2136 tyrannus
576 2081 765 2123 occidit?
799 2082 839 2113 36
852 2082 944 2137 ejus
978 2080 1193 2122 interfecti
1219 2091 1357 2122 morte
1389 2081 1602 2134 laetamur‚

155 2140 280 2195 cujus
301 2138 417 2180 facta
436 2137 735 2180 defendimus?
760 2140 904 2195 itaque
925 2154 1053 2204 quam
1077 2153 1221 2180 severe
1242 2154 1321 2180 nos
1340 2138 1408 2179 M.
1424 2139 1601 2181 Curtius

157 2210 348 2247 accusat,
372 2206 419 2237 ut
442 2196 600 2252 pudeat
625 2196 766 2238 vivere
787 2213 795 2238 :
828 2212 965 2252 neque
988 2196 1160 2252 inJuria.
1193 2210 1290 2237 nam
1316 2197 1425 2237 mori
1447 2197 1601 2239 millies

157 2255 378 2311 pree-stitit,
401 2268 531 2308 quam
557 2253 650 2295 haec
683 2254 789 2310 pati,
811 2269 907 2310 quae
941 2254 1048 2296 mihi
1075 2254 1275 2295 videntur
1305 2254 1507 2295 habitura
1537 2265 1603 2296 et-

157 2313 242 2354 iam
268 2320 542 2367 vetustatem.
575 2321 618 2352 et
641 2311 802 2353 Balbus
826 2313 896 2353 hic
918 2321 997 2362 est,
1022 2311 1290 2367 multumque
1314 2326 1509 2353 mecum:
1547 2312 1603 2354 ad

157 2384 286 2427 quem
309 2385 334 2411 a
366 2369 522 2411 Vetere
544 2368 699 2411 litterae
722 2370 836 2411 datae
867 2369 1004 2426 pridie
1035 2369 1134 2410 Kal.
1166 2369 1345 2411 Januar.
1379 2384 1478 2411 cum
1512 2386 1537 2411 a
1558 2385 1603 2412 se

201 2518 237 2546 31
264 2515 306 2546 L.
327 2516 435 2547 Crassi
448 2515 608 2556 nepotem]
639 2516 747 2556 Quem
762 2525 795 2546 se
809 2516 857 2546 fe-
943 2518 983 2546 35
1006 2517 1205 2556 chorumque
1226 2515 1339 2556 illum]
1369 2515 1517 2548 Turbam
1544 2517 1605 2548 ho-

158 2558 252 2589 rebat
266 2558 404 2596 Marius,
419 2568 464 2589 sc.
482 2559 558 2598 quia
571 2560 670 2590 Marii
686 2558 772 2589 illius
789 2569 859 2590 ma-
901 2559 1029 2589 minum
1043 2558 1319 2599 voluptariorum‚
1335 2558 1390 2598 qui
1407 2559 1495 2590 Baiis
1510 2566 1603 2597 sunt,

158 2601 215 2640 gni
233 2606 387 2640 nepotem
403 2611 436 2632 se
449 2601 588 2632 dicebat.
901 2611 1032 2631 causam
1058 2602 1117 2631 otii
1145 2601 1282 2638 dedisse,
1298 2606 1336 2631 ut
1359 2610 1467 2642 posses
1489 2602 1603 2634 literas

202 2645 243 2674 32
278 2644 417 2683 scriptas
459 2644 587 2684 literas]
634 2643 686 2675 Ad
720 2643 859 2675 fratrem
902 2643 1067 2683 longiores
1082 2644 1233 2674 scribere.

160 2694 258 2716 suum
285 2684 333 2716 M.
356 2685 499 2717 Brutum
515 2697 535 2717 a
558 2688 608 2718 M.
632 2686 758 2728 Lepido
789 2696 861 2718 ma.-
945 2687 986 2717 36
1012 2685 1083 2727 ejus
1103 2684 1471 2726 interf—eujusfacta
1493 2685 1604 2726 defen-

158 2728 226 2760 rito
241 2737 314 2758 suo,
904 2728 1026 2770 dimus]
1055 2729 1082 2760 E
1105 2729 1321 2761 Ciceroniana
1343 2728 1450 2759 forma
1464 2729 1602 2760 debebat

202 2772 243 2800 33
265 2770 313 2800 ad
335 2779 368 2800 se
388 2779 410 2800 a
419 2769 540 2811 fratre
561 2771 623 2812 m.]
660 2772 710 2803 M.
732 2770 858 2813 Lepido
901 2781 969 2802 esse
983 2771 1079 2812 cujus
1092 2770 1206 2812 interf.
1220 2781 1264 2801 m.
1278 2772 1444 2807 laetamur,
1466 2770 1604 2811 egjusfa-

161 2812 289 2842 eodem.
901 2818 955 2844 cta
971 2813 1185 2854 defendimus.
1229 2813 1337 2852 Atque
1353 2814 1453 2844 etiam
1469 2815 1603 2844 οοιιιῑίιι-ι

201 2856 243 2885 34
266 2853 514 2895 Reginaesuga]
546 2855 734 2899 Cleopatrae
748 2867 788 2888 ex
803 2865 859 2888 ux·-
902 2857 989 2888 nitas
1005 2857 1153 2898 postulat
1167 2855 1238 2898 ejus
1252 2853 1358 2895 vivif.
1374 2855 1406 2885 d.

157 2896 211 2935 be,
227 2897 402 2930 interfecto
418 2898 559 2933 Caesare.
