1940 3231
795 118 1002 157 LIBER
1036 119 1088 158 11.
1585 127 1661 167 487

223 223 366 268 Roma
398 224 572 268 veniens
607 223 741 267 Curio
775 238 910 266 meus.
945 223 1107 265 ibidem
1139 223 1237 266 ilico
1273 239 1377 281 puer
1398 226 1475 267 abs
1499 234 1540 268 te
1562 242 1662 269 cum

218 284 428 339 epistolis.
465 283 535 324 ille
565 297 620 324 ex
654 296 738 332 me,
777 281 942 323 nihilne
975 281 1188 323 audissem
1219 284 1347 325 novi:
1380 297 1463 339 ego
1488 298 1660 339 negare.

220 340 417 392 Publius,
441 340 596 396 inquit,
620 338 888 380 tribunatum
922 339 1060 396 plebis
1098 340 1220 397 petit.
1256 340 1359 396 quid
1394 341 1485 382 ais?
1515 352 1557 381 et
1580 342 1662 383 ini-

218 399 479 441 micissimus
512 397 686 452 quidem
722 396 923 448 Caesaris,
957 407 1000 437 et
1040 407 1086 438 ut
1117 397 1279 449 omnia,
1312 398 1469 453 iuquit,
1492 398 1574 439 ista
1597 413 1661 439 re-

219 456 402 498 scindat.
424 455 528 511 quid
553 454 727 496 Caesar?
759 454 950 510 inquam.
975 465 1120 511 negat,
1151 470 1195 496 se
1216 456 1447 512 quicquam
1474 455 1527 496 de
1548 455 1661 496 illius

218 514 452 570 adoptione
483 511 643 553 tulisse.
681 511 836 553 deinde
869 527 1009 564 suum,
1040 512 1258 565 Memmii,
1283 513 1452 554 Metelli
1476 513 1662 569 Nepotis

215 571 459 627 expromsit
491 569 654 611 odium.
716 569 985 626 Complexus
1011 569 1219 626 juvenem
1243 571 1402 622 dimisi,
1425 585 1660 627 properans

217 628 271 669 ad
293 627 511 684 epistolas.
572 627 659 670 Ubi
685 636 799 679 sunt,
821 628 895 683 qui
919 628 1038 668 aiunt
1059 632 1162 682 ζώσης
1181 636 1309 678 φωνῆςὲ
1343 629 1660 684 quantomagis

218 685 306 726 vidi
329 700 383 726 ex
409 686 492 727 tuis
515 685 683 736 litteriS,
704 700 838 740 quam
859 699 914 726 ex
937 685 1050 726 illius
1073 700 1283 739 sermone,
1308 687 1409 742 quid
1434 688 1660 743 ageretur?

213 746 256 777 90
269 743 322 783 de
354 743 645 785 ruminatione
677 743 946 798 quotidiana,
979 743 1033 784 de
1058 743 1328 800 cogitatione
1352 744 1513 795 Publii,
1534 745 1588 786 de
1609 744 1660 784 li-

215 800 302 841 tuis
329 803 504 849 βοώπιδος,
537 804 574 835 91
592 801 645 843 de
668 800 876 858 signifero
898 800 1162 853 Athenione,
1186 801 1238 842 de
1266 802 1420 844 litteris
1443 802 1584 843 missis
1606 801 1661 843 ad

217 857 418 909 Cnaeum,
453 859 506 899 de
544 857 838 915 Theophanis,
870 858 1158 915 Memmiique
1193 874 1410 903 sermone:
1453 869 1660 916 quantam

215 930 346 972 porro
380 915 488 957 mihi
520 917 894 973 exspectationem
921 917 1077 959 dedisti
1111 918 1302 959 convivii
1334 919 1457 960 istius
1487 924 1656 968 ἁσελγέςὲ

214 976 364 1015 sssum
399 975 442 1015 in
473 975 725 1017 curiositate
755 979 932 1026 ὄξῦπειιοςι
968 975 1041 1016 sed
1065 984 1206 1016 tamen
1231 976 1358 1017 facile
1389 975 1529 1033 patior
1552 985 1593 1017 te
1615 975 1661 1016 id

213 1031 269 1072 ad
291 1046 360 1074 me
381 1037 562 1087 συμπόσιον
578 1047 663 1074 non
683 1033 894 1083 scribere;
925 1043 1182 1088 praesentem
1204 1035 1351 1075 audire
1368 1036 1495 1078 malo.
1529 1035 1660 1083 Quod

213 1103 299 1140 me,
320 1100 367 1131 ut
391 1091 577 1132 scribam
610 1090 787 1145 aliquid,
810 1089 1020 1131 hortaris:
1052 1092 1208 1132 crescit
1229 1092 1335 1132 mihi
1367 1095 1542 1148 quidem
1570 1109 1661 1135 ma·

214 1148 358 1198 teries‚
384 1158 430 1190 ut
451 1149 584 1191 dicis:
617 1149 691 1189 sed
715 1157 808 1189 tota
829 1162 893 1189 res
915 1148 1046 1188 etiam
1070 1163 1186 1190 nunc
1209 1149 1418 1193 fluctuat:
1447 1154 1661 1208 nzr’bw'gm

211 1209 308 1261 τςόξ.
329 1209 478 1262 93quae
515 1207 549 1248 si
579 1205 818 1257 desederit,
850 1205 989 1262 magis
1025 1217 1153 1248 erunt
1186 1206 1400 1262 judicata,
1427 1224 1523 1265 quae
1559 1210 1662 1251 scri-

213 1263 311 1305 bam
331 1281 340 1307 :
373 1279 470 1320 quae
494 1264 528 1305 si
551 1263 697 1305 statim
729 1279 753 1304 a
773 1277 843 1304 me
873 1263 983 1304 ferre
1004 1278 1091 1305 non
1115 1265 1323 1320 potueris,
1346 1267 1509 1323 primus
1530 1266 1664 1309 habe-

212 1322 281 1362 bis
318 1331 477 1372 tamen,
510 1331 554 1362 et
585 1321 835 1377 aliquandiu
865 1321 994 1362 solus.
1056 1322 1364 1365 Dicaearchum
1393 1335 1508 1367 recte
1529 1340 1663 1368 amas,

211 1378 454 1421 luculentus
478 1379 610 1421 homo
630 1388 709 1430 est,
739 1388 782 1420 et
804 1378 912 1420 civis
934 1379 1047 1421 haud
1084 1381 1226 1436 paullo
1249 1382 1415 1434 melior,
1438 1398 1567 1439 quam
1591 1383 1661 1425 isti

209 1437 347 1478 nostri
381 1440 611 1493 ἐδικαιόιςχοι.
674 1437 861 1478 Litteras
898 1437 1049 1494 scripsi
1085 1440 1191 1480 hora
1212 1438 1381 1489 decima
1404 1440 1663 1493 Cerialibus,

211 1495 375 1545 statim,
395 1504 444 1536 ut
466 1504 561 1535 tuas
584 1495 798 1551 legeram:
831 1494 904 1536 sed
926 1510 996 1536 eas
1018 1510 1134 1537 eram
1163 1497 1355 1548 daturus,
1379 1509 1428 1540 ut
1449 1508 1662 1555 putaram,

210 1553 422 1610 postridie
453 1553 508 1604 ei,
539 1553 613 1608 qui
647 1553 755 1593 mihi
796 1552 958 1608 primus
990 1554 1167 1595 obviam
1198 1556 1400 1597 venisset.
1460 1556 1665 1598 Terentia

209 1610 425 1653 delectata
461 1619 527 1652 est
566 1610 651 1652 tuis
685 1610 855 1652 litteris.
892 1611 1089 1667 impertit
1126 1613 1208 1654 tibi
1241 1613 1420 1656 multam
1455 1614 1633 1657 salutem
1652 1632 1661 1658 ε

206 1669 268 1706 καὶ
285 1667 454 1721 Kar-{gund
474 1667 654 1715 φιλόσοφος
674 1671 725 1705 τὸν
744 1670 913 1705 πολιτικὸν
929 1669 1025 1706 Τίτον
1045 1668 1255 1720 οἷο-παίζεται.

623 1746 861 1789 CICERO
891 1746 1123 1791 ATTICO
1155 1750 1200 1792 S.
1609 1758 1657 1795 13
1670 1769 1702 1800 p.
1719 1759 1772 1790 30,

209 1805 491 1859 FACINUS
523 1816 778 1873 indignum!
811 1816 1217 1883 epistolamffaffiagu*
1241 1819 1322 1861 tibi
1345 1835 1370 1860 a
1395 1818 1554 1862 Tribus
1575 1820 1658 1862 Ta·
1669 1813 1699 1834 a.

209 1875 355 1916 bernis
389 1874 641 1931 rescriptam
680 1875 734 1916 ad
767 1884 861 1916 tuas
895 1876 1170 1918 suavissimas
1194 1877 1414 1934 epistolas,
1441 1879 1660 1920 neminem

209 1933 474 1976 reddidisse?
505 1943 549 1974 at
571 1933 696 1985 scito,
719 1947 816 1974 eum
840 1932 1112 1986 fasciculum,
1128 1950 1216 1991 quo
1240 1935 1355 1976 illam
1373 1937 1660 1992 conjeceram,

209 1990 389 2032 domum
409 2006 461 2032 eo
485 1991 580 2048 ipso
601 1990 671 2032 die
704 1990 838 2032 latum
861 2005 967 2043 esse,
997 2008 1083 2048 quo
1106 2007 1190 2050 ego
1212 1993 1429 2045 dederam,
1451 2004 1495 2035 et
1516 1995 1568 2036 ad
1591 2010 1663 2036 me

209 2046 256 2090 in
290 2048 569 2090 Formianum
604 2049 784 2090 relatum
819 2063 925 2090 esse.
960 2050 1106 2106 itaque
1127 2052 1263 2093 94tibi
1287 2061 1407 2092 tuam
1431 2052 1660 2108 epistolam

201 2106 316 2162 jussi
339 2106 511 2158 referri3
543 2122 597 2148 ex
620 2122 706 2163 qua
727 2106 1004 2163 intelligeres,
1026 2123 1157 2164 quam
1182 2109 1288 2151 mihi
1307 2118 1399 2150 tum
1420 2110 1503 2152 illae
1522 2120 1658 2166 gratae

207 2164 406 2207 fuissent.
468 2164 624 2206 Romae
654 2166 772 2221 quod
805 2166 957 2206 scribis
981 2165 1110 2218 sileri,
1144 2167 1206 2209 ita
1238 2168 1462 2224 putabam.
1497 2179 1542 2210 at
1562 2168 1661 2210 her-

205 2222 303 2264 cule
324 2222 369 2264 in
391 2222 506 2280 agris
526 2237 612 2264 non
636 2223 809 2265 siletur:
843 2237 924 2264 nec
938 2223 1033 2278 jam
1054 2225 1136 2281 ipsi
1156 2226 1250 2282 agri
1267 2239 1450 2282 regnum
1470 2235 1661 2268 vestrum

207 2280 319 2323 ferre
349 2288 546 2338 possunt.
581 2280 615 2322 si
651 2295 751 2322 vero
783 2281 828 2322 in
861 2281 974 2322 hanc
997 2287 1182 2328 τηλέπυλον
1215 2283 1382 2326 veneris
1409 2289 1658 2342 Aaas-gvoyou'm,

246 2435 289 2466 90
310 2431 350 2462 de
371 2430 596 2461 ruminatione
619 2428 825 2470 quotidiana]
854 2428 909 2459 Vi-

203 2473 302 2506 detur
324 2483 448 2504 nomen
469 2472 613 2503 hominis
636 2471 805 2510 excidisse,
823 2471 911 2511 quod

202 2517 239 2548 in
264 2516 404 2557 singulis
425 2515 582 2546 membris
604 2518 665 2546 est.
710 2514 826 2554 ltaque
851 2524 911 2545 nee

204 2561 285 2591 satis
300 2559 445 2598 intelligi
467 2564 592 2599 potest,
616 2567 690 2598 quae
713 2557 758 2588 sit
779 2557 839 2589 illa
855 2567 910 2588 ru-

201 2603 344 2635 minatio
358 2600 562 2643 quotidiana.

243 2649 283 2680 91
307 2645 348 2676 de
361 2646 449 2685 sign.
466 2643 662 2683 Athenione]
687 2653 718 2673 v.
733 2642 826 2674 Clav.

244 2691 287 2723 92
307 2698 383 2719 sum
404 2689 442 2718 in
463 2688 652 2718 curiositate
667 2685 819 2726 ὀξύπεινος]
849 2685 910 2717 Fa-

201 2734 274 2762 cete
286 2741 362 2762 eum
377 2731 528 2762 irrisione
542 2739 671 2767 eorum,
689 2730 745 2769 qui
760 2729 912 2760 convivia

201 2774 322 2814 ἄσιλγῆ
350 2773 561 2815 expetebant.
586 2773 621 2803 in
658 2772 770 2803 studio
794 2781 907 2804 rerum

202 2817 505 2856 cognoscendarum
521 2824 594 2845 sum
610 2814 734 2846 avidus.

243 2861 286 2893 93
308 2869 379 2899 quoe
401 2860 430 2889 si
453 2857 624 2898 desederit]
651 2858 735 2888 Haee
757 2860 809 2889 est
831 2866 908 2887 vera

201 2899 237 2933 h.
252 2901 276 2934 l.
291 2900 405 2934 lectio.
421 2902 604 2943 opponitur
619 2899 905 2942 materiaefluctu-

952 2430 1038 2467 anti,
1054 2440 1128 2470 quae
1143 2436 1231 2462 recte
1244 2431 1366 2463 dieitur
1378 2431 1532 2463 desidere.
1567 2432 1660 2465 Libri

953 2482 1016 2503 scr.
1039 2479 1074 2504 et
1088 2473 1162 2504 edd.
1184 2474 1266 2504 item
1290 2474 1457 2506 fluctuant
1471 2475 1559 2506 inter
1573 2477 1660 2507 dese-

953 2515 1039 2545 derit
1053 2520 1085 2546 et
1100 2517 1281 2548 decesserit.
1324 2517 1432 2548 Locus
1454 2524 1505 2548 est
1526 2518 1659 2559 elegans

954 2557 1138 2589 admodum
1158 2570 1178 2590 a
1199 2560 1289 2600 tropi
1310 2559 1440 2591 delectu
1454 2566 1490 2592 et
1504 2566 1660 2593 constan.

950 2601 1010 2631 tia.
1057 2601 1119 2632 Sed
1125 2600 1286 2642 judicata
1308 2608 1384 2643 post
1406 2603 1478 2634 haec
1495 2614 1562 2634 non
1586 2606 1658 2646 pla-

950 2648 1015 2680 eet,
1042 2644 1129 2683 quod
1151 2645 1251 2676 nimis
1275 2646 1406 2677 aberrat
1422 2652 1561 2687 atr-opo·
1570 2657 1656 2687 pur-

949 2691 1036 2725 gata
1052 2691 1111 2717 aut
1124 2686 1232 2718 simile
1247 2689 1326 2728 quid
1338 2695 1590 2730 exspectassem.

994 2732 1037 2764 94
1057 2730 1115 2760 tibi
1137 2734 1231 2761 tuam
1246 2731 1322 2771 &c.]
1347 2731 1457 2772 Quam
1477 2732 1539 2763 tibi
1556 2731 1657 2765 desti..

950 2781 1119 2810 naveram,
1131 2774 1480 2814 scripseram—quam
1492 2775 1572 2805 milei
1583 2781 1656 2808 tum

950 2815 1016 2845 illae
1026 2814 1299 2856 grataefuissent,
1314 2826 1359 2847 se.
1376 2817 1416 2846 de
1432 2817 1551 2856 quibus
1564 2826 1655 2851 ante.

951 2857 1015 2888 Sed
1029 2858 1199 2890 interdum
1214 2860 1357 2901 conjeci:
1381 2869 1481 2900 quam
1497 2861 1579 2895 milti
1591 2867 1656 2896 tua’

948 2900 1025 2932 illoe.

876 2941 982 2985 114
