1940 3231
720 122 941 168 BIBER
978 124 1024 163 V.
1519 131 1595 167 553

211 237 438 279 Pindenisso,
457 234 588 285 oppido
607 232 952 270 Eleutherocilicum
976 233 1095 277 capto,
1123 240 1251 264 nomen
1279 227 1514 277 Imperatoris
1542 245 1600 269 as-

207 288 476 339 secutusfuerit
493 304 504 325 :
533 291 568 322 et
585 286 746 333 quaedam
767 285 858 324 alia,
877 283 975 318 haud
992 282 1118 328 magni
1141 281 1189 316 acl
1208 280 1399 316 historiam
1415 287 1598 320 momenti.

214 343 400 378 Cessatum
427 345 480 376 est
507 343 626 375 autem
654 336 763 372 scribi
794 337 891 371 inter
922 346 979 370 eos
1011 338 1088 369 toto
1122 333 1320 368 Consulatu
1350 333 1412 370 Cn.
1438 334 1598 372 Domitii

213 395 383 430 Caluini.-
411 393 467 429 M.
497 390 633 426 Valerii
665 388 871 424 Messallae:
901 390 989 423 item
1019 386 1082 422 Cn.
1113 385 1279 433 Pompeii
1306 385 1439 433 Magni
1468 397 1533 429 111,
1562 394 1596 423 et

213 447 256 488 Q.
276 445 421 483 Metelli
436 442 628 491 Scipionis.

594 523 830 566 CICERO
862 522 1091 565 ATTICO
1123 522 1168 563 s,
1611 536 1628 573 1

162 585 303 639 EGO
329 609 430 636 vero
462 601 505 635 et
536 601 658 634 tuum
687 593 729 633 in
755 593 943 633 discessu
970 591 1057 631 vidi
1082 592 1289 641 animum,
1311 598 1355 631 et
1375 603 1472 631 meo
1499 604 1596 632 sum

160 654 253 710 ipse
273 653 408 693 testis.
430 666 516 706 quo
535 651 676 707 magis
697 651 778 690 erit
799 649 879 690 tibi
908 652 916 679 ¹
937 648 1184 699 videndum,
1204 663 1255 688 ne
1277 648 1379 703 quid
1397 648 1500 688 novi
1522 648 1596 690 de-

159 720 384 761 cernatur3
416 718 466 749 ut
489 708 572 749 hoc
593 716 790 748 nostrum
822 706 1080 747 desiderium
1104 720 1156 746 ne
1182 705 1274 761 plus
1307 706 1362 746 sit
1389 719 1596 747 annuum.

162 766 231 809 De
257 765 403 807 Annio
433 765 666 806 Saturnino
699 764 858 805 curasti
892 764 1040 819 probe.
1102 763 1170 804 De
1201 762 1448 803 satisdando
1482 777 1598 814 vero,

162 834 204 865 te
227 838 348 879 rogo,
370 823 514 879 quoad
536 823 617 863 eris
641 822 812 874 Romae,
835 832 880 861 tu
904 831 952 862 ut
974 821 1167 861 satisdes.
1199 833 1244 861 et
1277 822 1295 851 2
1313 829 1412 860 sunt
1434 818 1600 875 aliquot

161 881 463 923 satisdationes
505 880 739 922 secundum
782 879 1061 934 mancipium,
1097 877 1197 918 3vel
1231 876 1601 919 Memmianorum

162 938 443 995 praediorum,
475 938 543 978 vel
574 937 881 979 Atilianorum.
944 935 1012 977 De
1052 935 1215 991 Oppio,
1250 935 1412 976 factum
1453 945 1518 976 est
1554 944 1604 977 ut

164 996 296 1047 volui,
319 1005 362 1036 et
384 996 575 1036 maxime
597 994 746 1050 4quod
773 1007 913 1035 nccc.
937 993 1169 1049 aperuisti:
1203 1007 1299 1047 quae
1323 993 1495 1047 quidem
1520 1007 1604 1049 ego

164 1053 315 1109 utique
340 1056 357 1084 5
373 1053 440 1093 vel
469 1067 643 1093 versura
665 1052 818 1106 [facta]
843 1050 948 1091 solvi
973 1050 1097 1102 volo3
1132 1063 1184 1090 ne
1211 1060 1406 1091 extrema
1432 1051 1605 1092 exactio

164 1122 411 1152 nostrorum
443 1110 667 1151 nominum
699 1117 990 1164 exspectetur.
1051 1107 1181 1148 Nunc
1205 1107 1331 1148 venio
1359 1107 1412 1148 ad
1435 1108 1608 1148 6trans-

168 1183 338 1209 versum
371 1167 492 1208 illum
529 1176 736 1208 extremae
766 1165 961 1222 epistolae
997 1174 1083 1206 tuae
1127 1164 1401 1215 versiculum,
1434 1164 1476 1205 in
1521 1180 1608 1221 quo

165 1239 236 1267 me
258 1225 496 1266 ⁷admones
527 1225 581 1266 de
611 1237 770 1265 sorore.
800 1237 898 1279 quae
922 1236 987 1263 res
1024 1237 1068 1263 se
1099 1222 1159 1264 sic
1186 1221 1333 1262 habet.
1398 1221 1456 1263 Ut
1479 1222 1609 1264 Sveni

213 1375 223 1402 l
252 1372 441 1410 videndum,
456 1382 497 1403 ne
514 1372 594 1412 quid
608 1371 680 1411 &c.]
708 1370 798 1402 Idem
816 1375 867 1401 est
907 1379 1042 1401 omnem
1065 1370 1238 1411 pecuniam
1261 1379 1384 1408 meam,
1411 1370 1485 1401 aliis
1507 1369 1614 1401 credi-

168 1425 221 1455 ep.
237 1418 267 1445 2.
289 1414 417 1446 scilicet
437 1416 553 1446 statim
570 1414 610 1444 ab
633 1414 725 1444 abitu
740 1415 774 1444 in
790 1423 865 1454 pro·
908 1417 990 1448 tam,
1004 1418 1179 1443 exacturus
1194 1412 1316 1449 videar,
1332 1423 1433 1452 eaque
1449 1422 1500 1443 res
1517 1423 1536 1444 a
1557 1413 1613 1444 de-

170 1457 313 1487 vinciam
326 1456 389 1488 hoc
406 1458 555 1493 curabat,
572 1466 612 1487 ne
628 1455 688 1486 sibi
701 1456 869 1496 provincia
910 1455 1072 1486 bitoribus
1089 1456 1168 1486 meis
1188 1456 1359 1486 timeatur.
1406 1455 1528 1486 Utrum
1545 1455 1611 1487 Cn.

172 1504 419 1540 prorogaretur,
431 1499 526 1539 idque
538 1504 578 1529 ut
592 1503 747 1529 curarent
759 1498 871 1535 amici,
915 1497 1051 1538 Oppius,
1064 1498 1159 1528 Atilii
1172 1498 1303 1528 Serrani
1318 1507 1430 1536 gener,
1440 1507 1482 1528 an
1497 1497 1614 1537 aliquis

173 1542 324 1581 rogabat.
917 1541 1105 1580 negotiator
1125 1540 1207 1570 alius
1230 1540 1452 1579 intelligatur,
1468 1550 1535 1570 uon
1557 1540 1617 1570 de-

213 1585 234 1615 2
255 1594 282 1615 s.
299 1593 332 1614 α.
351 1583 578 1614 satisdationes
591 1593 617 1613 s.
633 1582 693 1622 m.]
728 1582 802 1613 Hoc
823 1585 874 1612 est

172 1626 237 1662 vel,
260 1630 340 1656 sunt
364 1625 515 1666 exempla
540 1625 660 1656 talium
688 1624 874 1656 satisdatio.

173 1679 268 1706 num,
290 1668 355 1705 vel,
378 1674 413 1699 et
438 1672 531 1709 potes
557 1668 715 1699 satisdare
737 1677 796 1708 pro
820 1676 873 1697 me

172 1711 302 1751 aliquot
313 1710 430 1748 modis,
447 1711 497 1742 vel
510 1710 721 1741 Memmianis
737 1709 789 1741 vel
801 1708 874 1740 Ati-

172 1753 271 1785 lianis
300 1753 442 1794 praediis,
471 1753 559 1793 quod
586 1753 694 1784 verius
718 1757 813 1794 puto,
839 1763 870 1784 v.

175 1795 311 1828 Clavem
326 1796 362 1826 in
376 1796 560 1827 satisdatio.
631 1829 638 1837 N

218 1841 238 1870 3
260 1843 291 1869 et
305 1837 442 1869 Memm.
464 1840 517 1869 vel
527 1837 599 1878 Aa]
644 1837 729 1869 Edd.
753 1847 800 1878 pr.
823 1838 876 1868 vel

177 1882 228 1912 his
242 1885 280 1912 tu
299 1881 350 1912 M.
374 1882 426 1911 vel
437 1881 493 1912 At.
537 1881 571 1912 Si
594 1880 716 1922 praedia
736 1879 809 1911 haec
824 1880 878 1911 Ci-

178 1923 306 1954 ceronis
321 1923 424 1961 fuere,
439 1927 530 1954 emta
550 1924 590 1955 ab
613 1933 651 1954 eo
674 1923 710 1953 in
724 1923 880 1954 auctione

179 1966 344 1996 bonorum
373 1966 528 1997 Memmii
554 1970 590 1997 et
613 1965 707 1997 Atilii
737 1965 881 2002 Serrani.

179 2017 258 2039 cum
281 2008 421 2039 fuissent
442 2008 666 2045 condemnati,
682 2017 796 2039 sensus
818 2014 882 2046 est,

181 2056 217 2081 et
237 2050 296 2081 has
324 2049 365 2081 ad
386 2050 616 2081 satisdationes
641 2051 690 2081 uti
715 2054 808 2091 potes
830 2051 883 2082 vel

179 2092 394 2124 Memmianis
409 2092 460 2123 vel
475 2093 631 2124 Atilianis
653 2092 783 2133 praediis
798 2105 804 2123 :
830 2094 882 2124 sin

181 2135 306 2173 minus,
328 2144 441 2165 sensus
464 2140 527 2172 est,
546 2140 586 2166 ut
606 2137 642 2166 in
664 2134 729 2166 illis
752 2135 882 2176 praediis

181 2177 310 2209 factum
328 2181 400 2209 est:
425 2177 481 2208 sed
503 2177 566 2208 hoc
592 2182 642 2208 est
665 2177 790 2215 durius,
813 2179 884 2219 opi-

181 2229 256 2251 nor.
299 2219 482 2260 Vulgatum
505 2221 541 2250 in
564 2221 613 2251 his
635 2224 665 2251 et
683 2220 733 2250 M.
753 2221 806 2250 vel
825 2221 882 2253 At.

183 2262 304 2293 durum
338 2267 401 2298 est,
434 2261 635 2303 debeturque
669 2262 767 2294 Aldo.
813 2262 884 2303 Ego

183 2304 271 2336 edidi
284 2306 337 2335 vel
349 2305 401 2336 M.
416 2307 469 2335 vel
480 2305 522 2336 A.

226 2350 249 2378 4
269 2348 356 2388 quod
363 2355 455 2378 nccc
463 2347 651 2388 aperuisti]
665 2347 769 2379 Recte
778 2355 885 2379 neec.

184 2399 245 2430 pro
263 2398 344 2421 ccc.
358 2401 398 2420 ex
412 2400 464 2431 ep.
489 2393 520 2421 5.
543 2391 691 2421 factum:
715 2390 837 2421 ultima
850 2391 886 2421 in

187 2433 272 2472 quod
285 2433 432 2473 absorpit
453 2431 488 2463 τὸ
509 2441 543 2463 D.
559 2433 686 2464 clarum
709 2437 759 2463 est
780 2442 820 2464 ex
834 2433 887 2463 ed.

184 2474 277 2505 Jens.
295 2475 330 2505 in
347 2485 412 2514 qua
427 2482 477 2506 est
491 2485 557 2515 qua
575 2484 678 2506 neec.
693 2476 748 2506 hic
771 2474 888 2506 deinde

187 2521 239 2547 est
253 2518 425 2557 aperuisti,
439 2518 484 2548 ibi
499 2518 683 2557 exposuisti.
708 2525 889 2556 utrumque

186 2559 358 2590 obscurius
381 2564 474 2600 puto.
518 2561 638 2591 Sensus
660 2567 734 2591 est:
765 2560 890 2600 promi-

190 2602 263 2632 sisti
277 2602 398 2643 Oppio,
414 2612 454 2633 ea
467 2602 615 2633 solutum
630 2603 683 2634 iri.

233 2646 252 2674 5
273 2646 327 2675 vel
338 2654 477 2675 versura
480 2643 585 2684 facta
599 2646 678 2676 solvi
690 2643 773 2684 volo]
787 2642 892 2684 sacta

191 2689 243 2716 est
260 2686 330 2716 sine
343 2686 442 2717 dubio
465 2698 485 2718 a
506 2687 699 2727 glossatore.
718 2696 895 2717 versuram

183 2726 306 2766 facere
323 2728 466 2766 dicitur;
490 2739 660 2769 nunquam
681 2738 822 2760 versura
831 2728 897 2769 sa-

195 2774 251 2799 cta
259 2772 392 2807 solvere,
404 2771 460 2802 sed
475 2781 604 2812 semper
614 2780 753 2802 versura
764 2772 898 2804 solvere.

195 2811 309 2851 itaque
336 2812 456 2844 saltem
485 2815 580 2845 uncis
602 2814 732 2845 inclusi.
777 2814 898 2844 Sensus

194 2859 269 2884 est:
302 2854 390 2885 malo
412 2856 505 2891 solvi,
528 2866 602 2896 quae
623 2856 738 2891 debeo,
758 2856 900 2896 pecunia

198 2901 318 2928 mutuo
341 2901 465 2938 sumta,
489 2908 590 2939 quam
613 2898 838 2940 committere,
860 2903 901 2930 ut

917 1592 1072 1621 cernam3
1096 1582 1186 1613 fuere
1208 1581 1319 1622 plures
1343 1583 1440 1622 Oppii
1467 1583 1615 1614 nomine.

916 1635 949 1656 v.
966 1625 1057 1657 Clav.
1104 1624 1259 1655 Ceterum
1273 1635 1312 1656 ea
1324 1625 1465 1666 pecunia
1478 1625 1617 1658 debeba-

916 1671 973 1698 tur
989 1668 1123 1699 Caesari.
1142 1677 1192 1708 ep.
1208 1667 1237 1698 6.

959 1710 979 1741 6
1000 1714 1225 1741 transversum
1241 1710 1338 1740 illum
1355 1708 1429 1749 δια]
1469 1709 1619 1751 Scriptus

914 1753 1025 1783 fuerat
1051 1753 1085 1783 in
1110 1753 1260 1793 margine
1285 1751 1450 1793 epistolae,
1475 1752 1620 1793 adeoque

914 1800 1110 1826 transverse.

960 1841 978 1872 7
1001 1838 1155 1869 admones
1176 1837 1215 1868 de
1237 1847 1354 1868 sorore.
1378 1847 1447 1877 quoe
1460 1837 1526 1878 res]
1556 1837 1621 1869 Hic

920 1879 1105 1911 addendum
1128 1890 1258 1921 semper
1272 1881 1386 1920 putavi
1402 1884 1475 1918 tua,
1492 1880 1580 1920 quod
1602 1892 1622 1912 a

921 1923 1022 1953 verbo
1038 1927 1194 1963 sequente
1210 1923 1403 1962 absorptum
1417 1932 1485 1953 esse
1500 1928 1622 1964 potest.

924 1974 1002 1995 nam
1024 1965 1059 1996 in
1081 1966 1143 1996 tali
1164 1970 1260 1995 textu
1287 1974 1416 2005 semper
1436 1975 1623 2005 pronomen

923 2008 1140 2047 possessivum
1158 2007 1303 2038 additur.
1327 2013 1361 2038 et
1376 2007 1462 2037 infra
1475 2013 1526 2038 est
1539 2006 1624 2047 sra-

924 2054 976 2081 ter
1015 2060 1104 2081 meus
1145 2055 1218 2080 erat
1254 2051 1290 2080 in
1332 2059 1474 2080 sororem
1515 2054 1625 2082 tuam.

925 2093 1010 2123 Mox
1022 2093 1058 2123 in
1072 2093 1140 2123 his:
1167 2090 1505 2132 quaefueramus—de
1519 2103 1627 2123 sorore

924 2137 962 2166 in
978 2134 1073 2166 Tusa.
1092 2137 1200 2166 locuti.
1223 2139 1305 2175 puto
1322 2144 1340 2164 a
1362 2134 1543 2174 glossatore
1558 2144 1627 2166 esse

926 2179 965 2209 de
989 2187 1107 2209 sorore.
1145 2186 1222 2208 nam
1258 2176 1338 2207 mihi
1376 2176 1506 2216 quidem
1535 2177 1628 2208 valde

925 2221 1038 2260 friget,
1053 2225 1088 2251 et
1102 2230 1155 2250 me
1165 2229 1293 2259 semper
1306 2218 1456 2256 offendit,
1471 2220 1573 2250 etiam
1585 2221 1628 2250 ob

927 2263 1160 2303 repetitionem
1182 2261 1280 2292 nimis
1295 2262 1515 2302 propinquam
1530 2263 1568 2293 de
1581 2271 1630 2293 so-

927 2315 1014 2343 rore,
1029 2305 1068 2335 de
1081 2314 1201 2342 sorore,
1216 2304 1252 2334 in
1265 2313 1419 2335 sororem.

971 2350 990 2379 8
1012 2348 1085 2378 veni
1099 2349 1133 2377 in
1145 2345 1305 2387 Arpinas]
1346 2347 1399 2377 Sic
1415 2347 1466 2377 ed.
1481 2346 1577 2378 Rom.
1594 2350 1633 2379 at

929 2389 980 2421 ed.
1003 2390 1097 2420 Jens.
1120 2389 1300 2429 Arpinum,
1328 2388 1415 2429 quod
1440 2394 1558 2421 ceterae
1580 2399 1632 2420 se·

930 2437 1017 2464 cutae
1031 2437 1121 2463 sunt.
1138 2431 1221 2462 illud
1236 2441 1311 2461 cum
1328 2432 1364 2462 in
1380 2431 1444 2463 Ms.
1459 2431 1568 2471 aliquo
1581 2442 1633 2463 re·

931 2480 1064 2516 pertum
1079 2479 1176 2512 esset,
1193 2482 1376 2514 receptum,
1389 2475 1450 2505 etsi
1474 2474 1632 2513 insolens,

931 2517 984 2548 vel
1005 2522 1191 2557 propterea,
1207 2521 1248 2546 ut
1268 2515 1346 2553 alia,
1370 2517 1447 2556 quia
1469 2516 1631 2556 insolens,

932 2560 1028 2599 idque
1045 2558 1113 2590 late
1136 2564 1171 2589 et
1183 2558 1374 2599 scrupulose
1395 2559 1542 2590 defendit
1558 2560 1635 2590 Ma-

933 2602 1071 2642 laspina.
1105 2601 1177 2641 Ego
1191 2600 1226 2632 id
1236 2601 1391 2633 vitiosum
1405 2601 1513 2632 credo.
1544 2602 1636 2633 Nam

935 2644 1103 2685 quodnam
1126 2644 1371 2676 substantivum
1396 2643 1637 2684 intelligemus,

938 2697 1014 2717 cum
1029 2686 1084 2717 hic
1098 2696 1166 2718 esse
1181 2685 1299 2717 debeat
1318 2686 1523 2717 accusativus
1536 2687 1550 2716 ἓ
1596 2686 1639 2716 In

938 2728 1002 2760 hac
1030 2729 1138 2759 forma
1160 2738 1290 2769 semper
1319 2728 1520 2768 intelligitur
1543 2738 1640 2767 ager,

927 2770 1077 2811 fundus.
1100 2771 1234 2801 deberet
1255 2781 1334 2811 ergo
1356 2779 1424 2802 esse
1446 2771 1481 2800 in
1495 2770 1643 2810 Arpina-

941 2818 1016 2845 tem.
1061 2814 1095 2844 Si
1108 2813 1274 2854 Arpinum
1287 2823 1355 2844 non
1367 2818 1418 2843 est
1429 2822 1451 2843 a
1462 2813 1620 2844 Cicerone
1632 2824 1640 2842 :

941 2861 1031 2887 certe
1055 2855 1233 2895 legendum
1254 2855 1446 2895 Arpinates,
1474 2854 1561 2885 unde
1585 2863 1645 2896 per

943 2897 1225 2940 compendiariam
1260 2897 1405 2938 aliquam
1445 2897 1643 2940 scripturam
