<?xml version="1.0" encoding="UTF-8"?>
<!DOCTYPE html PUBLIC "-//W3C//DTD XHTML 1.0 Transitional//EN"
    "http://www.w3.org/TR/xhtml1/DTD/xhtml1-transitional.dtd">
<html xmlns="http://www.w3.org/1999/xhtml" xml:lang="en" lang="en">
 <head>
  <title>
</title>
<meta http-equiv="Content-Type" content="text/html;charset=utf-8" />
  <meta name='ocr-system' content='tesseract 3.04.00' />
  <meta name='ocr-capabilities' content='ocr_page ocr_carea ocr_par ocr_line ocrx_word'/>
</head>
<body>
  <div class='ocr_page' id='page_1' title='image "./p2operaomnia03ciceuoft_0342.png"; bbox 0 0 1940 3231; ppageno 0'>
   <div class='ocr_carea' id='block_1_1' title="bbox 365 111 1384 159">
    <p class='ocr_par' dir='ltr' id='par_1_1' title="bbox 365 111 1384 159">
     <span class='ocr_line' id='line_1_1' title="bbox 365 111 1384 159; baseline 0.014 -20"><span class='ocrx_word' id='word_1_1' title='bbox 365 119 443 159; x_wconf 68' lang='lat'>75⁶</span> <span class='ocrx_word' id='word_1_2' title='bbox 784 111 964 151; x_wconf 86' lang='lat' dir='ltr'>EPIST.</span> <span class='ocrx_word' id='word_1_3' title='bbox 991 111 1070 150; x_wconf 86' lang='lat' dir='ltr'>AD</span> <span class='ocrx_word' id='word_1_4' title='bbox 1096 111 1384 159; x_wconf 74' lang='lat' dir='ltr'>ATTlcUM,</span> 
     </span>
    </p>
   </div>
   <div class='ocr_carea' id='block_1_2' title="bbox 366 216 1809 456">
    <p class='ocr_par' dir='ltr' id='par_1_2' title="bbox 366 216 1809 447">
     <span class='ocr_line' id='line_1_2' title="bbox 366 216 1809 274; baseline 0.003 -14"><span class='ocrx_word' id='word_1_5' title='bbox 366 220 407 251; x_wconf 75' lang='lat'>9⁴</span> <span class='ocrx_word' id='word_1_6' title='bbox 420 216 544 273; x_wconf 85' lang='lat' dir='ltr'>cujus</span> <span class='ocrx_word' id='word_1_7' title='bbox 565 216 649 260; x_wconf 90' lang='lat' dir='ltr'>loci</span> <span class='ocrx_word' id='word_1_8' title='bbox 671 216 984 259; x_wconf 84' lang='lat' dir='ltr'>detractionem</span> <span class='ocrx_word' id='word_1_9' title='bbox 1014 217 1105 259; x_wconf 86' lang='lat' dir='ltr'>fieri</span> <span class='ocrx_word' id='word_1_10' title='bbox 1128 217 1245 259; x_wconf 86' lang='lat' dir='ltr'>velit.</span> <span class='ocrx_word' id='word_1_11' title='bbox 1268 218 1384 272; x_wconf 91' lang='lat' dir='ltr'>quod</span> <span class='ocrx_word' id='word_1_12' title='bbox 1413 218 1528 261; x_wconf 88' lang='lat' dir='ltr'>enim</span> <span class='ocrx_word' id='word_1_13' title='bbox 1551 220 1716 274; x_wconf 82' lang='lat' dir='ltr'>scribis,</span> <span class='ocrx_word' id='word_1_14' title='bbox 1738 236 1809 265; x_wconf 72' lang='lat' dir='ltr'>ex-</span> 
     </span>
     <span class='ocr_line' id='line_1_3' title="bbox 366 274 1806 339; baseline 0.003 -22"><span class='ocrx_word' id='word_1_15' title='bbox 366 276 511 327; x_wconf 74' lang='lat' dir='ltr'>tremi&#39;3</span> <span class='ocrx_word' id='word_1_16' title='bbox 541 277 581 307; x_wconf 74' lang='grc'>95</span> <span class='ocrx_word' id='word_1_17' title='bbox 597 275 706 326; x_wconf 89' lang='lat' dir='ltr'>vide,</span> <span class='ocrx_word' id='word_1_18' title='bbox 730 290 783 316; x_wconf 88' lang='lat' dir='ltr'>ne</span> <span class='ocrx_word' id='word_1_19' title='bbox 802 275 836 316; x_wconf 92' lang='lat' dir='ltr'>is</span> <span class='ocrx_word' id='word_1_20' title='bbox 860 276 952 339; x_wconf 78' lang='lat' dir='ltr'>ipse</span> <span class='ocrx_word' id='word_1_21' title='bbox 974 275 1092 316; x_wconf 89' lang='lat' dir='ltr'>locus</span> <span class='ocrx_word' id='word_1_22' title='bbox 1112 274 1181 325; x_wconf 86' lang='lat' dir='ltr'>sit,</span> <span class='ocrx_word' id='word_1_23' title='bbox 1201 276 1325 331; x_wconf 85' lang='lat' dir='ltr'>cujus</span> <span class='ocrx_word' id='word_1_24' title='bbox 1348 290 1475 317; x_wconf 88' lang='lat' dir='ltr'>causa</span> <span class='ocrx_word' id='word_1_25' title='bbox 1493 277 1545 318; x_wconf 90' lang='lat' dir='ltr'>de</span> <span class='ocrx_word' id='word_1_26' title='bbox 1568 286 1643 318; x_wconf 87' lang='lat' dir='ltr'>tot</span> <span class='ocrx_word' id='word_1_27' title='bbox 1637 293 1661 318; x_wconf 75' lang='grc' dir='ltr'><strong>ι</strong></span> <span class='ocrx_word' id='word_1_28' title='bbox 1683 293 1740 330; x_wconf 90' lang='lat' dir='ltr'>re,</span> <span class='ocrx_word' id='word_1_29' title='bbox 1757 289 1806 321; x_wconf 89' lang='lat' dir='ltr'>ut</span> 
     </span>
     <span class='ocr_line' id='line_1_4' title="bbox 367 331 1808 388; baseline 0.003 -15"><span class='ocrx_word' id='word_1_30' title='bbox 367 333 466 384; x_wconf 85' lang='lat' dir='ltr'>scis,</span> <span class='ocrx_word' id='word_1_31' title='bbox 488 343 553 374; x_wconf 87' lang='lat' dir='ltr'>est</span> <span class='ocrx_word' id='word_1_32' title='bbox 585 349 610 374; x_wconf 88' lang='lat' dir='ltr'>a</span> <span class='ocrx_word' id='word_1_33' title='bbox 641 333 767 374; x_wconf 86' lang='lat' dir='ltr'>nobis</span> <span class='ocrx_word' id='word_1_34' title='bbox 795 335 1052 388; x_wconf 81' lang='lat' dir='ltr'>cogitatum</span> <span class='ocrx_word' id='word_1_35' title='bbox 1113 331 1249 373; x_wconf 84' lang='lat' dir='ltr'>Hirtii</span> <span class='ocrx_word' id='word_1_36' title='bbox 1275 332 1503 388; x_wconf 85' lang='lat' dir='ltr'>epistolam</span> <span class='ocrx_word' id='word_1_37' title='bbox 1525 335 1606 375; x_wconf 89' lang='lat' dir='ltr'>tibi</span> <span class='ocrx_word' id='word_1_38' title='bbox 1630 335 1741 386; x_wconf 76' lang='lat' dir='ltr'>misi,</span> <span class='ocrx_word' id='word_1_39' title='bbox 1763 348 1808 378; x_wconf 82' lang='lat' dir='ltr'>et</span> 
     </span>
     <span class='ocr_line' id='line_1_5' title="bbox 367 389 1806 456; baseline 0.001 -25"><span class='ocrx_word' id='word_1_40' title='bbox 367 401 598 441; x_wconf 78' lang='lat' dir='ltr'><strong>recentem,</strong></span> <span class='ocrx_word' id='word_1_41' title='bbox 628 399 671 430; x_wconf 88' lang='lat' dir='ltr'>et</span> <span class='ocrx_word' id='word_1_42' title='bbox 699 389 897 430; x_wconf 66' lang='lat' dir='ltr'>benixolc</span> <span class='ocrx_word' id='word_1_43' title='bbox 921 389 1139 452; x_wconf 86' lang='lat' dir='ltr'>scriptam.</span> <span class='ocrx_word' id='word_1_44' title='bbox 1196 390 1442 444; x_wconf 78' lang='lat' dir='ltr'>Antequam</span> <span class='ocrx_word' id='word_1_45' title='bbox 1475 406 1500 432; x_wconf 88' lang='lat' dir='ltr'>a</span> <span class='ocrx_word' id='word_1_46' title='bbox 1528 401 1570 432; x_wconf 89' lang='lat' dir='ltr'>te</span> <span class='ocrx_word' id='word_1_47' title='bbox 1607 393 1806 456; x_wconf 50' lang='lat' dir='ltr'>ploxime</span> 
     </span>
    </p>
   </div>
   <div class='ocr_carea' id='block_1_3' title="bbox 231 445 1808 512">
    <p class='ocr_par' dir='ltr' id='par_1_3' title="bbox 231 445 1808 512">
     <span class='ocr_line' id='line_1_6' title="bbox 231 445 1808 512; baseline -0.001 -22"><span class='ocrx_word' id='word_1_48' title='bbox 231 457 265 489; x_wconf 65' lang='lat' dir='ltr'>t*-</span> <span class='ocrx_word' id='word_1_49' title='bbox 285 448 559 498; x_wconf 74' lang='lat' dir='ltr'>¹98·discessi‚</span> <span class='ocrx_word' id='word_1_50' title='bbox 581 460 814 500; x_wconf 83' lang='lat' dir='ltr'>numquam</span> <span class='ocrx_word' id='word_1_51' title='bbox 837 445 944 486; x_wconf 82' lang='lat' dir='ltr'>mihi</span> <span class='ocrx_word' id='word_1_52' title='bbox 970 447 1087 486; x_wconf 82' lang='lat' dir='ltr'>venit</span> <span class='ocrx_word' id='word_1_53' title='bbox 1121 447 1164 486; x_wconf 85' lang='lat' dir='ltr'>in</span> <span class='ocrx_word' id='word_1_54' title='bbox 1193 457 1397 512; x_wconf 83' lang='lat' dir='ltr'><strong>mentem,</strong></span> <span class='ocrx_word' id='word_1_55' title='bbox 1419 462 1505 502; x_wconf 92' lang='lat' dir='ltr'>quo</span> <span class='ocrx_word' id='word_1_56' title='bbox 1528 448 1653 505; x_wconf 89' lang='lat' dir='ltr'>plus</span> <span class='ocrx_word' id='word_1_57' title='bbox 1645 463 1808 490; x_wconf 82' lang='lat' dir='ltr'>insum-</span> 
     </span>
    </p>
   </div>
   <div class='ocr_carea' id='block_1_4' title="bbox 348 504 1810 1018">
    <p class='ocr_par' dir='ltr' id='par_1_4' title="bbox 348 504 1810 1018">
     <span class='ocr_line' id='line_1_7' title="bbox 348 504 1808 561; baseline 0 -14"><span class='ocrx_word' id='word_1_58' title='bbox 348 513 461 547; x_wconf 83' lang='lat' dir='ltr'>&#39;tum</span> <span class='ocrx_word' id='word_1_59' title='bbox 483 506 526 546; x_wconf 89' lang='lat' dir='ltr'>in</span> <span class='ocrx_word' id='word_1_60' title='bbox 550 512 878 544; x_wconf 86' lang='lat' dir='ltr'>monumentum</span> <span class='ocrx_word' id='word_1_61' title='bbox 903 512 1027 553; x_wconf 81' lang='lat' dir='ltr'>esset,</span> <span class='ocrx_word' id='word_1_62' title='bbox 1061 517 1189 558; x_wconf 85' lang='lat' dir='ltr'>quam</span> <span class='ocrx_word' id='word_1_63' title='bbox 1212 504 1357 545; x_wconf 80' lang='lat' dir='ltr'>nescio</span> <span class='ocrx_word' id='word_1_64' title='bbox 1380 506 1498 560; x_wconf 83' lang='lat' dir='ltr'>quid,</span> <span class='ocrx_word' id='word_1_65' title='bbox 1521 507 1562 538; x_wconf 64' lang='lat'>26</span> <span class='ocrx_word' id='word_1_66' title='bbox 1574 507 1689 561; x_wconf 86' lang='lat' dir='ltr'>quod</span> <span class='ocrx_word' id='word_1_67' title='bbox 1713 507 1808 561; x_wconf 83' lang='lat' dir='ltr'>lege</span> 
     </span>
     <span class='ocr_line' id='line_1_8' title="bbox 365 559 1810 618; baseline 0.001 -16"><span class='ocrx_word' id='word_1_68' title='bbox 365 578 433 604; x_wconf 92' lang='lat' dir='ltr'>co</span> <span class='ocrx_word' id='word_1_69' title='bbox 424 561 635 611; x_wconf 74' lang='lat' dir='ltr'>iceditur,</span> <span class='ocrx_word' id='word_1_70' title='bbox 658 560 912 601; x_wconf 83' lang='lat' dir='ltr'>tantundem</span> <span class='ocrx_word' id='word_1_71' title='bbox 936 559 1097 616; x_wconf 84' lang='lat' dir='ltr'>populo</span> <span class='ocrx_word' id='word_1_72' title='bbox 1120 560 1308 601; x_wconf 85' lang='lat' dir='ltr'>dandum</span> <span class='ocrx_word' id='word_1_73' title='bbox 1331 576 1446 604; x_wconf 86' lang='lat' dir='ltr'>esse:</span> <span class='ocrx_word' id='word_1_74' title='bbox 1470 563 1585 618; x_wconf 73' lang='lat' dir='ltr'>quod</span> <span class='ocrx_word' id='word_1_75' title='bbox 1610 577 1693 604; x_wconf 86' lang='lat' dir='ltr'>non</span> <span class='ocrx_word' id='word_1_76' title='bbox 1717 577 1810 604; x_wconf 84' lang='lat' dir='ltr'>ma-</span> 
     </span>
     <span class='ocr_line' id='line_1_9' title="bbox 364 617 1807 683; baseline 0.001 -23"><span class='ocrx_word' id='word_1_77' title='bbox 364 635 453 676; x_wconf 85' lang='lat' dir='ltr'>gno</span> <span class='ocrx_word' id='word_1_78' title='bbox 486 632 616 674; x_wconf 81' lang='lat' dir='ltr'>opere</span> <span class='ocrx_word' id='word_1_79' title='bbox 649 625 856 669; x_wconf 77' lang='lat' dir='ltr'>moveret,</span> <span class='ocrx_word' id='word_1_80' title='bbox 891 617 1155 669; x_wconf 81' lang='lat' dir='ltr'>nis1,neseio</span> <span class='ocrx_word' id='word_1_81' title='bbox 1184 619 1418 672; x_wconf 89' lang='lat' dir='ltr'>quomodo,</span> <span class='ocrx_word' id='word_1_82' title='bbox 1451 624 1581 669; x_wconf 66' lang='grc' dir='ltr'><strong><em>ἀλόγως</em></strong></span> <span class='ocrx_word' id='word_1_83' title='bbox 1611 619 1807 683; x_wconf 66' lang='lat' dir='ltr'>sonasse,</span> 
     </span>
     <span class='ocr_line' id='line_1_10' title="bbox 361 674 1806 731; baseline 0.001 -14"><span class='ocrx_word' id='word_1_84' title='bbox 361 676 520 718; x_wconf 85' lang='lat' dir='ltr'>nollem</span> <span class='ocrx_word' id='word_1_85' title='bbox 544 675 647 716; x_wconf 90' lang='lat' dir='ltr'>illud</span> <span class='ocrx_word' id='word_1_86' title='bbox 670 674 755 716; x_wconf 91' lang='lat' dir='ltr'>ullo</span> <span class='ocrx_word' id='word_1_87' title='bbox 779 675 970 726; x_wconf 83' lang='lat' dir='ltr'>nomine,</span> <span class='ocrx_word' id='word_1_88' title='bbox 993 674 1073 715; x_wconf 90' lang='lat' dir='ltr'>nisi</span> <span class='ocrx_word' id='word_1_89' title='bbox 1098 674 1201 725; x_wconf 82' lang='lat' dir='ltr'>fani,</span> <span class='ocrx_word' id='word_1_90' title='bbox 1229 675 1447 730; x_wconf 71' lang='lat' dir='ltr'>appellati.</span> <span class='ocrx_word' id='word_1_91' title='bbox 1470 677 1584 731; x_wconf 88' lang='lat' dir='ltr'>quod</span> <span class='ocrx_word' id='word_1_92' title='bbox 1619 678 1652 718; x_wconf 88' lang='lat' dir='ltr'>si</span> <span class='ocrx_word' id='word_1_93' title='bbox 1686 677 1806 718; x_wconf 91' lang='lat' dir='ltr'>volu-</span> 
     </span>
     <span class='ocr_line' id='line_1_11' title="bbox 361 732 1804 788; baseline 0.002 -15"><span class='ocrx_word' id='word_1_94' title='bbox 361 747 472 784; x_wconf 85' lang='lat' dir='ltr'>mus,</span> <span class='ocrx_word' id='word_1_95' title='bbox 506 735 809 784; x_wconf 75' lang='lat' dir='ltr'>v··,e1e017nc</span> <span class='ocrx_word' id='word_1_96' title='bbox 841 732 1008 787; x_wconf 76' lang='lat' dir='ltr'>assequi</span> <span class='ocrx_word' id='word_1_97' title='bbox 1033 747 1117 773; x_wconf 87' lang='lat' dir='ltr'>non</span> <span class='ocrx_word' id='word_1_98' title='bbox 1151 733 1804 788; x_wconf 57' lang='grc' dir='ltr'>0055111105.11151111ι1ωῑο1000.</span> 
     </span>
     <span class='ocr_line' id='line_1_12' title="bbox 359 789 1806 847; baseline 0.001 -16"><span class='ocrx_word' id='word_1_99' title='bbox 359 789 446 831; x_wconf 87' lang='lat' dir='ltr'>hoc</span> <span class='ocrx_word' id='word_1_100' title='bbox 469 790 594 845; x_wconf 84' lang='lat' dir='ltr'>quale</span> <span class='ocrx_word' id='word_1_101' title='bbox 615 790 687 842; x_wconf 82' lang='lat' dir='ltr'>sit,</span> <span class='ocrx_word' id='word_1_102' title='bbox 709 804 857 845; x_wconf 86' lang='lat' dir='ltr'>quaeso</span> <span class='ocrx_word' id='word_1_103' title='bbox 879 789 1117 830; x_wconf 81' lang='lat' dir='ltr'>consideia.</span> <span class='ocrx_word' id='word_1_104' title='bbox 1141 803 1239 829; x_wconf 85' lang='lat' dir='ltr'>nam</span> <span class='ocrx_word' id='word_1_105' title='bbox 1261 789 1342 830; x_wconf 85' lang='lat' dir='ltr'>etsi</span> <span class='ocrx_word' id='word_1_106' title='bbox 1365 789 1505 831; x_wconf 87' lang='lat' dir='ltr'>minus</span> <span class='ocrx_word' id='word_1_107' title='bbox 1527 806 1696 847; x_wconf 79' lang='lat' dir='ltr'>urgeor,</span> <span class='ocrx_word' id='word_1_108' title='bbox 1715 805 1806 832; x_wconf 90' lang='lat' dir='ltr'>me-</span> 
     </span>
     <span class='ocr_line' id='line_1_13' title="bbox 359 846 1802 904; baseline 0 -16"><span class='ocrx_word' id='word_1_109' title='bbox 359 861 444 902; x_wconf 92' lang='lat' dir='ltr'>que</span> <span class='ocrx_word' id='word_1_110' title='bbox 468 847 558 904; x_wconf 87' lang='lat' dir='ltr'>ipse</span> <span class='ocrx_word' id='word_1_111' title='bbox 591 846 904 904; x_wconf 80' lang='lat' dir='ltr'>prop’emodum</span> <span class='ocrx_word' id='word_1_112' title='bbox 938 846 1118 902; x_wconf 80' lang='lat' dir='ltr'>collegi:</span> <span class='ocrx_word' id='word_1_113' title='bbox 1152 855 1296 888; x_wconf 88' lang='lat' dir='ltr'>tamen</span> <span class='ocrx_word' id='word_1_114' title='bbox 1327 846 1502 902; x_wconf 82' lang='lat' dir='ltr'>indigeo</span> <span class='ocrx_word' id='word_1_115' title='bbox 1526 849 1587 889; x_wconf 90' lang='lat' dir='ltr'>tui</span> <span class='ocrx_word' id='word_1_116' title='bbox 1617 849 1802 890; x_wconf 81' lang='lat' dir='ltr'>consilii.</span> 
     </span>
     <span class='ocr_line' id='line_1_14' title="bbox 358 904 1802 968; baseline 0.001 -23"><span class='ocrx_word' id='word_1_117' title='bbox 358 905 507 960; x_wconf 84' lang='lat' dir='ltr'>itaque</span> <span class='ocrx_word' id='word_1_118' title='bbox 529 914 572 946; x_wconf 89' lang='lat' dir='ltr'>te</span> <span class='ocrx_word' id='word_1_119' title='bbox 595 905 870 946; x_wconf 82' lang='lat' dir='ltr'>vehementer</span> <span class='ocrx_word' id='word_1_120' title='bbox 891 904 1022 945; x_wconf 86' lang='lat' dir='ltr'>etiam</span> <span class='ocrx_word' id='word_1_121' title='bbox 1044 915 1174 968; x_wconf 86' lang='lat' dir='ltr'>atque</span> <span class='ocrx_word' id='word_1_122' title='bbox 1194 904 1325 944; x_wconf 86' lang='lat' dir='ltr'>etiam</span> <span class='ocrx_word' id='word_1_123' title='bbox 1348 918 1471 960; x_wconf 82' lang='lat' dir='ltr'>rogo,</span> <span class='ocrx_word' id='word_1_124' title='bbox 1505 906 1642 961; x_wconf 81' lang='lat' dir='ltr'>magis</span> <span class='ocrx_word' id='word_1_125' title='bbox 1671 921 1802 962; x_wconf 86' lang='lat' dir='ltr'>quam</span> 
     </span>
     <span class='ocr_line' id='line_1_15' title="bbox 359 961 1801 1018; baseline 0.001 -16"><span class='ocrx_word' id='word_1_126' title='bbox 359 976 386 1003; x_wconf 83' lang='lat' dir='ltr'>a</span> <span class='ocrx_word' id='word_1_127' title='bbox 408 976 476 1003; x_wconf 83' lang='lat' dir='ltr'>me</span> <span class='ocrx_word' id='word_1_128' title='bbox 497 963 577 1015; x_wconf 84' lang='lat' dir='ltr'>vis,</span> <span class='ocrx_word' id='word_1_129' title='bbox 599 970 674 1004; x_wconf 87' lang='lat' dir='ltr'>aut</span> <span class='ocrx_word' id='word_1_130' title='bbox 706 962 864 1018; x_wconf 71' lang='lat' dir='ltr'>patetis</span> <span class='ocrx_word' id='word_1_131' title='bbox 900 972 941 1003; x_wconf 86' lang='lat' dir='ltr'>te</span> <span class='ocrx_word' id='word_1_132' title='bbox 971 963 1128 1018; x_wconf 30' lang='lat' dir='ltr'>imogaii,</span> <span class='ocrx_word' id='word_1_133' title='bbox 1158 972 1206 1002; x_wconf 89' lang='lat' dir='ltr'>ut</span> <span class='ocrx_word' id='word_1_134' title='bbox 1231 961 1345 1003; x_wconf 86' lang='lat' dir='ltr'>hanc</span> <span class='ocrx_word' id='word_1_135' title='bbox 1372 962 1684 1018; x_wconf 81' lang='lat' dir='ltr'>cogitationem</span> <span class='ocrx_word' id='word_1_136' title='bbox 1705 972 1801 1005; x_wconf 89' lang='lat' dir='ltr'>toto</span> 
     </span>
    </p>
   </div>
   <div class='ocr_carea' id='block_1_5' title="bbox 359 1020 832 1077">
    <p class='ocr_par' dir='ltr' id='par_1_5' title="bbox 359 1020 832 1077">
     <span class='ocr_line' id='line_1_16' title="bbox 359 1020 832 1077; baseline 0.002 -17"><span class='ocrx_word' id='word_1_137' title='bbox 359 1029 536 1076; x_wconf 86' lang='lat' dir='ltr'>pectore</span> <span class='ocrx_word' id='word_1_138' title='bbox 558 1020 832 1077; x_wconf 47' lang='lat' dir='ltr'>amplectaime</span> 
     </span>
    </p>
   </div>
   <div class='ocr_carea' id='block_1_6' title="bbox 324 1101 1373 1151">
    <p class='ocr_par' dir='ltr' id='par_1_6' title="bbox 324 1101 1373 1151">
     <span class='ocr_line' id='line_1_17' title="bbox 324 1101 1373 1151; baseline -0.003 2"><span class='ocrx_word' id='word_1_139' title='bbox 324 1101 350 1143; x_wconf 79' lang='grc'>6</span> <span class='ocrx_word' id='word_1_140' title='bbox 799 1106 1035 1151; x_wconf 85' lang='lat' dir='ltr'>CICERO</span> <span class='ocrx_word' id='word_1_141' title='bbox 1066 1105 1296 1150; x_wconf 89' lang='lat' dir='ltr'><strong>ATTICO</strong></span> <span class='ocrx_word' id='word_1_142' title='bbox 1328 1108 1373 1150; x_wconf 87' lang='lat' dir='ltr'>S.</span> 
     </span>
    </p>
   </div>
   <div class='ocr_carea' id='block_1_7' title="bbox 343 1165 1803 2151">
    <p class='ocr_par' dir='ltr' id='par_1_7' title="bbox 343 1165 1803 2151">
     <span class='ocr_line' id='line_1_18' title="bbox 362 1165 1803 1234; baseline 0 -16"><span class='ocrx_word' id='word_1_143' title='bbox 362 1165 596 1219; x_wconf 85' lang='lat' dir='ltr'><strong>FANUM</strong></span> <span class='ocrx_word' id='word_1_144' title='bbox 620 1178 711 1218; x_wconf 85' lang='lat' dir='ltr'>fieri</span> <span class='ocrx_word' id='word_1_145' title='bbox 735 1177 858 1229; x_wconf 81' lang='lat' dir='ltr'>v;olo</span> <span class='ocrx_word' id='word_1_146' title='bbox 890 1181 929 1209; x_wconf 76' lang='lat'>28</span> <span class='ocrx_word' id='word_1_147' title='bbox 945 1192 1082 1234; x_wconf 82' lang='lat' dir='ltr'>neque</span> <span class='ocrx_word' id='word_1_148' title='bbox 1105 1177 1188 1219; x_wconf 88' lang='lat' dir='ltr'>hoc</span> <span class='ocrx_word' id='word_1_149' title='bbox 1216 1177 1323 1218; x_wconf 85' lang='lat' dir='ltr'>mihi</span> <span class='ocrx_word' id='word_1_150' title='bbox 1347 1177 1436 1219; x_wconf 86' lang='lat' dir='ltr'>erui</span> <span class='ocrx_word' id='word_1_151' title='bbox 1461 1184 1628 1234; x_wconf 85' lang='lat' dir='ltr'>potest:</span> <span class='ocrx_word' id='word_1_152' title='bbox 1661 1176 1803 1234; x_wconf 87' lang='lat' dir='ltr'>sepul-</span> 
     </span>
     <span class='ocr_line' id='line_1_19' title="bbox 358 1234 1800 1299; baseline -0.001 -23"><span class='ocrx_word' id='word_1_153' title='bbox 358 1235 422 1276; x_wconf 89' lang='lat' dir='ltr'>cri</span> <span class='ocrx_word' id='word_1_154' title='bbox 457 1235 783 1276; x_wconf 85' lang='lat' dir='ltr'>similitudinem</span> <span class='ocrx_word' id='word_1_155' title='bbox 815 1234 1020 1299; x_wconf 81' lang='lat' dir='ltr'>effugeie,</span> <span class='ocrx_word' id='word_1_156' title='bbox 1048 1249 1136 1276; x_wconf 85' lang='lat' dir='ltr'>non</span> <span class='ocrx_word' id='word_1_157' title='bbox 1172 1244 1259 1275; x_wconf 90' lang='lat' dir='ltr'>tam</span> <span class='ocrx_word' id='word_1_158' title='bbox 1288 1244 1465 1292; x_wconf 84' lang='lat' dir='ltr'>propter</span> <span class='ocrx_word' id='word_1_159' title='bbox 1494 1250 1668 1291; x_wconf 87' lang='lat' dir='ltr'>poenam</span> <span class='ocrx_word' id='word_1_160' title='bbox 1692 1234 1800 1291; x_wconf 87' lang='lat' dir='ltr'>leois</span> 
     </span>
     <span class='ocr_line' id='line_1_20' title="bbox 359 1292 1800 1357; baseline 0 -24"><span class='ocrx_word' id='word_1_161' title='bbox 359 1292 527 1357; x_wconf 71' lang='lat' dir='ltr'>studeo,</span> <span class='ocrx_word' id='word_1_162' title='bbox 549 1307 678 1348; x_wconf 85' lang='lat' dir='ltr'>quam</span> <span class='ocrx_word' id='word_1_163' title='bbox 703 1301 749 1333; x_wconf 84' lang='lat' dir='ltr'>ut</span> <span class='ocrx_word' id='word_1_164' title='bbox 776 1292 967 1333; x_wconf 82' lang='lat' dir='ltr'>maxime</span> <span class='ocrx_word' id='word_1_165' title='bbox 1001 1306 1201 1349; x_wconf 80' lang='lat' dir='ltr'>assequar</span> <span class='ocrx_word' id='word_1_166' title='bbox 1233 1296 1425 1334; x_wconf 66' lang='grc' dir='ltr'>ἀποθέωσιν.</span> <span class='ocrx_word' id='word_1_167' title='bbox 1449 1293 1564 1347; x_wconf 89' lang='lat' dir='ltr'>quod</span> <span class='ocrx_word' id='word_1_168' title='bbox 1589 1301 1800 1347; x_wconf 79' lang='lat' dir='ltr'>poteram,</span> 
     </span>
     <span class='ocr_line' id='line_1_21' title="bbox 358 1349 1799 1406; baseline 0 -16"><span class='ocrx_word' id='word_1_169' title='bbox 358 1350 393 1391; x_wconf 87' lang='lat' dir='ltr'>si</span> <span class='ocrx_word' id='word_1_170' title='bbox 422 1350 465 1390; x_wconf 90' lang='lat' dir='ltr'>in</span> <span class='ocrx_word' id='word_1_171' title='bbox 497 1350 591 1406; x_wconf 83' lang='lat' dir='ltr'>ipsa</span> <span class='ocrx_word' id='word_1_172' title='bbox 621 1349 721 1390; x_wconf 85' lang='lat' dir='ltr'>villa</span> <span class='ocrx_word' id='word_1_173' title='bbox 754 1349 966 1391; x_wconf 80' lang='lat' dir='ltr'>facerzem</span> <span class='ocrx_word' id='word_1_174' title='bbox 999 1350 1088 1401; x_wconf 86' lang='lat' dir='ltr'>sed,</span> <span class='ocrx_word' id='word_1_175' title='bbox 1112 1360 1159 1390; x_wconf 87' lang='lat' dir='ltr'>ut</span> <span class='ocrx_word' id='word_1_176' title='bbox 1192 1363 1307 1404; x_wconf 89' lang='lat' dir='ltr'>saepe</span> <span class='ocrx_word' id='word_1_177' title='bbox 1337 1349 1469 1390; x_wconf 86' lang='lat' dir='ltr'>locuti</span> <span class='ocrx_word' id='word_1_178' title='bbox 1494 1364 1654 1401; x_wconf 88' lang='lat' dir='ltr'>sumus,</span> <span class='ocrx_word' id='word_1_179' title='bbox 1679 1363 1799 1391; x_wconf 89' lang='lat' dir='ltr'>com-</span> 
     </span>
     <span class='ocr_line' id='line_1_22' title="bbox 355 1405 1800 1463; baseline 0 -15"><span class='ocrx_word' id='word_1_180' title='bbox 355 1407 619 1448; x_wconf 85' lang='lat' dir='ltr'>mutationes</span> <span class='ocrx_word' id='word_1_181' title='bbox 641 1407 915 1448; x_wconf 83' lang='lat' dir='ltr'>dominorum</span> <span class='ocrx_word' id='word_1_182' title='bbox 936 1405 1184 1448; x_wconf 30' lang='lat' dir='ltr'>iwefoimido.</span> <span class='ocrx_word' id='word_1_183' title='bbox 1207 1407 1251 1448; x_wconf 90' lang='lat' dir='ltr'>in</span> <span class='ocrx_word' id='word_1_184' title='bbox 1274 1420 1378 1462; x_wconf 80' lang='lat' dir='ltr'>agro</span> <span class='ocrx_word' id='word_1_185' title='bbox 1402 1407 1663 1463; x_wconf 86' lang='lat' dir='ltr'>ubicumque</span> <span class='ocrx_word' id='word_1_186' title='bbox 1686 1406 1800 1448; x_wconf 81' lang='lat' dir='ltr'>fece-</span> 
     </span>
     <span class='ocr_line' id='line_1_23' title="bbox 354 1463 1798 1528; baseline -0.001 -23"><span class='ocrx_word' id='word_1_187' title='bbox 354 1477 419 1516; x_wconf 68' lang='grc'>10,</span> <span class='ocrx_word' id='word_1_188' title='bbox 443 1463 549 1505; x_wconf 85' lang='grc'>1111111</span> <span class='ocrx_word' id='word_1_189' title='bbox 574 1464 720 1505; x_wconf 84' lang='lat' dir='ltr'>videor</span> <span class='ocrx_word' id='word_1_190' title='bbox 752 1464 919 1528; x_wconf 80' lang='lat' dir='ltr'>assequi</span> <span class='ocrx_word' id='word_1_191' title='bbox 954 1478 1092 1520; x_wconf 84' lang='lat' dir='ltr'>posse,</span> <span class='ocrx_word' id='word_1_192' title='bbox 1114 1474 1163 1505; x_wconf 89' lang='lat' dir='ltr'>ut</span> <span class='ocrx_word' id='word_1_193' title='bbox 1196 1464 1422 1521; x_wconf 78' lang='lat' dir='ltr'>posteritas</span> <span class='ocrx_word' id='word_1_194' title='bbox 1446 1464 1567 1505; x_wconf 88' lang='lat' dir='ltr'>habe·</span> <span class='ocrx_word' id='word_1_195' title='bbox 1560 1474 1603 1505; x_wconf 71' lang='lat' dir='ltr'>it</span> <span class='ocrx_word' id='word_1_196' title='bbox 1625 1464 1798 1520; x_wconf 83' lang='lat' dir='ltr'>religio-</span> 
     </span>
     <span class='ocr_line' id='line_1_24' title="bbox 354 1521 1795 1577; baseline 0 -15"><span class='ocrx_word' id='word_1_197' title='bbox 354 1535 470 1562; x_wconf 86' lang='lat' dir='ltr'>nem.</span> <span class='ocrx_word' id='word_1_198' title='bbox 525 1521 611 1563; x_wconf 81' lang='lat' dir='ltr'>Hae</span> <span class='ocrx_word' id='word_1_199' title='bbox 648 1536 755 1563; x_wconf 84' lang='lat' dir='ltr'>meae</span> <span class='ocrx_word' id='word_1_200' title='bbox 793 1522 870 1563; x_wconf 90' lang='lat' dir='ltr'>tibi</span> <span class='ocrx_word' id='word_1_201' title='bbox 910 1522 1087 1577; x_wconf 79' lang='lat' dir='ltr'>ineptiae</span> <span class='ocrx_word' id='word_1_202' title='bbox 1121 1521 1280 1575; x_wconf 82' lang='lat' dir='ltr'>(fateor</span> <span class='ocrx_word' id='word_1_203' title='bbox 1302 1522 1436 1572; x_wconf 86' lang='lat' dir='ltr'>enim)</span> <span class='ocrx_word' id='word_1_204' title='bbox 1470 1521 1657 1563; x_wconf 81' lang='lat' dir='ltr'>ferendae</span> <span class='ocrx_word' id='word_1_205' title='bbox 1681 1531 1795 1563; x_wconf 85' lang='lat' dir='ltr'>sunt.</span> 
     </span>
     <span class='ocr_line' id='line_1_25' title="bbox 352 1578 1795 1642; baseline -0.001 -22"><span class='ocrx_word' id='word_1_206' title='bbox 352 1593 442 1620; x_wconf 89' lang='lat' dir='ltr'>non</span> <span class='ocrx_word' id='word_1_207' title='bbox 460 1578 614 1630; x_wconf 88' lang='lat' dir='ltr'>habeo,</span> <span class='ocrx_word' id='word_1_208' title='bbox 633 1593 686 1620; x_wconf 89' lang='lat' dir='ltr'>ne</span> <span class='ocrx_word' id='word_1_209' title='bbox 705 1593 774 1620; x_wconf 88' lang='lat' dir='ltr'>me</span> <span class='ocrx_word' id='word_1_210' title='bbox 790 1579 964 1634; x_wconf 87' lang='lat' dir='ltr'>quidem</span> <span class='ocrx_word' id='word_1_211' title='bbox 985 1580 1142 1635; x_wconf 88' lang='lat' dir='ltr'>ipsum,</span> <span class='ocrx_word' id='word_1_212' title='bbox 1158 1579 1345 1642; x_wconf 64' lang='lat' dir='ltr'>quicum</span> <span class='ocrx_word' id='word_1_213' title='bbox 1354 1587 1440 1620; x_wconf 84' lang='lat' dir='ltr'>tam</span> <span class='ocrx_word' id='word_1_214' title='bbox 1461 1579 1664 1620; x_wconf 82' lang='lat' dir='ltr'>audacter</span> <span class='ocrx_word' id='word_1_215' title='bbox 1675 1593 1795 1621; x_wconf 88' lang='lat' dir='ltr'>com-</span> 
     </span>
     <span class='ocr_line' id='line_1_26' title="bbox 353 1635 1794 1700; baseline 0.001 -24"><span class='ocrx_word' id='word_1_216' title='bbox 353 1637 588 1687; x_wconf 87' lang='lat' dir='ltr'>municem,</span> <span class='ocrx_word' id='word_1_217' title='bbox 610 1651 739 1692; x_wconf 85' lang='lat' dir='ltr'>quam</span> <span class='ocrx_word' id='word_1_218' title='bbox 763 1645 818 1676; x_wconf 89' lang='lat' dir='ltr'>te.</span> <span class='ocrx_word' id='word_1_219' title='bbox 843 1636 875 1676; x_wconf 89' lang='lat' dir='ltr'>si</span> <span class='ocrx_word' id='word_1_220' title='bbox 900 1635 979 1676; x_wconf 86' lang='lat' dir='ltr'>tibi</span> <span class='ocrx_word' id='word_1_221' title='bbox 1001 1650 1080 1687; x_wconf 82' lang='lat' dir='ltr'>ies,</span> <span class='ocrx_word' id='word_1_222' title='bbox 1101 1637 1134 1677; x_wconf 89' lang='lat' dir='ltr'>si</span> <span class='ocrx_word' id='word_1_223' title='bbox 1158 1636 1291 1700; x_wconf 78' lang='lat' dir='ltr'>locus,</span> <span class='ocrx_word' id='word_1_224' title='bbox 1315 1635 1349 1676; x_wconf 87' lang='grc'>51</span> <span class='ocrx_word' id='word_1_225' title='bbox 1374 1635 1616 1677; x_wconf 87' lang='lat' dir='ltr'>institutum</span> <span class='ocrx_word' id='word_1_226' title='bbox 1639 1636 1794 1692; x_wconf 85' lang='lat' dir='ltr'>placet,</span> 
     </span>
     <span class='ocr_line' id='line_1_27' title="bbox 352 1692 1792 1750; baseline 0.001 -17"><span class='ocrx_word' id='word_1_227' title='bbox 352 1692 462 1750; x_wconf 79' lang='lat' dir='ltr'>lege,</span> <span class='ocrx_word' id='word_1_228' title='bbox 486 1709 649 1749; x_wconf 84' lang='lat' dir='ltr'>quaeso,</span> <span class='ocrx_word' id='word_1_229' title='bbox 671 1694 826 1749; x_wconf 82' lang='lat' dir='ltr'>legem,</span> <span class='ocrx_word' id='word_1_230' title='bbox 851 1693 1042 1748; x_wconf 84' lang='lat' dir='ltr'>mihique</span> <span class='ocrx_word' id='word_1_231' title='bbox 1064 1708 1157 1734; x_wconf 85' lang='lat' dir='ltr'>eam</span> <span class='ocrx_word' id='word_1_232' title='bbox 1180 1693 1319 1734; x_wconf 78' lang='lat' dir='ltr'>mitte.</span> <span class='ocrx_word' id='word_1_233' title='bbox 1344 1693 1376 1733; x_wconf 85' lang='grc'>51</span> <span class='ocrx_word' id='word_1_234' title='bbox 1408 1693 1544 1748; x_wconf 89' lang='lat' dir='ltr'>quid</span> <span class='ocrx_word' id='word_1_235' title='bbox 1535 1708 1579 1733; x_wconf 84' lang='lat' dir='ltr'>m</span> <span class='ocrx_word' id='word_1_236' title='bbox 1602 1702 1792 1735; x_wconf 85' lang='lat' dir='ltr'>mentem</span> 
     </span>
     <span class='ocr_line' id='line_1_28' title="bbox 350 1749 1792 1815; baseline 0.001 -24"><span class='ocrx_word' id='word_1_237' title='bbox 350 1752 511 1802; x_wconf 83' lang='lat' dir='ltr'>veniet,</span> <span class='ocrx_word' id='word_1_238' title='bbox 550 1766 635 1807; x_wconf 85' lang='lat' dir='ltr'>quo</span> <span class='ocrx_word' id='word_1_239' title='bbox 670 1751 800 1792; x_wconf 75' lang='lat' dir='ltr'>niodo</span> <span class='ocrx_word' id='word_1_240' title='bbox 838 1765 933 1791; x_wconf 83' lang='lat' dir='ltr'>eam</span> <span class='ocrx_word' id='word_1_241' title='bbox 971 1749 1161 1815; x_wconf 78' lang='lat' dir='ltr'>effugere</span> <span class='ocrx_word' id='word_1_242' title='bbox 1195 1750 1433 1806; x_wconf 85' lang='lat' dir='ltr'>possimus;</span> <span class='ocrx_word' id='word_1_243' title='bbox 1477 1761 1660 1792; x_wconf 73' lang='lat' dir='ltr'>utemur,</span> <span class='ocrx_word' id='word_1_244' title='bbox 1720 1750 1792 1792; x_wconf 84' lang='lat' dir='ltr'>Ad</span> 
     </span>
     <span class='ocr_line' id='line_1_29' title="bbox 351 1783 1791 1873; baseline 0.001 -25"><span class='ocrx_word' id='word_1_245' title='bbox 351 1783 538 1849; x_wconf 79' lang='lat' dir='ltr'>Brutuin</span> <span class='ocrx_word' id='word_1_246' title='bbox 578 1809 612 1849; x_wconf 86' lang='lat' dir='ltr'>si</span> <span class='ocrx_word' id='word_1_247' title='bbox 649 1808 752 1873; x_wconf 79' lang='lat' dir='ltr'>quid</span> <span class='ocrx_word' id='word_1_248' title='bbox 786 1809 960 1859; x_wconf 78' lang='lat' dir='ltr'>scribes,</span> <span class='ocrx_word' id='word_1_249' title='bbox 997 1808 1079 1848; x_wconf 80' lang='lat' dir='ltr'>nisi</span> <span class='ocrx_word' id='word_1_250' title='bbox 1115 1807 1301 1848; x_wconf 86' lang='lat' dir='ltr'>alienum</span> <span class='ocrx_word' id='word_1_251' title='bbox 1337 1807 1525 1863; x_wconf 76' lang='lat' dir='ltr'>putabiS,</span> <span class='ocrx_word' id='word_1_252' title='bbox 1557 1807 1791 1864; x_wconf 81' lang='lat' dir='ltr'>objurgato</span> 
     </span>
     <span class='ocr_line' id='line_1_30' title="bbox 349 1865 1793 1921; baseline 0 -16"><span class='ocrx_word' id='word_1_253' title='bbox 349 1880 464 1916; x_wconf 79' lang='lat' dir='ltr'>eum,</span> <span class='ocrx_word' id='word_1_254' title='bbox 499 1865 615 1920; x_wconf 83' lang='lat' dir='ltr'>quod</span> <span class='ocrx_word' id='word_1_255' title='bbox 650 1866 693 1906; x_wconf 90' lang='lat' dir='ltr'>in</span> <span class='ocrx_word' id='word_1_256' title='bbox 719 1865 917 1906; x_wconf 87' lang='lat' dir='ltr'>Cumano</span> <span class='ocrx_word' id='word_1_257' title='bbox 950 1879 1042 1905; x_wconf 82' lang='lat' dir='ltr'>esse</span> <span class='ocrx_word' id='word_1_258' title='bbox 1076 1865 1262 1906; x_wconf 85' lang='lat' dir='ltr'>noluerit</span> <span class='ocrx_word' id='word_1_259' title='bbox 1295 1875 1467 1921; x_wconf 79' lang='lat' dir='ltr'>pioptei·</span> <span class='ocrx_word' id='word_1_260' title='bbox 1485 1879 1576 1906; x_wconf 86' lang='lat' dir='ltr'>eam</span> <span class='ocrx_word' id='word_1_261' title='bbox 1602 1880 1793 1916; x_wconf 85' lang='lat' dir='ltr'>causam,</span> 
     </span>
     <span class='ocr_line' id='line_1_31' title="bbox 347 1921 1787 1979; baseline 0 -16"><span class='ocrx_word' id='word_1_262' title='bbox 347 1937 478 1977; x_wconf 88' lang='lat' dir='ltr'>quam</span> <span class='ocrx_word' id='word_1_263' title='bbox 506 1923 581 1964; x_wconf 85' lang='lat' dir='ltr'>tibi</span> <span class='ocrx_word' id='word_1_264' title='bbox 605 1922 733 1964; x_wconf 78' lang='lat' dir='ltr'>dixit.</span> <span class='ocrx_word' id='word_1_265' title='bbox 756 1922 970 1979; x_wconf 82' lang='lat' dir='ltr'>cogitanti</span> <span class='ocrx_word' id='word_1_266' title='bbox 992 1922 1106 1963; x_wconf 89' lang='lat' dir='ltr'>enim</span> <span class='ocrx_word' id='word_1_267' title='bbox 1129 1922 1252 1973; x_wconf 81' lang='lat' dir='ltr'>mihi,</span> <span class='ocrx_word' id='word_1_268' title='bbox 1274 1922 1383 1963; x_wconf 86' lang='lat' dir='ltr'>nihil</span> <span class='ocrx_word' id='word_1_269' title='bbox 1409 1931 1446 1963; x_wconf 86' lang='lat' dir='ltr'>t·</span> <span class='ocrx_word' id='word_1_270' title='bbox 1438 1937 1494 1962; x_wconf 84' lang='grc'>111</span> <span class='ocrx_word' id='word_1_271' title='bbox 1519 1921 1687 1963; x_wconf 80' lang='lat' dir='ltr'>videtui</span> <span class='ocrx_word' id='word_1_272' title='bbox 1708 1937 1787 1978; x_wconf 80' lang='lat' dir='ltr'>po-</span> 
     </span>
     <span class='ocr_line' id='line_1_32' title="bbox 349 1954 1790 2036; baseline 0 -16"><span class='ocrx_word' id='word_1_273' title='bbox 349 1980 482 2021; x_wconf 83' lang='lat' dir='ltr'>tuisse</span> <span class='ocrx_word' id='word_1_274' title='bbox 504 1979 645 2021; x_wconf 84' lang='lat' dir='ltr'>facere</span> <span class='ocrx_word' id='word_1_275' title='bbox 667 1980 840 2022; x_wconf 85' lang='lat' dir='ltr'>rustice.</span> <span class='ocrx_word' id='word_1_276' title='bbox 892 1978 964 2030; x_wconf 89' lang='lat' dir='ltr'>Et,</span> <span class='ocrx_word' id='word_1_277' title='bbox 994 1980 1028 2020; x_wconf 85' lang='lat' dir='ltr'>si</span> <span class='ocrx_word' id='word_1_278' title='bbox 1063 1980 1143 2021; x_wconf 89' lang='lat' dir='ltr'>tibi</span> <span class='ocrx_word' id='word_1_279' title='bbox 1172 1954 1361 2036; x_wconf 82' lang='lat' dir='ltr'>placebit</span> <span class='ocrx_word' id='word_1_280' title='bbox 1383 1980 1443 2020; x_wconf 87' lang='lat' dir='ltr'>sic</span> <span class='ocrx_word' id='word_1_281' title='bbox 1465 1993 1592 2036; x_wconf 80' lang='lat' dir='ltr'>ageie</span> <span class='ocrx_word' id='word_1_282' title='bbox 1613 1979 1666 2021; x_wconf 90' lang='lat' dir='ltr'>de</span> <span class='ocrx_word' id='word_1_283' title='bbox 1688 1978 1790 2021; x_wconf 82' lang='lat' dir='ltr'>fano</span> 
     </span>
     <span class='ocr_line' id='line_1_33' title="bbox 344 2011 1790 2093; baseline 0.001 -17"><span class='ocrx_word' id='word_1_284' title='bbox 344 2045 395 2077; x_wconf 86' lang='lat' dir='ltr'>ut</span> <span class='ocrx_word' id='word_1_285' title='bbox 416 2038 647 2093; x_wconf 88' lang='lat' dir='ltr'>coepimus,</span> <span class='ocrx_word' id='word_1_286' title='bbox 680 2038 808 2079; x_wconf 86' lang='lat' dir='ltr'>velim</span> <span class='ocrx_word' id='word_1_287' title='bbox 841 2011 1081 2088; x_wconf 38' lang='lat' dir='ltr'>comi-veie,</span> <span class='ocrx_word' id='word_1_288' title='bbox 1110 2046 1153 2078; x_wconf 80' lang='lat' dir='ltr'>et</span> <span class='ocrx_word' id='word_1_289' title='bbox 1186 2050 1371 2078; x_wconf 80' lang='lat' dir='ltr'>exacuas</span> <span class='ocrx_word' id='word_1_290' title='bbox 1396 2036 1641 2079; x_wconf 83' lang='lat' dir='ltr'>Cluatium.</span> <span class='ocrx_word' id='word_1_291' title='bbox 1675 2051 1790 2088; x_wconf 86' lang='lat' dir='ltr'>nam,</span> 
     </span>
     <span class='ocr_line' id='line_1_34' title="bbox 343 2093 1787 2151; baseline 0 -16"><span class='ocrx_word' id='word_1_292' title='bbox 343 2095 513 2136; x_wconf 83' lang='lat' dir='ltr'>etiamsi</span> <span class='ocrx_word' id='word_1_293' title='bbox 547 2094 630 2136; x_wconf 86' lang='lat' dir='ltr'>alio</span> <span class='ocrx_word' id='word_1_294' title='bbox 673 2094 770 2137; x_wconf 91' lang='lat' dir='ltr'>loco</span> <span class='ocrx_word' id='word_1_295' title='bbox 810 2094 1013 2151; x_wconf 87' lang='lat' dir='ltr'>placebit,</span> <span class='ocrx_word' id='word_1_296' title='bbox 1047 2093 1159 2135; x_wconf 91' lang='lat' dir='ltr'>illius</span> <span class='ocrx_word' id='word_1_297' title='bbox 1191 2094 1353 2135; x_wconf 84' lang='lat' dir='ltr'>nobis</span> <span class='ocrx_word' id='word_1_298' title='bbox 1354 2109 1485 2151; x_wconf 80' lang='lat' dir='ltr'>opera</span> <span class='ocrx_word' id='word_1_299' title='bbox 1517 2093 1787 2151; x_wconf 79' lang='lat' dir='ltr'>consilioque</span> 
     </span>
    </p>
   </div>
   <div class='ocr_carea' id='block_1_8' title="bbox 344 2150 1390 2209">
    <p class='ocr_par' dir='ltr' id='par_1_8' title="bbox 344 2150 1390 2209">
     <span class='ocr_line' id='line_1_35' title="bbox 344 2150 1390 2209; baseline 0 -17"><span class='ocrx_word' id='word_1_300' title='bbox 344 2152 554 2194; x_wconf 84' lang='lat' dir='ltr'>utendum</span> <span class='ocrx_word' id='word_1_301' title='bbox 577 2165 699 2209; x_wconf 87' lang='lat' dir='ltr'>puto.</span> <span class='ocrx_word' id='word_1_302' title='bbox 749 2151 815 2194; x_wconf 89' lang='lat' dir='ltr'>Tu</span> <span class='ocrx_word' id='word_1_303' title='bbox 838 2152 892 2193; x_wconf 86' lang='lat' dir='ltr'>ad</span> <span class='ocrx_word' id='word_1_304' title='bbox 916 2150 1060 2193; x_wconf 84' lang='lat' dir='ltr'>villam</span> <span class='ocrx_word' id='word_1_305' title='bbox 1079 2151 1261 2194; x_wconf 86' lang='lat' dir='ltr'>fortasse</span> <span class='ocrx_word' id='word_1_306' title='bbox 1283 2166 1390 2194; x_wconf 28' lang='lat' dir='ltr'>cimas</span> 
     </span>
    </p>
   </div>
   <div class='ocr_carea' id='block_1_9' title="bbox 338 2282 1045 2918">
    <p class='ocr_par' dir='ltr' id='par_1_9' title="bbox 344 2282 1042 2356">
     <span class='ocr_line' id='line_1_36' title="bbox 386 2282 1042 2331; baseline 0 -18"><span class='ocrx_word' id='word_1_307' title='bbox 386 2284 427 2313; x_wconf 73' lang='lat'>24</span> <span class='ocrx_word' id='word_1_308' title='bbox 449 2283 544 2331; x_wconf 64' lang='lat' dir='ltr'>cujus</span> <span class='ocrx_word' id='word_1_309' title='bbox 569 2283 628 2314; x_wconf 79' lang='lat' dir='ltr'>loci</span> <span class='ocrx_word' id='word_1_310' title='bbox 652 2283 724 2314; x_wconf 71' lang='lat' dir='ltr'>dett·</span> <span class='ocrx_word' id='word_1_311' title='bbox 729 2282 752 2322; x_wconf 93' lang='lat'>.]</span> <span class='ocrx_word' id='word_1_312' title='bbox 778 2283 887 2324; x_wconf 68' lang='lat' dir='ltr'>Quam</span> <span class='ocrx_word' id='word_1_313' title='bbox 913 2286 1042 2324; x_wconf 84' lang='lat' dir='ltr'>partem</span> 
     </span>
     <span class='ocr_line' id='line_1_37' title="bbox 344 2323 760 2356; baseline 0 0"><span class='ocrx_word' id='word_1_314' title='bbox 344 2323 433 2356; x_wconf 78' lang='lat' dir='ltr'>horti</span> <span class='ocrx_word' id='word_1_315' title='bbox 449 2326 509 2355; x_wconf 78' lang='lat' dir='ltr'>sibi</span> <span class='ocrx_word' id='word_1_316' title='bbox 525 2335 653 2356; x_wconf 81' lang='lat' dir='ltr'>seivare</span> <span class='ocrx_word' id='word_1_317' title='bbox 669 2326 760 2356; x_wconf 81' lang='lat' dir='ltr'>velit.</span> 
     </span>
    </p>

    <p class='ocr_par' dir='ltr' id='par_1_10' title="bbox 342 2366 1045 2535">
     <span class='ocr_line' id='line_1_38' title="bbox 386 2366 1044 2407; baseline 0 -9"><span class='ocrx_word' id='word_1_318' title='bbox 386 2369 426 2399; x_wconf 77' lang='lat'>‘25</span> <span class='ocrx_word' id='word_1_319' title='bbox 449 2369 533 2405; x_wconf 63' lang='lat' dir='ltr'>aide,</span> <span class='ocrx_word' id='word_1_320' title='bbox 550 2378 589 2399; x_wconf 78' lang='lat' dir='ltr'>ne</span> <span class='ocrx_word' id='word_1_321' title='bbox 611 2369 639 2398; x_wconf 81' lang='lat' dir='ltr'>is</span> <span class='ocrx_word' id='word_1_322' title='bbox 660 2369 727 2407; x_wconf 71' lang='lat' dir='ltr'>ipse</span> <span class='ocrx_word' id='word_1_323' title='bbox 750 2366 826 2407; x_wconf 63' lang='grc' dir='ltr'>ἃς]</span> <span class='ocrx_word' id='word_1_324' title='bbox 852 2367 987 2406; x_wconf 83' lang='lat' dir='ltr'>Vereor,</span> <span class='ocrx_word' id='word_1_325' title='bbox 1002 2377 1044 2398; x_wconf 91' lang='lat' dir='ltr'>ne</span> 
     </span>
     <span class='ocr_line' id='line_1_39' title="bbox 343 2410 1044 2450; baseline 0.001 -10"><span class='ocrx_word' id='word_1_326' title='bbox 343 2418 383 2440; x_wconf 81' lang='lat' dir='ltr'>ea</span> <span class='ocrx_word' id='word_1_327' title='bbox 397 2411 467 2450; x_wconf 83' lang='lat' dir='ltr'>ipsa</span> <span class='ocrx_word' id='word_1_328' title='bbox 484 2421 558 2450; x_wconf 84' lang='lat' dir='ltr'>pars</span> <span class='ocrx_word' id='word_1_329' title='bbox 572 2411 628 2448; x_wconf 88' lang='lat' dir='ltr'>sit,</span> <span class='ocrx_word' id='word_1_330' title='bbox 650 2420 723 2450; x_wconf 85' lang='lat' dir='ltr'>quae</span> <span class='ocrx_word' id='word_1_331' title='bbox 743 2410 788 2440; x_wconf 82' lang='lat' dir='ltr'>sit</span> <span class='ocrx_word' id='word_1_332' title='bbox 809 2410 871 2440; x_wconf 80' lang='lat' dir='ltr'>viae</span> <span class='ocrx_word' id='word_1_333' title='bbox 894 2411 1044 2450; x_wconf 84' lang='lat' dir='ltr'>proxima</span> 
     </span>
     <span class='ocr_line' id='line_1_40' title="bbox 342 2454 1045 2494; baseline 0.003 -13"><span class='ocrx_word' id='word_1_334' title='bbox 342 2456 379 2481; x_wconf 83' lang='lat' dir='ltr'>et</span> <span class='ocrx_word' id='word_1_335' title='bbox 408 2454 549 2484; x_wconf 75' lang='lat' dir='ltr'>maxime</span> <span class='ocrx_word' id='word_1_336' title='bbox 581 2454 618 2483; x_wconf 87' lang='lat' dir='ltr'>in</span> <span class='ocrx_word' id='word_1_337' title='bbox 647 2456 836 2494; x_wconf 77' lang='lat' dir='ltr'>conspectu·</span> <span class='ocrx_word' id='word_1_338' title='bbox 866 2462 943 2483; x_wconf 83' lang='lat' dir='ltr'>uam</span> <span class='ocrx_word' id='word_1_339' title='bbox 973 2454 1045 2493; x_wconf 84' lang='lat' dir='ltr'>ejus</span> 
     </span>
     <span class='ocr_line' id='line_1_41' title="bbox 343 2494 1014 2535; baseline 0.003 -12"><span class='ocrx_word' id='word_1_340' title='bbox 343 2503 443 2524; x_wconf 79' lang='lat' dir='ltr'>causa</span> <span class='ocrx_word' id='word_1_341' title='bbox 457 2494 546 2526; x_wconf 83' lang='lat' dir='ltr'>hune</span> <span class='ocrx_word' id='word_1_342' title='bbox 560 2495 694 2526; x_wconf 81' lang='lat' dir='ltr'>hortum</span> <span class='ocrx_word' id='word_1_343' title='bbox 709 2495 879 2535; x_wconf 83' lang='lat' dir='ltr'>cupiebam</span> <span class='ocrx_word' id='word_1_344' title='bbox 897 2505 1014 2526; x_wconf 86' lang='lat' dir='ltr'>emere.</span> 
     </span>
    </p>

    <p class='ocr_par' dir='ltr' id='par_1_11' title="bbox 341 2536 1042 2788">
     <span class='ocr_line' id='line_1_42' title="bbox 386 2536 1041 2576; baseline 0.003 -10"><span class='ocrx_word' id='word_1_345' title='bbox 386 2536 428 2566; x_wconf 70' lang='lat'>26</span> <span class='ocrx_word' id='word_1_346' title='bbox 449 2538 534 2576; x_wconf 72' lang='lat' dir='ltr'>quod</span> <span class='ocrx_word' id='word_1_347' title='bbox 557 2540 627 2576; x_wconf 80' lang='lat' dir='ltr'>lege</span> <span class='ocrx_word' id='word_1_348' title='bbox 651 2537 850 2576; x_wconf 79' lang='lat' dir='ltr'>conceditur]</span> <span class='ocrx_word' id='word_1_349' title='bbox 884 2538 1041 2568; x_wconf 86' lang='lat' dir='ltr'>Sumtua-</span> 
     </span>
     <span class='ocr_line' id='line_1_43' title="bbox 342 2578 1042 2620; baseline 0.003 -12"><span class='ocrx_word' id='word_1_350' title='bbox 342 2578 393 2608; x_wconf 80' lang='lat' dir='ltr'>ria</span> <span class='ocrx_word' id='word_1_351' title='bbox 407 2578 530 2618; x_wconf 83' lang='lat' dir='ltr'>aliqua,</span> <span class='ocrx_word' id='word_1_352' title='bbox 545 2581 812 2620; x_wconf 67' lang='lat' dir='ltr'>Caesarisips1us,</span> <span class='ocrx_word' id='word_1_353' title='bbox 838 2584 876 2609; x_wconf 81' lang='lat' dir='ltr'>ut</span> <span class='ocrx_word' id='word_1_354' title='bbox 898 2580 1042 2610; x_wconf 86' lang='lat' dir='ltr'>nonnul-</span> 
     </span>
     <span class='ocr_line' id='line_1_44' title="bbox 342 2619 1042 2661; baseline 0.003 -11"><span class='ocrx_word' id='word_1_355' title='bbox 342 2619 383 2650; x_wconf 78' lang='lat' dir='ltr'>lis</span> <span class='ocrx_word' id='word_1_356' title='bbox 408 2619 534 2660; x_wconf 84' lang='lat' dir='ltr'>placet·</span> <span class='ocrx_word' id='word_1_357' title='bbox 559 2622 592 2651; x_wconf 87' lang='lat' dir='ltr'>in</span> <span class='ocrx_word' id='word_1_358' title='bbox 616 2632 680 2660; x_wconf 80' lang='lat' dir='ltr'>qua</span> <span class='ocrx_word' id='word_1_359' title='bbox 699 2627 734 2652; x_wconf 75' lang='lat' dir='ltr'>et</span> <span class='ocrx_word' id='word_1_360' title='bbox 753 2622 792 2653; x_wconf 91' lang='lat' dir='ltr'>de</span> <span class='ocrx_word' id='word_1_361' title='bbox 817 2621 1042 2661; x_wconf 79' lang='lat' dir='ltr'>sepulcrorum</span> 
     </span>
     <span class='ocr_line' id='line_1_45' title="bbox 343 2663 1040 2704; baseline 0.003 -12"><span class='ocrx_word' id='word_1_362' title='bbox 343 2663 442 2693; x_wconf 84' lang='lat' dir='ltr'>modo</span> <span class='ocrx_word' id='word_1_363' title='bbox 458 2668 622 2694; x_wconf 86' lang='lat' dir='ltr'>statutum</span> <span class='ocrx_word' id='word_1_364' title='bbox 638 2670 739 2694; x_wconf 79' lang='lat' dir='ltr'>esset:</span> <span class='ocrx_word' id='word_1_365' title='bbox 764 2668 899 2704; x_wconf 72' lang='lat' dir='ltr'>propter</span> <span class='ocrx_word' id='word_1_366' title='bbox 913 2666 1040 2704; x_wconf 82' lang='lat' dir='ltr'>magni-</span> 
     </span>
     <span class='ocr_line' id='line_1_46' title="bbox 341 2705 1040 2745; baseline 0.001 -10"><span class='ocrx_word' id='word_1_367' title='bbox 341 2705 494 2735; x_wconf 84' lang='lat' dir='ltr'>tudinem</span> <span class='ocrx_word' id='word_1_368' title='bbox 510 2710 695 2743; x_wconf 81' lang='lat' dir='ltr'>sumtumn,</span> <span class='ocrx_word' id='word_1_369' title='bbox 712 2707 766 2745; x_wconf 86' lang='lat' dir='ltr'>qui</span> <span class='ocrx_word' id='word_1_370' title='bbox 782 2707 817 2736; x_wconf 88' lang='lat' dir='ltr'>in</span> <span class='ocrx_word' id='word_1_371' title='bbox 837 2706 874 2735; x_wconf 87' lang='lat' dir='ltr'>iis</span> <span class='ocrx_word' id='word_1_372' title='bbox 891 2705 961 2736; x_wconf 83' lang='lat' dir='ltr'>fieri</span> <span class='ocrx_word' id='word_1_373' title='bbox 978 2717 1040 2737; x_wconf 85' lang='lat' dir='ltr'>coe-</span> 
     </span>
     <span class='ocr_line' id='line_1_47' title="bbox 341 2747 478 2788; baseline 0 -11"><span class='ocrx_word' id='word_1_374' title='bbox 341 2747 478 2788; x_wconf 78' lang='lat' dir='ltr'>pissent.</span> 
     </span>
    </p>

    <p class='ocr_par' dir='ltr' id='par_1_12' title="bbox 338 2790 1038 2918">
     <span class='ocr_line' id='line_1_48' title="bbox 383 2790 1037 2831; baseline 0.002 -11"><span class='ocrx_word' id='word_1_375' title='bbox 383 2793 423 2823; x_wconf 71' lang='lat'>27</span> <span class='ocrx_word' id='word_1_376' title='bbox 446 2800 487 2820; x_wconf 83' lang='lat' dir='ltr'>ne</span> <span class='ocrx_word' id='word_1_377' title='bbox 498 2791 622 2830; x_wconf 79' lang='lat' dir='ltr'>assequi</span> <span class='ocrx_word' id='word_1_378' title='bbox 636 2799 699 2821; x_wconf 78' lang='lat' dir='ltr'>non</span> <span class='ocrx_word' id='word_1_379' title='bbox 707 2790 877 2831; x_wconf 80' lang='lat' dir='ltr'>possimus,</span> <span class='ocrx_word' id='word_1_380' title='bbox 890 2790 953 2820; x_wconf 69' lang='lat' dir='ltr'>nisi</span> <span class='ocrx_word' id='word_1_381' title='bbox 965 2800 1037 2821; x_wconf 84' lang='lat' dir='ltr'>mu-</span> 
     </span>
     <span class='ocr_line' id='line_1_49' title="bbox 338 2832 1036 2872; baseline 0 -10"><span class='ocrx_word' id='word_1_382' title='bbox 338 2835 408 2863; x_wconf 78' lang='lat' dir='ltr'>tato</span> <span class='ocrx_word' id='word_1_383' title='bbox 424 2832 502 2872; x_wconf 81' lang='lat' dir='ltr'>Ioco]</span> <span class='ocrx_word' id='word_1_384' title='bbox 527 2833 634 2864; x_wconf 89' lang='lat' dir='ltr'>Locus</span> <span class='ocrx_word' id='word_1_385' title='bbox 649 2838 720 2864; x_wconf 84' lang='lat' dir='ltr'>erat</span> <span class='ocrx_word' id='word_1_386' title='bbox 734 2833 768 2863; x_wconf 90' lang='lat' dir='ltr'>in</span> <span class='ocrx_word' id='word_1_387' title='bbox 784 2832 888 2863; x_wconf 80' lang='lat' dir='ltr'>hortis</span> <span class='ocrx_word' id='word_1_388' title='bbox 901 2833 1036 2863; x_wconf 81' lang='lat' dir='ltr'>transti-</span> 
     </span>
     <span class='ocr_line' id='line_1_50' title="bbox 340 2874 1038 2918; baseline 0.001 -12"><span class='ocrx_word' id='word_1_389' title='bbox 340 2874 474 2914; x_wconf 72' lang='lat' dir='ltr'>bei-iuis,</span> <span class='ocrx_word' id='word_1_390' title='bbox 497 2875 554 2908; x_wconf 88' lang='lat' dir='ltr'>ubi</span> <span class='ocrx_word' id='word_1_391' title='bbox 569 2875 676 2908; x_wconf 81' lang='lat' dir='ltr'>multa</span> <span class='ocrx_word' id='word_1_392' title='bbox 695 2874 858 2918; x_wconf 82' lang='lat' dir='ltr'>sepulcra.</span> <span class='ocrx_word' id='word_1_393' title='bbox 877 2875 920 2906; x_wconf 88' lang='lat' dir='ltr'>ibi</span> <span class='ocrx_word' id='word_1_394' title='bbox 937 2875 1038 2916; x_wconf 80' lang='lat' dir='ltr'>igitur</span> 
     </span>
    </p>
   </div>
   <div class='ocr_carea' id='block_1_10' title="bbox 1079 2280 1786 2865">
    <p class='ocr_par' dir='ltr' id='par_1_13' title="bbox 1084 2280 1785 2399">
     <span class='ocr_line' id='line_1_51' title="bbox 1084 2280 1784 2323; baseline 0.001 -10"><span class='ocrx_word' id='word_1_395' title='bbox 1084 2292 1146 2323; x_wconf 84' lang='lat' dir='ltr'>pro</span> <span class='ocrx_word' id='word_1_396' title='bbox 1171 2282 1320 2323; x_wconf 84' lang='lat' dir='ltr'>sepulcro</span> <span class='ocrx_word' id='word_1_397' title='bbox 1345 2282 1496 2314; x_wconf 82' lang='lat' dir='ltr'>futurum</span> <span class='ocrx_word' id='word_1_398' title='bbox 1528 2281 1627 2312; x_wconf 85' lang='lat' dir='ltr'>fuisse</span> <span class='ocrx_word' id='word_1_399' title='bbox 1655 2280 1784 2314; x_wconf 78' lang='lat' dir='ltr'>videtur</span> 
     </span>
     <span class='ocr_line' id='line_1_52' title="bbox 1086 2324 1785 2364; baseline 0 -8"><span class='ocrx_word' id='word_1_400' title='bbox 1086 2326 1329 2356; x_wconf 83' lang='lat' dir='ltr'>monimentum</span> <span class='ocrx_word' id='word_1_401' title='bbox 1334 2347 1344 2364; x_wconf 94' lang='lat'>‚</span> <span class='ocrx_word' id='word_1_402' title='bbox 1355 2335 1415 2356; x_wconf 88' lang='lat' dir='ltr'>nec</span> <span class='ocrx_word' id='word_1_403' title='bbox 1425 2325 1637 2355; x_wconf 83' lang='lat' dir='ltr'>sanctitatem</span> <span class='ocrx_word' id='word_1_404' title='bbox 1650 2324 1716 2355; x_wconf 79' lang='lat' dir='ltr'>fani</span> <span class='ocrx_word' id='word_1_405' title='bbox 1726 2324 1785 2356; x_wconf 86' lang='lat' dir='ltr'>ha-</span> 
     </span>
     <span class='ocr_line' id='line_1_53' title="bbox 1086 2367 1244 2399; baseline 0.006 -2"><span class='ocrx_word' id='word_1_406' title='bbox 1086 2367 1244 2399; x_wconf 82' lang='lat' dir='ltr'>biturum.</span> 
     </span>
    </p>

    <p class='ocr_par' dir='ltr' id='par_1_14' title="bbox 1079 2407 1786 2865">
     <span class='ocr_line' id='line_1_54' title="bbox 1129 2407 1786 2451; baseline -0.002 -10"><span class='ocrx_word' id='word_1_407' title='bbox 1129 2412 1169 2442; x_wconf 67' lang='lat'>98</span> <span class='ocrx_word' id='word_1_408' title='bbox 1192 2419 1293 2451; x_wconf 77' lang='lat' dir='ltr'>neque</span> <span class='ocrx_word' id='word_1_409' title='bbox 1314 2411 1371 2440; x_wconf 80' lang='lat' dir='ltr'>hoc</span> <span class='ocrx_word' id='word_1_410' title='bbox 1396 2409 1479 2440; x_wconf 77' lang='lat' dir='ltr'>mihi</span> <span class='ocrx_word' id='word_1_411' title='bbox 1501 2409 1574 2440; x_wconf 82' lang='lat' dir='ltr'>erui</span> <span class='ocrx_word' id='word_1_412' title='bbox 1586 2407 1705 2449; x_wconf 77' lang='lat' dir='ltr'>potest]</span> <span class='ocrx_word' id='word_1_413' title='bbox 1731 2409 1786 2440; x_wconf 87' lang='lat' dir='ltr'>Sic</span> 
     </span>
     <span class='ocr_line' id='line_1_55' title="bbox 1086 2451 1786 2493; baseline 0.001 -10"><span class='ocrx_word' id='word_1_414' title='bbox 1086 2452 1158 2483; x_wconf 79' lang='lat' dir='ltr'>edd.</span> <span class='ocrx_word' id='word_1_415' title='bbox 1188 2463 1236 2493; x_wconf 85' lang='lat' dir='ltr'>pr.</span> <span class='ocrx_word' id='word_1_416' title='bbox 1264 2453 1412 2491; x_wconf 86' lang='lat' dir='ltr'>itemque</span> <span class='ocrx_word' id='word_1_417' title='bbox 1438 2452 1518 2483; x_wconf 81' lang='lat' dir='ltr'>Mss.</span> <span class='ocrx_word' id='word_1_418' title='bbox 1548 2460 1578 2483; x_wconf 87' lang='lat' dir='ltr'>v.</span> <span class='ocrx_word' id='word_1_419' title='bbox 1604 2461 1633 2481; x_wconf 89' lang='lat' dir='ltr'>c.</span> <span class='ocrx_word' id='word_1_420' title='bbox 1651 2451 1786 2484; x_wconf 82' lang='lat' dir='ltr'>Graevii.</span> 
     </span>
     <span class='ocr_line' id='line_1_56' title="bbox 1087 2493 1785 2533; baseline 0 -8"><span class='ocrx_word' id='word_1_421' title='bbox 1087 2495 1204 2526; x_wconf 77' lang='lat' dir='ltr'>Bosius</span> <span class='ocrx_word' id='word_1_422' title='bbox 1220 2505 1238 2525; x_wconf 89' lang='lat' dir='ltr'>e</span> <span class='ocrx_word' id='word_1_423' title='bbox 1254 2494 1319 2525; x_wconf 91' lang='grc' dir='ltr'>Μ5.</span> <span class='ocrx_word' id='word_1_424' title='bbox 1333 2494 1368 2524; x_wconf 85' lang='grc'>111</span> <span class='ocrx_word' id='word_1_425' title='bbox 1381 2504 1445 2533; x_wconf 86' lang='lat' dir='ltr'>quo</span> <span class='ocrx_word' id='word_1_426' title='bbox 1459 2497 1531 2524; x_wconf 85' lang='lat' dir='ltr'>erat</span> <span class='ocrx_word' id='word_1_427' title='bbox 1544 2494 1689 2530; x_wconf 78' lang='lat' dir='ltr'>suaderi,</span> <span class='ocrx_word' id='word_1_428' title='bbox 1703 2493 1785 2526; x_wconf 82' lang='lat' dir='ltr'>facit</span> 
     </span>
     <span class='ocr_line' id='line_1_57' title="bbox 1081 2535 1783 2576; baseline 0 -9"><span class='ocrx_word' id='word_1_429' title='bbox 1081 2538 1189 2568; x_wconf 76' lang='lat' dir='ltr'>suada</span> <span class='ocrx_word' id='word_1_430' title='bbox 1211 2538 1283 2567; x_wconf 74' lang='lat' dir='ltr'>erui</span> <span class='ocrx_word' id='word_1_431' title='bbox 1302 2540 1418 2576; x_wconf 81' lang='lat' dir='ltr'>potest,</span> <span class='ocrx_word' id='word_1_432' title='bbox 1444 2535 1530 2575; x_wconf 86' lang='lat' dir='ltr'>quod</span> <span class='ocrx_word' id='word_1_433' title='bbox 1546 2536 1708 2565; x_wconf 81' lang='lat' dir='ltr'>Gruterus</span> <span class='ocrx_word' id='word_1_434' title='bbox 1731 2546 1783 2567; x_wconf 88' lang='lat' dir='ltr'>se-</span> 
     </span>
     <span class='ocr_line' id='line_1_58' title="bbox 1083 2577 1785 2618; baseline -0.001 -9"><span class='ocrx_word' id='word_1_435' title='bbox 1083 2584 1179 2609; x_wconf 84' lang='lat' dir='ltr'>cutus</span> <span class='ocrx_word' id='word_1_436' title='bbox 1195 2584 1255 2610; x_wconf 86' lang='lat' dir='ltr'>est.</span> <span class='ocrx_word' id='word_1_437' title='bbox 1293 2579 1364 2618; x_wconf 83' lang='lat' dir='ltr'>Ego</span> <span class='ocrx_word' id='word_1_438' title='bbox 1378 2579 1484 2608; x_wconf 74' lang='lat' dir='ltr'>suada</span> <span class='ocrx_word' id='word_1_439' title='bbox 1502 2577 1618 2609; x_wconf 82' lang='lat' dir='ltr'>delevi.</span> <span class='ocrx_word' id='word_1_440' title='bbox 1643 2578 1785 2609; x_wconf 85' lang='lat' dir='ltr'>addidis-</span> 
     </span>
     <span class='ocr_line' id='line_1_59' title="bbox 1084 2620 1781 2660; baseline 0 -8"><span class='ocrx_word' id='word_1_441' title='bbox 1084 2627 1133 2652; x_wconf 86' lang='lat' dir='ltr'>set</span> <span class='ocrx_word' id='word_1_442' title='bbox 1149 2622 1262 2653; x_wconf 82' lang='lat' dir='ltr'>Cicero</span> <span class='ocrx_word' id='word_1_443' title='bbox 1276 2623 1362 2652; x_wconf 82' lang='lat' dir='ltr'>ulla.</span> <span class='ocrx_word' id='word_1_444' title='bbox 1389 2622 1545 2652; x_wconf 82' lang='lat' dir='ltr'>Ceterum</span> <span class='ocrx_word' id='word_1_445' title='bbox 1557 2629 1642 2660; x_wconf 79' lang='lat' dir='ltr'>saepe</span> <span class='ocrx_word' id='word_1_446' title='bbox 1655 2620 1781 2652; x_wconf 85' lang='lat' dir='ltr'>dudum</span> 
     </span>
     <span class='ocr_line' id='line_1_60' title="bbox 1083 2662 1782 2702; baseline -0.003 -8"><span class='ocrx_word' id='word_1_447' title='bbox 1083 2669 1233 2694; x_wconf 81' lang='lat' dir='ltr'>tentatus</span> <span class='ocrx_word' id='word_1_448' title='bbox 1256 2673 1328 2694; x_wconf 79' lang='lat' dir='ltr'>sum</span> <span class='ocrx_word' id='word_1_449' title='bbox 1354 2662 1462 2702; x_wconf 80' lang='lat' dir='ltr'>legere</span> <span class='ocrx_word' id='word_1_450' title='bbox 1486 2663 1589 2702; x_wconf 76' lang='lat' dir='ltr'>eripi:</span> <span class='ocrx_word' id='word_1_451' title='bbox 1612 2662 1701 2701; x_wconf 79' lang='lat' dir='ltr'>quod</span> <span class='ocrx_word' id='word_1_452' title='bbox 1715 2662 1782 2693; x_wconf 84' lang='lat' dir='ltr'>ele-</span> 
     </span>
     <span class='ocr_line' id='line_1_61' title="bbox 1084 2705 1778 2745; baseline 0.001 -10"><span class='ocrx_word' id='word_1_453' title='bbox 1084 2715 1164 2745; x_wconf 80' lang='lat' dir='ltr'>gans</span> <span class='ocrx_word' id='word_1_454' title='bbox 1188 2705 1242 2736; x_wconf 86' lang='lat' dir='ltr'>hic</span> <span class='ocrx_word' id='word_1_455' title='bbox 1265 2709 1362 2740; x_wconf 84' lang='lat' dir='ltr'>esset,</span> <span class='ocrx_word' id='word_1_456' title='bbox 1388 2709 1422 2735; x_wconf 90' lang='lat' dir='ltr'>et</span> <span class='ocrx_word' id='word_1_457' title='bbox 1437 2705 1596 2735; x_wconf 84' lang='lat' dir='ltr'>usitatum</span> <span class='ocrx_word' id='word_1_458' title='bbox 1615 2705 1778 2736; x_wconf 85' lang='lat' dir='ltr'>Ciceroni.</span> 
     </span>
     <span class='ocr_line' id='line_1_62' title="bbox 1083 2746 1781 2787; baseline 0 -9"><span class='ocrx_word' id='word_1_459' title='bbox 1083 2749 1156 2778; x_wconf 73' lang='lat' dir='ltr'>erui</span> <span class='ocrx_word' id='word_1_460' title='bbox 1179 2752 1291 2778; x_wconf 82' lang='lat' dir='ltr'>autem</span> <span class='ocrx_word' id='word_1_461' title='bbox 1317 2756 1376 2787; x_wconf 87' lang='lat' dir='ltr'>pro</span> <span class='ocrx_word' id='word_1_462' title='bbox 1391 2747 1474 2787; x_wconf 74' lang='lat' dir='ltr'>eripi</span> <span class='ocrx_word' id='word_1_463' title='bbox 1495 2746 1559 2777; x_wconf 85' lang='lat' dir='ltr'>dici</span> <span class='ocrx_word' id='word_1_464' title='bbox 1581 2756 1648 2777; x_wconf 90' lang='lat' dir='ltr'>non</span> <span class='ocrx_word' id='word_1_465' title='bbox 1664 2746 1781 2787; x_wconf 86' lang='lat' dir='ltr'>reperi.</span> 
     </span>
     <span class='ocr_line' id='line_1_63' title="bbox 1080 2788 1781 2829; baseline 0.001 -10"><span class='ocrx_word' id='word_1_466' title='bbox 1080 2790 1141 2820; x_wconf 85' lang='lat' dir='ltr'>nisi</span> <span class='ocrx_word' id='word_1_467' title='bbox 1156 2800 1232 2820; x_wconf 78' lang='lat' dir='ltr'>vero</span> <span class='ocrx_word' id='word_1_468' title='bbox 1248 2789 1363 2820; x_wconf 87' lang='lat' dir='ltr'>Cicero</span> <span class='ocrx_word' id='word_1_469' title='bbox 1387 2789 1428 2820; x_wconf 91' lang='lat' dir='ltr'>ad</span> <span class='ocrx_word' id='word_1_470' title='bbox 1451 2789 1564 2821; x_wconf 85' lang='lat' dir='ltr'>oculos</span> <span class='ocrx_word' id='word_1_471' title='bbox 1585 2789 1710 2829; x_wconf 82' lang='lat' dir='ltr'>allusit,</span> <span class='ocrx_word' id='word_1_472' title='bbox 1724 2788 1781 2829; x_wconf 84' lang='lat' dir='ltr'>qui</span> 
     </span>
     <span class='ocr_line' id='line_1_64' title="bbox 1079 2831 1333 2865; baseline -0.004 -2"><span class='ocrx_word' id='word_1_473' title='bbox 1079 2831 1234 2865; x_wconf 86' lang='lat' dir='ltr'>dicuntur</span> <span class='ocrx_word' id='word_1_474' title='bbox 1249 2832 1333 2863; x_wconf 78' lang='lat' dir='ltr'>erui.</span> 
     </span>
    </p>
   </div>
   <div class='ocr_carea' id='block_1_11' title="bbox 1923 2411 1940 2912">
    <p class='ocr_par' dir='ltr' id='par_1_15' title="bbox 1919 2411 1940 2912">
     <span class='ocr_line' id='line_1_65' title="bbox 1923 2411 1940 2912; textangle 90"><span class='ocrx_word' id='word_1_475' title='bbox 1934 2907 1935 2912; x_wconf 35' lang='grc' dir='ltr'><em>Α</em></span> <span class='ocrx_word' id='word_1_476' title='bbox 1919 2505 1940 2857; x_wconf 50' lang='grc' dir='ltr'>1.-ἰ.;ἒ&gt;κ.ωι,.δθ’.-ιιρικ</span> <span class='ocrx_word' id='word_1_477' title='bbox 1932 2441 1940 2485; x_wconf 40' lang='lat' dir='ltr'>wc</span> <span class='ocrx_word' id='word_1_478' title='bbox 1938 2411 1940 2421; x_wconf 85' lang='grc'>-</span> 
     </span>
    </p>
   </div>
  </div>
 </body>
</html>
