1940 3231
403 147 479 183 828
819 140 1002 179 EPIST.
1029 140 1109 178 AD
1135 137 1419 183 ATTICUM,

398 248 537 289 alieno
558 248 598 281 93
612 245 778 288 Faberii
815 260 941 287 manu
970 244 1176 294 liberarit,
1197 245 1291 284 94et
1321 257 1446 299 opem
1479 242 1533 284 ab
1564 256 1615 284 eo
1646 243 1829 299 petierit.

397 304 499 346 licet
531 304 643 345 enim
674 303 829 359 jocari,
859 317 910 344 ne
943 316 1010 342 me
1034 301 1154 343 valde
1193 301 1497 342 conturbatum
1531 309 1667 355 putes.
1702 310 1829 356 atque

398 376 481 418 ego
503 362 556 403 ad
578 375 675 402 eum
702 374 775 401 11x
803 359 904 400 Idus
936 358 1098 399 litteras
1129 358 1325 398 dederam
1360 358 1467 397 bene
1498 370 1646 398 mane:
1679 357 1829 399 eodem

399 429 541 459 autem
574 418 643 459 die
675 426 766 457 tuas
804 416 965 456 litteras
997 414 1161 469 vesperi
1193 428 1439 470 acceperam
1472 413 1514 453 in
1548 413 1829 469 Pompeiano,

267 488 500 527 p.234.sane
523 474 728 524 celeriter,
753 473 878 513 tertio
911 472 986 512 abs
1021 480 1062 511 te
1095 470 1177 510 die.
1202 471 1288 521 sed,
1311 481 1356 511 ut
1390 471 1441 511 ad
1477 479 1517 510 te
1550 484 1600 510 eo
1633 471 1727 525 ipso
1759 470 1829 511 die

357 533 666 588 a·scripseram‚
702 529 803 570 satis
844 528 1055 569 aculeatas
1096 525 1149 567 ad
1193 525 1461 568 Dolabellam
1504 527 1666 568 litteras
1707 527 1828 570 dedi:

399 604 494 645 quae
528 589 561 628 si
596 586 702 627 nihil
732 585 1007 641 profecerint,
1033 592 1136 638 puto
1168 582 1273 634 fore,
1296 594 1344 624 ut
1375 598 1441 625 me
1464 594 1719 640 praesentem
1742 599 1829 625 non

399 646 621 687 sustineat.
653 643 886 684 Albianum
911 652 952 682 te
974 639 1210 681 confecisse
1231 640 1428 682 arbitror.
1482 640 1550 682 De
1574 640 1831 682 Patulciano

397 703 586 752 nomine,
617 700 783 756 95qu0d
817 698 922 740 mihi
954 696 1251 753 suppeditatus
1283 711 1340 748 es,
1365 697 1654 753 gratissimum
1686 707 1765 749 est,
1788 707 1832 738 et

398 759 536 800 simile
559 769 726 798 tuorum
752 756 960 797 omnium.
985 755 1056 795 sed
1079 768 1160 809 ego
1188 753 1378 804 Erotem,
1400 754 1451 794 ad
1484 754 1566 795 ista
1594 755 1830 810 expedien-

397 816 452 857 da
474 815 653 865 factum,
675 813 782 855 mihi
806 812 981 853 videbar
1004 810 1245 866 reliquisse:
1278 811 1402 865 cujus
1433 825 1519 850 non
1551 811 1641 851 sine
1671 825 1829 867 magna

397 873 525 929 culpa
555 871 821 912 vacillarunt.
853 869 924 910 sed
956 883 1053 909 cum
1087 868 1179 924 ipso
1204 867 1364 909 videro.
1427 867 1495 908 De
1526 866 1758 920 Montano,
1782 880 1829 909 ut

397 944 512 986 saepe
535 929 587 970 ad
612 938 652 969 te
675 928 840 983 scripsi,
860 927 941 967 erit
967 926 1047 966 tibi
1082 934 1173 965 tota
1204 938 1268 964 res
1303 939 1431 965 curae.
1493 923 1664 965 Servius
1700 925 1830 981 profi-

395 987 575 1037 ciscens,
597 985 711 1041 quod
745 986 1018 1040 desperanter
1053 992 1194 1024 tecum
1227 981 1396 1023 locutus
1429 988 1507 1032 est,
1539 981 1715 1022 minime
1747 982 1828 1023 mi-

396 1058 492 1095 ror3
524 1057 661 1098 neque
682 1041 719 1082 ei
743 1042 978 1096 quidquam
1002 1040 1043 1080 in
1074 1039 1372 1094 desperatione
1402 1037 1609 1079 concedo,
1669 1035 1828 1079 Brutus

395 1111 555 1151 noster,
580 1099 806 1156 singularis
830 1098 906 1149 vir,
930 1097 963 1138 si
987 1096 1028 1137 in
1054 1105 1248 1137 senatum
1271 1111 1356 1137 non
1384 1105 1449 1135 est
1482 1093 1666 1136 Kalend.
1686 1095 1830 1137 Juniis

395 1168 614 1208 venturus,
637 1156 791 1212 9⁶quid
815 1154 1004 1196 facturus
1034 1153 1089 1194 sit
1121 1153 1162 1194 in
1196 1152 1305 1203 foro,
1329 1153 1487 1193 nescio.
1520 1152 1592 1192 sed
1623 1151 1708 1193 hoc
1739 1151 1830 1207 ipse

393 1216 561 1256 melius.
623 1213 718 1270 Ego
748 1228 801 1254 ex
833 1212 913 1263 bis,
935 1226 1033 1267 quae
1068 1210 1204 1266 parari
1231 1210 1370 1260 video,
1404 1223 1490 1249 non
1523 1209 1705 1250 multum
1742 1208 1829 1250 ldi-

395 1273 474 1314 bus
507 1271 681 1313 Martiis
713 1269 953 1326 profectum
980 1267 1148 1323 judico.
1182 1267 1326 1322 itaque
1356 1267 1408 1307 de
1440 1266 1614 1307 Graecia
1635 1266 1830 1321 quotidie

394 1329 533 1385 magis
566 1339 609 1369 et
642 1327 779 1382 magis
813 1326 977 1382 cogito.
1011 1339 1089 1366 nec
1123 1323 1237 1364 enim
1275 1324 1410 1364 Bruto
1433 1337 1544 1373 mee,
1566 1323 1759 1373 exilium,
1783 1331 1830 1364 ut

394 1388 545 1428 scribis
568 1387 672 1441 ipse,
696 1383 936 1433 meditanti,
957 1382 1081 1423 video
1104 1380 1205 1436 quid
1232 1381 1429 1437 prodesse
1461 1381 1635 1435 possim.
1666 1384 1703 1414 97
1720 1380 1828 1420 Leo-

392 1444 507 1485 nidae
542 1457 609 1483 me
640 1442 796 1483 litterae
834 1455 919 1481 non
957 1439 1060 1480 satis
1092 1437 1372 1479 delectarunt.
1435 1437 1503 1478 De
1538 1437 1713 1478 Herode
1748 1437 1828 1477 tibi

393 1500 616 1542 assentior.
678 1498 839 1539 Saufeii
863 1496 1017 1553 legisse
1040 1494 1204 1537 vellem.
1267 1494 1362 1551 Ego
1393 1509 1447 1535 ex
1485 1494 1752 1551 Pompeiano
1777 1508 1825 1535 v}

395 1558 499 1599 Idus
522 1557 631 1598 Mai.
655 1556 918 1612 cogitabam.

832 1626 1065 1669 CICERO
1096 1625 1326 1667 ATTICO
1357 1626 1404 1666 S.

395 1687 560 1740 NON.
585 1697 694 1739 Mai.
717 1709 813 1739 cum
846 1710 980 1737 essem
1015 1695 1055 1736 in
1091 1694 1373 1750 Pompeiano,
1395 1692 1543 1748 accepi
1575 1693 1696 1734 binas
1728 1708 1753 1734 a
1784 1700 1826 1735 te

389 1755 566 1806 litteras,
589 1756 740 1796 alteras
764 1763 886 1794 sexto
918 1754 1002 1803 die,
1025 1751 1177 1792 alteras
1199 1762 1367 1806 quarto.
1390 1751 1441 1791 ad
1474 1750 1712 1806 superiores
1744 1750 1825 1804 igi-

389 1822 459 1854 tur
490 1813 621 1869 prius.
683 1812 826 1858 Quam
860 1810 964 1850 mihi
989 1809 1249 1865 jucundum,
1281 1817 1524 1863 opportune
1555 1807 1634 1847 tibi
1666 1810 1706 1841 98
1720 1807 1826 1848 Bar-

387 1884 530 1911 naeum
555 1869 716 1910 litteras
741 1867 986 1909 reddidisse.
1047 1865 1110 1907 Tu
1137 1879 1236 1906 vero
1270 1880 1368 1906 cum
1401 1864 1567 1915 Cassio,
1591 1873 1640 1904 ut
1669 1873 1827 1905 cetera.

386 1930 565 1982 99quam
588 1925 816 1968 commode
839 1934 998 1975 autem,
1021 1922 1136 1978 quod
1160 1922 1203 1963 id
1235 1921 1391 1978 ipsum,
1415 1921 1530 1976 quod
1560 1933 1629 1961 me
1660 1935 1825 1973 mones,

385 1984 615 2038 quatriduo
637 1992 736 2024 ante
764 1982 815 2023 ad
847 1995 945 2022 eum
978 1981 1244 2036 scripseram,
1267 1979 1602 2032 exemplumque·
1632 1993 1821 2019 mearum

385 2041 623 2082 litterarum
645 2040 698 2090 ad
729 2049 771 2080 te
804 2038 1016 2079 miseram.
1046 2037 1118 2078 sed
1150 2050 1248 2078 cuni
1277 2035 1583 2077 100Dolabellae
1605 2039 1720 2090 άτισίᾳ
1741 2035 1824 2089 (sic

331 1645 380 1688 19

426 2185 467 2217 93
484 2182 613 2213 Faberii
628 2180 744 2220 manu]
768 2179 894 2211 Fraude
909 2179 979 2210 scii.
995 2180 1029 2209 in
1045 2176 1084 2208 li·
1126 2177 1172 2208 lio
1201 2177 1270 2208 Cic.
1299 2176 1423 2216 aliquid
1448 2176 1634 2216 scripserat,
1657 2175 1707 2206 vel
1730 2180 1825 2217 optat

383 2226 463 2255 teris
485 2223 707 2255 conficiendis.
730 2223 841 2253 fuerat
864 2222 952 2253 enim
976 2223 1084 2252 Caesa-

384 2267 428 2298 ris
443 2272 635 2307 procurator
649 2271 684 2296 et
699 2265 815 2296 scriba.

425 2312 467 2343 94
489 2312 520 2339 et
534 2318 623 2348 opem
638 2309 678 2338 ab
700 2318 734 2339 eo
748 2305 897 2347 petierit]
918 2305 1018 2336 Jocus
1040 2315 1078 2335 ex

383 2351 550 2390 ambiguo.
568 2360 656 2390 opem
672 2349 831 2381 auxilium
848 2353 911 2384 est,
927 2348 981 2378 sed
1003 2357 1078 2377 cum

383 2397 532 2433 respectu
549 2393 590 2423 ad
604 2392 683 2432 Opis
698 2392 814 2427 aedem,
829 2390 884 2420 ubi
900 2390 1046 2430 pecuniae
1063 2399 1083 2419 a

384 2435 512 2466 Caesare
535 2435 709 2475 depositae:
734 2434 768 2464 in
788 2433 902 2472 quibus
926 2438 958 2462 et
975 2434 1080 2462 Anto-

383 2476 430 2507 nii
447 2477 535 2507 fraus
558 2477 682 2507 extitit.
699 2486 728 2506 v.
745 2474 882 2505 Coi-md.
899 2474 931 2503 in
956 2475 1079 2514 Quaest.

382 2528 414 2557 p.
431 2521 505 2551 375.
521 2519 569 2550 ed.
588 2525 721 2549 nostrae.
738 2517 867 2557 rapinas
883 2515 922 2546 ad
937 2516 1016 2556 Opis
1032 2521 1080 2545 et-

383 2561 448 2591 iam
463 2569 562 2600 supra
575 2561 770 2590 memoravit
787 2559 912 2589 Cicero.

424 2605 465 2637 95
487 2603 572 2642 quod
594 2603 674 2632 mihi
694 2601 918 2642 suppeditatus
940 2599 985 2638 es]
1015 2599 1080 2639 Qui

380 2644 453 2684 ejus
476 2643 549 2675 loco
566 2644 647 2674 mihi
669 2644 819 2678 solveres,
835 2648 986 2682 suscepto
1008 2642 1078 2680 ejus

382 2686 528 2717 nomine.
573 2687 626 2716 Sic
641 2686 691 2716 ed.
707 2687 802 2717 Rom.

423 2729 466 2763 96
487 2728 566 2768 quid
575 2727 614 2768 s.
629 2729 671 2758 sit
692 2728 727 2758 in
737 2726 833 2768 soro]
858 2725 953 2766 Apud
977 2735 1079 2765 pupu-

381 2769 451 2801 lum
467 2769 705 2801 concionando.

421 2816 462 2846 97
488 2807 1001 2849 Leonidoe-Herode-—Sauseifl
1024 2809 1077 2839 In-

380 2853 492 2893 tellige
504 2855 628 2885 literas.
643 2854 681 2885 de
698 2853 736 2884 L.
753 2858 787 2883 et
805 2852 849 2883 H.
862 2853 943 2883 dixit
957 2862 1006 2891 ep.
1029 2851 1077 2882 16.

379 2895 537 2938 Satffeius
552 2897 732 2938 Epicureus
746 2894 903 2928 Athenis:
928 2894 954 2924 is
978 2893 1017 2925 de
1041 2893 1078 2925 fi-

1128 2220 1255 2255 Cicero,
1270 2224 1309 2249 ut
1324 2219 1380 2249 ille
1394 2218 1586 2258 scripsisset.

1168 2265 1209 2296 98
1232 2261 1435 2300 Burnaeum]
1464 2261 1517 2290 Sic
1546 2261 1617 2300 jam
1646 2259 1696 2290 ed.
1724 2260 1822 2291 Rom.

1121 2303 1206 2344 quod
1224 2315 1241 2334 e
1262 2303 1351 2334 libris
1375 2312 1436 2333 scr.
1453 2312 1485 2332 se
1508 2301 1631 2332 dedisse
1653 2301 1732 2332 dicit
1754 2302 1821 2333 Bo-

1122 2348 1199 2377 sius.
1246 2344 1283 2375 In
1306 2345 1356 2376 ed.
1373 2345 1465 2375 Jens.
1482 2345 1607 2374 factum
1623 2344 1820 2375 Barnaeum

1123 2394 1298 2428 opera-rum
1313 2388 1407 2427 lapsu
1422 2387 1523 2417 facili.

1166 2435 1206 2465 99
1229 2439 1329 2469 qnam
1351 2429 1513 2459 commode
1534 2427 1661 2467 autem]
1690 2426 1818 2458 Intelli-

1124 2470 1281 2512 gendum,
1299 2471 1429 2508 accidit‚
1444 2471 1567 2501 factum
1583 2480 1593 2508 ;
1616 2468 1672 2500 sed
1694 2469 1742 2499 ita
1763 2470 1818 2500 de·-

1125 2515 1221 2545 bebat
1238 2514 1329 2553 sequi
1344 2517 1393 2544 ut.
1409 2523 1521 2543 verum
1537 2511 1620 2541 illud
1632 2512 1716 2551 quod
1738 2512 1819 2544 milii

1121 2561 1310 2597 suspectum
1324 2560 1386 2592 est,
1400 2561 1544 2594 putoque
1559 2553 1732 2584 delendum
1746 2565 1752 2582 :
1770 2554 1818 2584 ita

1122 2599 1185 2629 erit
1201 2608 1300 2638 quam
1314 2597 1474 2628 commode
1488 2597 1524 2625 id
1537 2596 1820 2635 ipsum-—scripse-

1121 2651 1209 2677 ram,
1233 2641 1254 2670 i.
1278 2651 1306 2670 e.
1331 2637 1581 2679 percommode3
1604 2637 1691 2676 quod
1712 2647 1815 2667 venu-

1121 2683 1203 2713 stius
1226 2687 1275 2712 est
1291 2683 1437 2721 vulgato,
1462 2681 1494 2709 in
1517 2690 1581 2719 quo
1604 2680 1652 2709 bis
1674 2686 1722 2710 est
1745 2685 1816 2710 tam

1122 2725 1210 2755 brevi
1233 2723 1407 2754 intervallo
1421 2723 1515 2762 quod.
1531 2723 1566 2752 in
1587 2721 1638 2751 ed.
1653 2722 1750 2753 Rom.
1765 2727 1816 2752 et-

1121 2767 1186 2797 iam
1216 2770 1285 2796 est:
1316 2770 1353 2795 ut
1382 2769 1489 2794 cetera
1516 2773 1615 2803 qaam
1644 2763 1819 2795 commode.

1126 2810 1310 2848 Opportune
1325 2811 1446 2837 autem.
1463 2806 1561 2836 male.

1169 2854 1225 2881 100
1247 2850 1427 2881 Dolabella>
1448 2848 1566 2889 ἂτισίᾳ]
1597 2847 1740 2879 Verbum
1764 2847 1815 2877 in-

1121 2891 1228 2924 solens
1258 2891 1392 2931 Graeeis,
1418 2897 1452 2924 et
1477 2891 1612 2923 fortasse
1638 2891 1678 2921 ab
1703 2890 1816 2922 Attico
