1940 3231
653 129 860 169 LIBER
896 129 961 166 IV.
1459 129 1532 164 541

93 236 292 294 ignoscas
313 234 434 287 mihi,
459 233 599 275 velim.
660 233 761 283 Sed,
784 233 817 272 si
844 247 910 274 me
932 230 1091 286 diligis,
1116 229 1324 285 postridie
1352 229 1534 271 Kalend.

96 284 200 336 Cena
222 295 334 350 apud
357 307 422 333 me
442 307 540 333 cum
565 289 689 331 Pilia.
712 304 883 346 prorsus
908 289 949 329 id
976 288 1120 328 facies,
1184 286 1367 327 Kalend.
1385 288 1535 341 cogito

96 354 139 393 iu
176 353 310 393 hortis
334 348 616 405 Crassipedis,
653 348 774 402 quasi
810 347 852 387 in
881 345 1133 396 diversorio,
1155 357 1322 384 cenare.
1351 346 1408 373 100
1423 343 1536 384 facio

95 409 288 450 fraudem
324 416 494 448 senatus
532 405 746 445 consulto.
770 404 877 445 inde
912 404 1090 444 domum
1134 411 1328 450 cenatus,
1371 408 1416 440 ut
1456 400 1535 440 sim

97 481 223 508 mane
258 474 414 522 praesto
441 461 614 504 Miloni.
642 461 732 502 libi
769 471 810 501 te
834 462 967 517 igitur
990 460 1161 511 videbo,
1185 469 1228 499 et
1251 457 1538 514 promovebo,

102 523 271 565 Domus
295 531 334 563 te
356 529 502 561 nostra
525 528 617 559 tota
639 519 810 559 salutat.

537 584 773 628 CICERO
804 584 1033 628 ATTICO
1066 585 1110 626 S.

100 646 237 699 NOS
261 655 302 696 in
326 654 617 696 Tusculanum
655 654 819 695 venisse
843 669 882 695 a.
907 654 947 696 d.
973 667 1081 694 xvu
1117 651 1214 694 Kal.
1240 650 1452 694 Decemb.
1476 648 1542 691 vi-

99 715 244 755 deosste
266 712 388 753 scire.
412 712 473 752 ibi
500 711 738 767 Dionysius
766 712 889 752 nobis
914 721 1072 768 praesto
1096 709 1193 751 fuit.
1256 710 1411 750 Romae
1433 723 1472 749 a.
1495 707 1538 747 d.

101 785 212 814 xnx
251 769 434 811 Kalend.
469 769 665 810 volumus
697 783 815 811 esse:
858 770 961 824 quid
995 768 1110 819 dico,
1147 767 1373 809 volumus?
1406 766 1585 806 immob.

98 843 199 870 vero
236 827 450 883 cogimur.
512 829 531 857 2
547 825 729 867 Milonis
766 827 957 882 nuptiae;
1003 825 1282 867 comitiorum
1335 821 1544 864 nonnulla

101 884 250 942 opinio
273 893 352 926 est.
375 887 528 940 3ergo,
554 895 598 924 ut
621 884 655 925 si
679 892 785 925 rata.
809 884 998 925 abfuisse
1022 897 1089 923 roe
1109 883 1150 922 in
1175 880 1542 929 altercationibus,

102 958 208 998 quas
231 942 275 983 in
300 952 448 983 senatu
472 940 609 982 factas
633 941 776 992 audio,
805 941 896 982 fero
927 955 1012 982 non
1037 940 1229 981 moleste.
1252 954 1349 980 nam
1376 947 1450 978 aut
1472 937 1547 978 de-

102 1000 349 1051 fendissem,
369 999 485 1054 quod
505 1013 593 1039 non
617 998 816 1054 placeret,
839 1007 913 1039 aut
942 997 1188 1047 defuissem,
1211 998 1279 1038 cui
1312 1011 1397 1036 non
1418 1009 1547 1050 opor-

103 1067 227 1099 teret.
252 1057 322 1098 secl
357 1055 600 1097 mehercule
629 1056 771 1107 velim,
801 1071 865 1096 res
898 1056 1014 1105 istas,
1036 1064 1079 1095 et
1110 1064 1362 1110 praesentem
1387 1060 1547 1094 statum

104 1114 370 1171 reipublicae,
393 1123 435 1155 et
462 1128 549 1169 quo
582 1113 727 1154 animo
765 1113 961 1154 consules
984 1112 1124 1153 ferant
1153 1110 1270 1152 hunc
1299 1119 1459 1163 σκαλμὸν,
1484 1125 1547 1151 re-

108 1173 270 1214 scribas
299 1172 351 1213 ad
377 1186 456 1223 me,
479 1174 720 1226 4quantum
753 1179 909 1226 potest.
934 1173 952 1202 5
971 1169 1089 1210 valde
1108 1183 1202 1210 sum
1224 1171 1399 1218 ‹32132-2005:
1434 1178 1490 1220 et,
1514 1169 1548 1208 si

107 1231 280 1286 quaeris‚
315 1229 461 1270 omnia
490 1228 597 1269 mihi
628 1236 728 1268 sunt
762 1236 974 1284 suspecta.
1025 1227 1228 1268 Crassum
1260 1225 1434 1280 quidem
1472 1240 1550 1265 no-

109 1297 243 1328 strum
267 1286 466 1327 6minore
484 1286 696 1341 dignitate
719 1285 841 1326 aiunt
864 1285 1105 1341 profectum
1131 1283 1398 1340 paludatum,
1421 1297 1551 1338 quam

111 1344 213 1386 olim
248 1343 454 1399 aequalem
488 1342 581 1397 ejus
614 1343 662 1383 L.
688 1342 901 1392 Paullum,
925 1343 1079 1383 iterum
1105 1340 1341 1383 consulem.
1364 1356 1390 1381 o
1413 1340 1553 1382 homi-

109 1416 208 1443 nem
237 1402 444 1457 nequam!
480 1400 547 1441 De
580 1400 699 1441 libris
730 1401 928 1441 oratoriis
960 1399 1120 1441 factum
1146 1408 1210 1440 est
1232 1413 1257 1438 a
1281 1412 1347 1438 me
1370 1398 1554 1454 diligen-

114 1470 190 1500 ter.
215 1458 287 1499 diu
311 1458 581 1513 multumque
600 1458 644 1498 in
660 1457 860 1498 manibus
876 1457 1074 1509 fuerunt3
1098 1455 1315 1498 describas
1338 1455 1452 1496 licet.
1498 1454 1555 1495 [l-

108 1516 182 1557 lud
209 1515 338 1556 etiam
363 1525 403 1556 te
427 1530 548 1571 rogo,
570 1520 623 1558 τὺν
641 1519 796 1570 wega-m
813 1517 1005 1557 mutis-arn
1024 1515 1204 1558 τυπωδῶςε
1247 1528 1299 1554 ne
1321 1512 1433 1554 istuc
1456 1512 1556 1554 hos-

112 1587 186 1630 pes
211 1573 394 1615 veniam.

540 1627 776 1671 CICERO
808 1627 1038 1671 ATTICO
1070 1627 1114 1670 S.

113 1685 472 1740 VESTORIUS
504 1707 649 1739 noster
681 1712 748 1739 me
781 1711 857 1754 per
890 1697 1052 1738 litteras
1089 1696 1194 1738 fecit
1231 1696 1473 1747 certiorem,
1515 1705 1557 1738 te

112 1755 256 1797 Roma
288 1771 326 1797 a.
361 1756 402 1797 d.
437 1771 484 1797 vr
521 1755 588 1797 Id.
622 1755 734 1796 Mai.
779 1764 928 1811 putare
965 1754 1208 1811 profectum
1242 1768 1347 1804 esse,
1382 1753 1559 1806 tardius,

111 1828 240 1869 quam
275 1813 459 1865 dixerat,
489 1813 606 1868 quod
640 1813 781 1854 minus
816 1812 1034 1854 valuisses.
1072 1813 1105 1853 si
1133 1812 1227 1867 jam
1258 1811 1409 1853 melius
1433 1811 1559 1860 vales,

114 1870 388 1913 vehementer
410 1871 593 1929 gaudeo.
656 1870 812 1922 Velim,
834 1870 1011 1911 domum
1034 1870 1088 1912 ad
1120 1878 1161 1911 te
1185 1869 1361 1921 scribas,
1384 1879 1431 1911 ut
1452 1868 1559 1910 mihi

1559 589 1607 625 13

1579 1631 1630 1667 14

159 2021 218 2049 100
235 2016 332 2056 facio
349 2016 515 2057 fraudem
544 2016 645 2058 scra]
684 2017 814 2057 Nempe

115 2061 231 2091 absens
253 2060 312 2091 tali
332 2060 440 2096 modo,
465 2070 506 2090 ne
530 2061 609 2090 mihi
627 2070 757 2091 necesse
771 2061 815 2091 sit

115 2103 225 2134 adesse
241 2103 274 2132 iu
291 2106 408 2133 senatu
424 2114 441 2133 e
457 2103 557 2134 Scto.

162 2148 171 2176 l
200 2146 244 2175 ibi
261 2149 292 2174 te
307 2146 413 2184 igitur
434 2145 510 2184 δια]
539 2145 584 2175 ibi
607 2145 693 2185 apud
715 2145 815 2176 Milo-

116 2197 205 2218 nem.
216 2187 306 2229 ,edidi
320 2187 436 2218 deinde
449 2198 488 2218 ex
501 2187 574 2218 edd.
586 2198 636 2228 pr.
648 2198 816 2227 promove-

117 2231 166 2265 bo,
181 2240 240 2270 pro
257 2231 464 2269 prommoeIw,
488 2230 576 2269 quod
598 2240 618 2260 a
642 2230 738 2260 Bosio
753 2236 816 2261 est.

899 2020 919 2049 4
941 2017 1230 2058 quantumpotest]
1260 2018 1310 2048 Ex
1325 2027 1392 2048 uno
1410 2017 1473 2047 ΜΒ.
1489 2017 1554 2048 Βο-

858 2061 924 2092 sius
948 2065 1074 2101 potest.-
1109 2060 1164 2091 alii
1187 2070 1302 2091 omnes
1329 2060 1401 2092 edd.
1429 2064 1464 2091 et
1490 2069 1554 2090 scr.

824 2134 829 2139 ¹
850 2107 1036 2177 polgisilalde
1049 2155 1122 2176 sum
1139 2144 1306 2184 ὄξῦπεινος]
1326 2145 1380 2175 Sic
1393 2143 1444 2175 ed.
1461 2145 1561 2176 Rom.

858 2188 956 2224 unde,
979 2193 1014 2219 et
1038 2187 1103 2218 Ms.
1127 2189 1258 2225 Falerni,
1282 2187 1480 2227 Malaspina.
1508 2186 1559 2218 ed.

858 2231 998 2261 aensoni
1013 2234 1047 2260 et
1061 2240 1149 2270 seqq.
1168 2235 1260 2270 potes
1281 2233 1312 2260 et
1333 2231 1433 2259 vales.
1448 2239 1522 2260 sum
1537 2230 1561 2260 ὅ.

113 2273 301 2312 promovebo
330 2278 392 2309 est,
422 2272 496 2302 inde
524 2278 559 2304 te
587 2272 747 2303 deducam
777 2273 818 2303 ad

116 2325 169 2345 me
195 2321 361 2351 cenatum,
385 2319 424 2346 ut
447 2319 536 2346 recte
558 2315 701 2355 explicat
723 2315 818 2346 Tun-

117 2357 235 2388 stallus
250 2368 281 2397 p.
296 2361 349 2392 97.

160 2402 180 2430 2
203 2400 337 2431 Milonis
366 2401 510 2440 nuptioe:
544 2410 624 2432 eom.
652 2409 684 2430 n.
714 2410 742 2430 o.
772 2399 815 2439 e.]

121 2442 250 2480 Causae,
267 2446 402 2483 propter
425 2452 505 2481 quas
528 2443 669 2473 Romam
693 2442 740 2473 ire
763 2452 821 2472 ne-

121 2494 208 2515 cesse
225 2490 307 2516 erat.
352 2485 489 2515 Milonis
510 2487 633 2525 nuptice
646 2495 722 2515 cum
738 2484 823 2516 Fau-

120 2531 173 2558 sta
188 2527 226 2558 L.
241 2527 339 2567 Syllae
354 2528 436 2558 filia.
452 2531 499 2558 esc
514 2527 689 2558 delendum
704 2532 798 2567 puto.

161 2573 180 2601 3
204 2580 263 2608 ego
285 2574 323 2600 ut
343 2571 386 2601 sit
407 2569 501 2609 rata]
526 2570 625 2601 Varie
644 2569 735 2600 locus
751 2580 823 2600 cor-

122 2617 239 2652 ruptus
255 2614 289 2643 in
304 2622 366 2642 scr.
390 2617 425 2643 et
446 2612 518 2643 edd.
534 2612 699 2644 scribitur.
739 2612 821 2644 Haec

123 2654 221 2685 lectio
237 2659 288 2684 est
303 2664 322 2685 a
336 2655 435 2685 Bosio
451 2665 469 2685 e
485 2655 550 2687 Ms.
568 2655 623 2687 alii
641 2665 755 2686 omnes
771 2666 824 2686 er-

121 2706 176 2735 go.
221 2696 416 2728 Tunstallus
437 2708 469 2738 p.
487 2701 538 2729 83.
553 2698 705 2737 corrigit:
730 2698 822 2737 Ego,

122 2743 161 2768 ut
185 2739 213 2768 si
238 2750 342 2776 rerer,
370 2738 493 2779 qfuisse
521 2742 580 2772 &Q
607 2750 676 2771 non
701 2740 822 2781 placet.

122 2780 226 2810 Puto:
241 2781 348 2820 Ergo,
361 2787 399 2812 ut
413 2783 441 2813 si
453 2787 542 2814 rata.
559 2792 604 2814 sc.
617 2783 661 2813 sit
670 2793 709 2814 ea
720 2784 824 2814 comi-

122 2823 248 2853 tiorum
263 2824 387 2863 opinio,
410 2825 465 2855 ibo
487 2826 629 2856 Romam
656 2830 695 2855 ut
716 2826 754 2856 iis
773 2826 825 2856 in-

121 2865 251 2895 tersim.
263 2866 291 2896 si
306 2865 429 2897 habent
442 2867 594 2898 ed.JenS.
609 2871 644 2898 et
658 2867 738 2899 Mss.
752 2869 823 2908 qui·

123 2905 210 2939 darn.
225 2908 260 2938 in
275 2907 396 2947 afuisse
413 2909 471 2940 ἃς.
486 2919 571 2942 nova
583 2911 750 2942 sententia
761 2915 822 2954 est..

862 2282 940 2304 sane
954 2278 985 2304 et
1000 2274 1088 2303 vales
1101 2273 1199 2313 friget
1223 2272 1278 2303 sed
1294 2277 1327 2302 et
1344 2272 1438 2302 valde
1449 2284 1459 2301 .·
1483 2282 1562 2303 nam

862 2316 895 2345 id
925 2321 975 2346 est
997 2317 1071 2355 jam
1096 2316 1131 2346 in
1159 2315 1307 2355 ὀξύπεινος.
1352 2315 1506 2354 Suspicor
1527 2315 1563 2345 in

862 2358 957 2389 valde
983 2358 1034 2389 vel
1054 2360 1150 2389 vales
1176 2359 1279 2390 latere
1305 2357 1453 2393 verbum,
1476 2357 1564 2396 quod

864 2410 933 2430 rem
949 2401 1126 2441 exprimat,
1145 2402 1179 2432 in
1201 2411 1265 2440 qua
1287 2401 1327 2430 si(
1353 2399 1502 2437 ὀξύπεινος,
1524 2406 1565 2430 ut

866 2443 912 2480 11,
933 2446 982 2474 12.
1000 2448 1062 2480 est,
1076 2444 1112 2472 in
1126 2445 1315 2474 curiositate
1328 2452 1403 2473 sum
1415 2442 1565 2482 ὀξύπεινος.

907 2486 928 2517 6
950 2486 1076 2516 minore
1091 2486 1255 2525 dignitate
1266 2495 1301 2525 p.
1322 2494 1357 2525 p.
1373 2495 1475 2526 quam
1488 2486 1568 2517 olim

865 2536 904 2559 ιε.
921 2538 949 2559 e.
967 2528 1010 2558 L.
1025 2528 1070 2559 P.
1085 2528 1161 2569 &c.]
1187 2528 1252 2559 Hic
1268 2528 1360 2558 locus
1383 2529 1466 2559 mihi
1481 2537 1567 2559 sem-

864 2579 923 2610 per
945 2570 1081 2610 frigidus
1106 2571 1194 2601 visus
1215 2575 1278 2602 est.
1315 2569 1348 2600 Si
1372 2580 1470 2602 sanus
1493 2574 1566 2608 est;

865 2613 1121 2652 comparationis
1135 2613 1391 2645 fundamentum
1404 2617 1454 2644 est
1467 2613 1500 2644 in
1513 2622 1566 2649 eo,

864 2655 952 2694 quod
978 2662 1117 2695 uterque
1139 2662 1214 2696 post
1236 2656 1380 2687 alterum
1405 2656 1568 2686 Consula-

864 2704 939 2728 tum
956 2697 990 2727 in
1012 2699 1216 2739 provinciam
1238 2699 1330 2734 abiit,
1353 2702 1492 2738 uterque
1513 2707 1570 2728 ea-

865 2740 940 2771 dem
956 2745 1056 2772 aetate
1071 2740 1147 2771 fuit.
1176 2741 1312 2772 Paullus
1329 2750 1448 2780 magno
1464 2739 1568 2770 comi-

866 2786 942 2813 tatu
956 2784 1225 2823 prosequentium
1239 2784 1331 2818 abiit,
1345 2785 1479 2814 Crassus
1493 2781 1569 2812 nul-

868 2825 910 2861 lu,
941 2829 1041 2865 atque
1078 2826 1180 2856 etlam
1209 2826 1250 2857 ab
1281 2825 1378 2857 Ateio
1407 2824 1569 2864 Capitone

865 2868 944 2900 trib.
963 2868 1007 2907 pl.
1030 2868 1108 2898 diris
1128 2867 1278 2900 devotus.
1323 2866 1386 2899 Sed
1410 2866 1491 2899 mihi
1508 2866 1569 2898 hoe

865 2910 979 2950 friget.
994 2910 1042 2942 uti
1058 2910 1139 2941 dixi.
