1940 3231
702 131 912 172 LIBER
950 130 1024 170 XI.
1508 139 1589 178 ‘719

144 269 147 271 .
190 244 418 288 portaverat.
473 238 640 288 Reliquae
657 243 778 274 autem
806 238 968 285 epistola>
985 236 1212 277 Brundisio:
1243 249 1313 285 quo
1323 237 1405 284 jam
1433 242 1511 277 acie
1528 242 1590 277 de-

195 294 290 328 victo
309 298 344 328 et
350 292 491 342 fugato
510 293 696 339 Pompeio,
716 290 836 326 Cicero
854 301 890 324 se
909 289 1126 332 contulerat,
1147 290 1242 325 clatae
1259 295 1355 332 sunt,
1372 294 1444 328 nisi
1451 289 1590 341 fallor,

195 357 314 381 mense
335 346 477 381 Octobr.
531 344 628 380 Nam
646 343 695 378 ad
728 343 934 378 Terentiam
960 342 1128 383 scribens,
1160 342 1249 378 libro
1277 344 1513 390 epistolarum
1541 348 1593 382 ad

195 398 327 444 ipsam,
345 399 466 445 pridie
484 395 577 432 Non.
597 395 766 431 Novemb.
790 394 895 435 Quod
912 407 976 430 nos
996 393 1150 443 (inquit)
1172 396 1211 430 in
1226 394 1378 430 Italia-m
1397 397 1514 433 sabvos
1532 410 1593 434 ‘ce-

195 451 292 485 nisse
306 451 443 497 gaudes
457 451 513 489 850.
528 452 570 483 ut
584 452 668 483 ante
682 459 754 490 eaS,
771 448 968 483 Brundisio
987 447 1070 483 aliae
1085 448 1181 483 datoe
1191 446 1351 496 fuerint.
1370 448 1455 483 Fuit
1473 454 1594 485 autem

197 501 390 538 Brundisii
417 512 549 537 menses
575 501 766 536 minimum
792 501 982 536 undecim:
1019 500 1064 536 ab
1091 502 1202 542 exitu,
1232 501 1395 548 inquam,
1417 501 1594 545 Octobris,

197 555 247 590 ad
266 566 308 590 v¹
328 553 416 590 Kal.
439 553 614 593 Octobris,
636 553 723 589 anni
741 554 946 601 semi-emisi
974 557 1015 588 ut
1033 557 1129 588 recte
1145 553 1357 590 subducenti
1375 565 1509 590 menses
1514 555 1595 605 fiu-

195 607 315 642 :verint
328 606 412 654 plus
426 606 544 641 minus
559 616 645 642 xxx.
666 617 737 653 quo
756 610 830 641 toto
849 610 1007 653 tempore
1035 605 1154 642 Coesar
1177 610 1212 642 et
1232 618 1310 642 cum
1331 606 1508 654 Pompeio
1525 619 1595 654 pu-

195 660 337 706 gnavit,
355 659 541 706 ipsumque
559 659 597 693 in
611 658 820 706 AEgyptum
835 662 1044 706 persecutus
1059 663 1136 695 est:
1155 662 1190 694 et
1207 658 1341 694 ibidem
1360 663 1487 696 contra
1502 660 1595 696 Pto-

198 711 360 746 lemoeum
379 710 509 746 bellum
536 712 662 758 gessit,
679 713 718 746 in
746 723 816 758 quo
847 722 978 746 menses
996 722 1121 746 novem
1154 713 1362 754 consumsit,
1382 716 1424 747 ut
1450 713 1596 762 Appia-

196 774 265 798 nus
283 764 365 799 ait:
394 767 430 798 et
458 762 613 799 Romam
643 764 784 799 rediens
815 765 854 799 in
885 765 1015 799 itinere
1046 763 1276 799 Pharnacem
1304 766 1452 813 recepit.
1509 766 1597 807 Quae

197 827 282 851 vero
301 815 397 851 datae
413 821 497 851 sunt
516 828 558 852 ex
587 816 674 852 Kal.
694 816 782 853 Jan.
814 828 924 864 usque
942 816 1029 853 Kal.
1059 815 1238 864 Septemb.
1262 816 1299 852 C.
1322 818 1461 854 Caesare
1480 819 1598 854 dicta-

143 900 146 903 ⁴
201 872 279 904 tore
299 879 350 903 111
370 872 405 904 et
430 868 486 905 M.
506 869 668 904 Antonio
687 869 791 916 Mag.
813 869 883 916 Eq.
901 870 1047 916 scripta?
1070 873 1165 906 sunt.
1221 870 1332 912 Nam,
1352 875 1393 906 ut
1411 871 1490 906 Dio
1508 873 1598 908 scri-

202 920 268 963 bit,
286 921 443 969 populus
462 921 567 958 Rom.
595 922 724 957 audita
749 923 843 957 ccede
861 922 1042 969 Pompeii,
1066 921 1302 957 Consulatum
1321 923 1460 959 absenti
1481 923 1597 960 Coesa-

199 975 248 1015 ri,
268 974 307 1009 in
325 985 438 1009 annos
467 975 636 1022 quinque,
665 975 908 1011 Dictaturam
931 976 969 1010 in
1000 986 1145 1014 annum,
1172 974 1419 1011 Tribuniciam
1432 981 1597 1024 potesta-

203 1030 275 1061 tem
293 1028 332 1062 in
361 1031 534 1062 aternum
552 1028 752 1063 mandavit.
810 1027 882 1068 Qui
901 1027 1125 1062 dictaturam
1143 1028 1271 1063 statim
1295 1029 1379 1064 iniit
1390 1043 1403 1068 ;
1436 1031 1600 1077 quamvis

202 1080 292 1114 anni
319 1081 430 1121 exitu,
464 1079 636 1115 Calenum
664 1083 700 1114 et
733 1078 934 1122 Vatinium,
955 1080 1077 1115 eodem
1104 1084 1263 1124 auctore,
1284 1081 1532 1128 subrogaverit
1561 1084 1600 1119 in

205 1135 324 1167 ternos
340 1133 550 1167 novissimos
568 1143 713 1168 menses.
760 1132 876 1167 Datce
893 1136 979 1167 ante
992 1143 1157 1180 pugnam
1175 1132 1432 1169 Pharsalicam
1451 1147 1506 1170 res
1514 1134 1602 1184 fere

205 1185 420 1220 domesticas
439 1186 650 1220 continent:
680 1196 759 1232 qua>
776 1188 859 1232 post
874 1196 1048 1233 pugnam,
1070 1185 1252 1233 querelam
1269 1187 1327 1221 sui
1342 1187 1485 1223 consilii
1500 1204 1511 1223 .-
1529 1188 1600 1230 vel,

203 1241 246 1272 ut
264 1237 339 1284 ipse
357 1241 474 1279 vocat,
495 1238 661 1272 amentias
680 1241 715 1272 et
734 1239 965 1280 temeritatis,
987 1239 1083 1285 quod
1099 1239 1228 1273 statim
1255 1238 1300 1273 ab
1320 1239 1396 1286 ipso
1417 1240 1601 1289 conflictu,

205 1289 514 1337 Pompeianorum
532 1301 642 1325 causa
672 1291 831 1326 nondum
846 1290 958 1338 plane
982 1291 1186 1339 desperata,
1206 1294 1242 1326 et
1264 1296 1394 1339 postea
1412 1293 1449 1328 in
1467 1292 1603 1344 Africa

201 1353 318 1390 prope
343 1343 588 1384 revirescente,
607 1354 678 1378 non
710 1347 916 1391 exspectato
943 1344 1055 1386 exitu,
1075 1345 1114 1378 in
1142 1343 1295 1379 Italiam
1327 1347 1492 1381 venerit:
1522 1358 1602 1381 cum

203 1406 317 1442 neque
335 1395 374 1430 id
393 1399 523 1437 tutum,
543 1407 658 1442 neque
676 1395 913 1445 honorificum
931 1400 1033 1433 esset.
1089 1395 1264 1436 Quaedam
1280 1398 1404 1432 insunt
1428 1399 1540 1434 etiam
1559 1399 1604 1434 de

205 1449 424 1484 remittendo
450 1449 581 1483 nuntio
608 1449 714 1484 uxori
747 1448 946 1485 Terentiae:
981 1449 1025 1484 de
1054 1450 1182 1497 inopia
1218 1449 1374 1486 Tullice:
1404 1451 1447 1486 cle
1472 1451 1604 1487 scelere

206 1499 426 1544 Dolabellae,
447 1501 510 1548 qui
533 1500 710 1536 Tribunus
725 1501 820 1548 pleb.
841 1501 934 1548 leges
949 1502 1275 1549 perniciosissimas
1294 1503 1338 1538 de
1350 1505 1451 1539 novis
1469 1503 1604 1540 tabulis

196 1550 332 1602 ferret,
353 1555 546 1600 omniaque
571 1555 746 1590 misceret.
775 1555 940 1601 quaedam
973 1555 1085 1590 etiam
1104 1555 1148 1589 de
1168 1554 1211 1596 Q.
1233 1554 1276 1597 Q.
1296 1559 1424 1592 contra
1441 1567 1478 1593 se
1494 1557 1602 1593 scele-

205 1609 287 1640 rate
303 1605 539 1653 loquentibus.

627 1673 866 1716 CICERO
895 1673 1127 1717 ATTICO
1159 1674 1204 1716 S.

157 1730 401 1788 ACCEPI
426 1762 450 1789 a
473 1755 515 1789 te
542 1749 761 1804 signatum
784 1748 992 1800 libellum,
1014 1763 1143 1804 quem
1167 1748 1354 1791 Anteros
1377 1749 1605 1804 attulerat3

157 1818 213 1845 ex
236 1820 324 1860 quo
357 1805 465 1847 nihil
499 1807 609 1848 scire
642 1806 765 1862 potui
796 1807 849 1848 de
882 1807 1040 1848 nostris
1075 1807 1325 1848 domesticis
1357 1809 1508 1851 rebus:
1552 1809 1606 1850 de

157 1862 316 1917 quibus
338 1864 614 1905 acerbissime
636 1863 837 1916 afflictor,
859 1865 991 1920 quod,
1019 1865 1117 1920 ¹qui
1137 1878 1207 1905 eas
1229 1864 1511 1920 dispensavit,
1531 1881 1606 1907 ne-

157 1934 242 1974 que
273 1920 394 1962 adest
424 1921 536 1974 istic,
559 1936 714 1977 neque,
740 1922 813 1963 ubi
848 1932 1055 1963 terrarum
1087 1922 1157 1973 sit,
1180 1922 1286 1963 scio.
1325 1937 1499 1965 omnem
1531 1940 1607 1965 au-

158 1986 244 2018 tem
269 1992 389 2034 spem
411 1979 552 2020 habeo
574 1980 911 2021 existimationis
936 1980 1287 2036 privatarumque
1303 1994 1444 2021 rerum
1468 1982 1512 2022 in
1532 1991 1606 2022 tua

159 2049 264 2091 erga
285 2050 354 2077 me
376 2036 481 2077 mihi
506 2037 853 2093 perspectissima
877 2037 1195 2080 benivolentia:
1218 2052 1347 2093 quam
1366 2038 1399 2079 si
1415 2039 1481 2080 his
1497 2049 1604 2082 tem-

162 2093 342 2149 poribus
364 2094 529 2135 miseris
550 2105 595 2136 et
618 2097 824 2136 extremis
847 2095 1115 2151 praestiteris,
1139 2094 1234 2137 haec
1267 2095 1472 2151 pericula,
1506 2112 1605 2153 quae

160 2150 269 2191 mihi
292 2153 543 2193 communia
565 2162 664 2194 sunt
692 2168 792 2194 cum
826 2153 995 2205 ceteris,
1017 2152 1173 2194 fortius
1207 2153 1363 2194 feram:
1396 2154 1528 2210 idque
1558 2165 1609 2197 ut

163 2207 310 2260 facias,
335 2218 376 2249 te
398 2211 594 2251 obtestor
615 2219 746 2266 atque
765 2211 960 2252 obsecro.
992 2225 1075 2267 ego
1095 2211 1139 2252 in
1163 2210 1416 2266 cistophoro
1440 2213 1481 2253 in
1502 2212 1610 2254 Asia

160 2265 302 2307 habeo
324 2267 377 2308 ad
413 2267 513 2308 H-S
548 2268 613 2308 bis
635 2278 678 2309 et
710 2268 858 2309 vicies.
890 2268 1019 2325 hujus
1054 2268 1251 2327 pecuniae
1289 2270 1610 2324 permutatione

163 2323 294 2365 fidem
317 2333 508 2366 nostram
533 2325 658 2366 facile
680 2326 880 2368 tuebere:
911 2340 1038 2381 quam
1071 2326 1246 2381 quidem
1269 2340 1352 2382 ego
1375 2327 1456 2368 nisi
1478 2342 1611 2385 expe-

165 2381 301 2422 ditam
327 2382 567 2438 relinquere
603 2393 834 2439 putassem,
857 2383 1034 2425 credens
1056 2384 1111 2434 ei,
1133 2384 1203 2425 cui
1235 2392 1280 2424 tu
1309 2384 1501 2440 scisjam
1527 2387 1612 2442 pri-

162 2439 259 2480 dem
283 2440 462 2481 minime
484 2440 672 2492 credere,
692 2450 986 2482 commoratus
1008 2455 1146 2482 essem
1168 2440 1414 2497 paullisper,
1434 2457 1513 2485 nec
1534 2444 1612 2485 do·-

164 2498 366 2538 mesticas
390 2512 454 2539 res
478 2498 708 2555 impeditas
740 2498 1032 2554 reliquissem:
1064 2499 1121 2539 ob
1144 2512 1326 2554 eamque
1347 2515 1521 2542 causam
1546 2517 1611 2543 se—

164 2554 251 2594 rius
274 2555 326 2596 ad
352 2565 393 2596 te
415 2556 573 2607 scribo,
596 2556 712 2611 quod
735 2570 828 2597 sero
851 2555 1062 2607 intellexi,
1091 2556 1195 2611 quid
1220 2556 1460 2599 timendum
1481 2571 1609 2600 esset.

163 2610 226 2651 Te
248 2613 377 2653 etiam
400 2615 683 2668 atque-ctiam
706 2628 797 2664 oro,
821 2623 869 2654 ut
891 2628 961 2655 me
983 2623 1125 2654 totum
1146 2614 1353 2656 tuendum
1375 2616 1611 2673 suscipias3

166 2678 229 2720 ut,
253 2670 287 2709 si
310 2670 340 2710 ii
373 2670 480 2712 salvi
514 2681 656 2724 erunt,
683 2671 944 2727 quibuscum
978 2686 1089 2723 sum,
1125 2686 1211 2713 una
1239 2687 1339 2714 cum
1374 2673 1425 2714 iis
1451 2674 1614 2730 possim

211 2802 223 2828 1
249 2800 305 2838 qui
329 2810 384 2830 cas
409 2801 620 2841 dispensavit]
652 2801 865 2833 Philotimus.
913 2802 986 2841 viri,
999 2813 1054 2843 ep.
1071 2806 1101 2835 2.
1115 2803 1150 2835 in
1167 2812 1201 2835 re
1217 2802 1408 2846 pecuniaria
1435 2801 1534 2836 fidem
1551 2813 1618 2837 ser-

166 2850 196 2872 v.
213 2851 265 2883 cp.
278 2847 309 2874 4.
325 2852 400 2873 mox
414 2845 611 2875 existimatio
622 2850 673 2876 est
689 2845 775 2876 sama
792 2845 869 2876 boni
913 2846 1034 2878 vantis.

1622 1692 1641 1728 1
