<?xml version="1.0" encoding="UTF-8"?>
<!DOCTYPE html PUBLIC "-//W3C//DTD XHTML 1.0 Transitional//EN"
    "http://www.w3.org/TR/xhtml1/DTD/xhtml1-transitional.dtd">
<html xmlns="http://www.w3.org/1999/xhtml" xml:lang="en" lang="en">
 <head>
  <title>
</title>
<meta http-equiv="Content-Type" content="text/html;charset=utf-8" />
  <meta name='ocr-system' content='tesseract 3.04.00' />
  <meta name='ocr-capabilities' content='ocr_page ocr_carea ocr_par ocr_line ocrx_word'/>
</head>
<body>
  <div class='ocr_page' id='page_1' title='image "./p2operaomnia03ciceuoft_0105.png"; bbox 0 0 1940 3231; ppageno 0'>
   <div class='ocr_carea' id='block_1_1' title="bbox 750 106 1636 147">
    <p class='ocr_par' dir='ltr' id='par_1_1' title="bbox 750 106 1636 147">
     <span class='ocr_line' id='line_1_1' title="bbox 750 106 1636 147; baseline 0.001 -1"><span class='ocrx_word' id='word_1_1' title='bbox 750 108 956 146; x_wconf 83' lang='lat' dir='ltr'>LIBER</span> <span class='ocrx_word' id='word_1_2' title='bbox 1000 106 1066 146; x_wconf 73' lang='lat' dir='ltr'>IV.</span> <span class='ocrx_word' id='word_1_3' title='bbox 1560 111 1636 147; x_wconf 71' lang='lat'>529</span> 
     </span>
    </p>
   </div>
   <div class='ocr_carea' id='block_1_2' title="bbox 175 210 1674 1885">
    <p class='ocr_par' dir='ltr' id='par_1_2' title="bbox 175 210 1674 1885">
     <span class='ocr_line' id='line_1_2' title="bbox 185 210 1636 266; baseline 0 -14"><span class='ocrx_word' id='word_1_4' title='bbox 185 212 333 254; x_wconf 82' lang='lat' dir='ltr'>statim</span> <span class='ocrx_word' id='word_1_5' title='bbox 368 221 469 254; x_wconf 86' lang='lat' dir='ltr'>sunt</span> <span class='ocrx_word' id='word_1_6' title='bbox 501 212 695 255; x_wconf 90' lang='lat' dir='ltr'>demoliti</span> <span class='ocrx_word' id='word_1_7' title='bbox 728 211 1027 254; x_wconf 81' lang='lat' dir='ltr'><strong>libentissimis</strong></span> <span class='ocrx_word' id='word_1_8' title='bbox 1058 210 1277 251; x_wconf 87' lang='lat' dir='ltr'>omnibus.</span> <span class='ocrx_word' id='word_1_9' title='bbox 1309 210 1433 251; x_wconf 85' lang='lat' dir='ltr'>nobis</span> <span class='ocrx_word' id='word_1_10' title='bbox 1457 211 1636 266; x_wconf 85' lang='lat' dir='ltr'>superfi-</span> 
     </span>
     <span class='ocr_line' id='line_1_3' title="bbox 182 268 1634 312; baseline 0.001 -3"><span class='ocrx_word' id='word_1_11' title='bbox 182 269 296 311; x_wconf 86' lang='lat' dir='ltr'>ciem</span> <span class='ocrx_word' id='word_1_12' title='bbox 320 271 480 312; x_wconf 82' lang='lat' dir='ltr'>aedium</span> <span class='ocrx_word' id='word_1_13' title='bbox 504 270 700 312; x_wconf 89' lang='lat' dir='ltr'>consules</span> <span class='ocrx_word' id='word_1_14' title='bbox 723 270 776 310; x_wconf 87' lang='lat' dir='ltr'>de</span> <span class='ocrx_word' id='word_1_15' title='bbox 798 269 966 310; x_wconf 87' lang='lat' dir='ltr'>consilii</span> <span class='ocrx_word' id='word_1_16' title='bbox 994 269 1209 309; x_wconf 84' lang='lat' dir='ltr'>sententia</span> <span class='ocrx_word' id='word_1_17' title='bbox 1240 268 1512 308; x_wconf 80' lang='lat' dir='ltr'>aestimarunt</span> <span class='ocrx_word' id='word_1_18' title='bbox 1536 269 1634 310; x_wconf 86' lang='lat' dir='ltr'>H-S</span> 
     </span>
     <span class='ocr_line' id='line_1_4' title="bbox 183 325 1634 381; baseline -0.001 -14"><span class='ocrx_word' id='word_1_19' title='bbox 183 328 344 381; x_wconf 86' lang='lat' dir='ltr'>vicies;</span> <span class='ocrx_word' id='word_1_20' title='bbox 376 339 521 370; x_wconf 86' lang='lat' dir='ltr'>cetera</span> <span class='ocrx_word' id='word_1_21' title='bbox 544 327 665 369; x_wconf 84' lang='lat' dir='ltr'>valde</span> <span class='ocrx_word' id='word_1_22' title='bbox 701 327 994 368; x_wconf 77' lang='lat' dir='ltr'>illiberaliter:</span> <span class='ocrx_word' id='word_1_23' title='bbox 1027 325 1318 367; x_wconf 78' lang='lat' dir='ltr'>Tusculanam</span> <span class='ocrx_word' id='word_1_24' title='bbox 1341 325 1481 366; x_wconf 85' lang='lat' dir='ltr'>villam</span> <span class='ocrx_word' id='word_1_25' title='bbox 1509 326 1634 379; x_wconf 82' lang='lat' dir='ltr'>quin-</span> 
     </span>
     <span class='ocr_line' id='line_1_5' title="bbox 181 382 1634 439; baseline -0.001 -14"><span class='ocrx_word' id='word_1_26' title='bbox 181 386 324 439; x_wconf 84' lang='lat' dir='ltr'>gentis</span> <span class='ocrx_word' id='word_1_27' title='bbox 367 385 588 437; x_wconf 83' lang='lat' dir='ltr'>millibus;</span> <span class='ocrx_word' id='word_1_28' title='bbox 621 385 901 426; x_wconf 76' lang='lat' dir='ltr'>Formianum</span> <span class='ocrx_word' id='word_1_29' title='bbox 943 383 1042 425; x_wconf 81' lang='lat' dir='ltr'>H-S</span> <span class='ocrx_word' id='word_1_30' title='bbox 1078 382 1276 425; x_wconf 78' lang='lat' dir='ltr'>ducentis</span> <span class='ocrx_word' id='word_1_31' title='bbox 1316 383 1634 438; x_wconf 73' lang='lat' dir='ltr'>quinquaginta</span> 
     </span>
     <span class='ocr_line' id='line_1_6' title="bbox 180 440 1632 498; baseline -0.002 -16"><span class='ocrx_word' id='word_1_32' title='bbox 180 441 386 484; x_wconf 85' lang='lat' dir='ltr'>millibus.</span> <span class='ocrx_word' id='word_1_33' title='bbox 421 457 519 498; x_wconf 83' lang='lat' dir='ltr'>quae</span> <span class='ocrx_word' id='word_1_34' title='bbox 551 443 785 483; x_wconf 76' lang='lat' dir='ltr'>aestimatio</span> <span class='ocrx_word' id='word_1_35' title='bbox 809 457 897 483; x_wconf 82' lang='lat' dir='ltr'>non</span> <span class='ocrx_word' id='word_1_36' title='bbox 922 442 1052 483; x_wconf 87' lang='lat' dir='ltr'>modo</span> <span class='ocrx_word' id='word_1_37' title='bbox 1084 441 1362 482; x_wconf 80' lang='lat' dir='ltr'>vehementer</span> <span class='ocrx_word' id='word_1_38' title='bbox 1384 440 1438 480; x_wconf 87' lang='lat' dir='ltr'>ab</span> <span class='ocrx_word' id='word_1_39' title='bbox 1463 440 1632 495; x_wconf 89' lang='lat' dir='ltr'>optimo</span> 
     </span>
     <span class='ocr_line' id='line_1_7' title="bbox 181 497 1634 556; baseline -0.001 -16"><span class='ocrx_word' id='word_1_40' title='bbox 181 514 370 555; x_wconf 90' lang='lat' dir='ltr'>quoque,</span> <span class='ocrx_word' id='word_1_41' title='bbox 409 500 482 540; x_wconf 87' lang='lat' dir='ltr'>sed</span> <span class='ocrx_word' id='word_1_42' title='bbox 524 500 657 540; x_wconf 84' lang='lat' dir='ltr'>etiam</span> <span class='ocrx_word' id='word_1_43' title='bbox 701 516 727 540; x_wconf 84' lang='lat' dir='ltr'>a</span> <span class='ocrx_word' id='word_1_44' title='bbox 768 499 893 556; x_wconf 84' lang='lat' dir='ltr'>plebe</span> <span class='ocrx_word' id='word_1_45' title='bbox 931 498 1274 555; x_wconf 75' lang='lat' dir='ltr'>reprehenditur.</span> <span class='ocrx_word' id='word_1_46' title='bbox 1349 497 1497 543; x_wconf 77' lang='lat' dir='ltr'>Dices,</span> <span class='ocrx_word' id='word_1_47' title='bbox 1528 498 1634 552; x_wconf 86' lang='lat' dir='ltr'>quid</span> 
     </span>
     <span class='ocr_line' id='line_1_8' title="bbox 179 555 1634 613; baseline -0.003 -15"><span class='ocrx_word' id='word_1_48' title='bbox 179 556 318 612; x_wconf 83' lang='lat' dir='ltr'>igitur</span> <span class='ocrx_word' id='word_1_49' title='bbox 357 571 498 597; x_wconf 81' lang='lat' dir='ltr'>causae</span> <span class='ocrx_word' id='word_1_50' title='bbox 534 556 644 599; x_wconf 79' lang='lat' dir='ltr'>fuit?</span> <span class='ocrx_word' id='word_1_51' title='bbox 686 557 838 598; x_wconf 87' lang='lat' dir='ltr'>dicunt</span> <span class='ocrx_word' id='word_1_52' title='bbox 883 557 943 598; x_wconf 86' lang='lat' dir='ltr'>illi</span> <span class='ocrx_word' id='word_1_53' title='bbox 982 557 1173 612; x_wconf 86' lang='lat' dir='ltr'>quidem,</span> <span class='ocrx_word' id='word_1_54' title='bbox 1213 555 1421 613; x_wconf 73' lang='lat' dir='ltr'>pudorem</span> <span class='ocrx_word' id='word_1_55' title='bbox 1465 568 1634 605; x_wconf 84' lang='lat' dir='ltr'>meum;</span> 
     </span>
     <span class='ocr_line' id='line_1_9' title="bbox 179 613 1631 671; baseline -0.002 -16"><span class='ocrx_word' id='word_1_56' title='bbox 179 614 295 669; x_wconf 90' lang='lat' dir='ltr'>quod</span> <span class='ocrx_word' id='word_1_57' title='bbox 329 627 469 668; x_wconf 86' lang='lat' dir='ltr'>neque</span> <span class='ocrx_word' id='word_1_58' title='bbox 502 615 713 670; x_wconf 79' lang='lat' dir='ltr'>negarim,</span> <span class='ocrx_word' id='word_1_59' title='bbox 749 630 888 671; x_wconf 87' lang='lat' dir='ltr'>neque</span> <span class='ocrx_word' id='word_1_60' title='bbox 921 615 1219 656; x_wconf 83' lang='lat' dir='ltr'>vehementius</span> <span class='ocrx_word' id='word_1_61' title='bbox 1255 613 1523 670; x_wconf 86' lang='lat' dir='ltr'>postularim.</span> <span class='ocrx_word' id='word_1_62' title='bbox 1559 613 1631 653; x_wconf 84' lang='lat' dir='ltr'>sed</span> 
     </span>
     <span class='ocr_line' id='line_1_10' title="bbox 179 669 1631 728; baseline -0.001 -16"><span class='ocrx_word' id='word_1_63' title='bbox 179 686 267 712; x_wconf 90' lang='lat' dir='ltr'>non</span> <span class='ocrx_word' id='word_1_64' title='bbox 291 681 355 711; x_wconf 84' lang='lat' dir='ltr'>est</span> <span class='ocrx_word' id='word_1_65' title='bbox 378 671 436 712; x_wconf 82' lang='lat' dir='ltr'>id.</span> <span class='ocrx_word' id='word_1_66' title='bbox 460 686 557 713; x_wconf 86' lang='lat' dir='ltr'>nam</span> <span class='ocrx_word' id='word_1_67' title='bbox 583 673 667 714; x_wconf 84' lang='lat' dir='ltr'>hoc</span> <span class='ocrx_word' id='word_1_68' title='bbox 684 673 859 728; x_wconf 85' lang='lat' dir='ltr'>quidem</span> <span class='ocrx_word' id='word_1_69' title='bbox 883 673 1012 714; x_wconf 87' lang='lat' dir='ltr'>etiam</span> <span class='ocrx_word' id='word_1_70' title='bbox 1040 671 1286 728; x_wconf 79' lang='lat' dir='ltr'>profuisset.</span> <span class='ocrx_word' id='word_1_71' title='bbox 1313 685 1460 712; x_wconf 86' lang='lat' dir='ltr'>verum</span> <span class='ocrx_word' id='word_1_72' title='bbox 1485 669 1631 720; x_wconf 87' lang='lat' dir='ltr'>iidem,</span> 
     </span>
     <span class='ocr_line' id='line_1_11' title="bbox 180 727 1630 786; baseline -0.001 -17"><span class='ocrx_word' id='word_1_73' title='bbox 180 729 240 769; x_wconf 88' lang='lat' dir='ltr'>mi</span> <span class='ocrx_word' id='word_1_74' title='bbox 275 727 326 769; x_wconf 90' lang='lat' dir='ltr'>T.</span> <span class='ocrx_word' id='word_1_75' title='bbox 352 728 585 785; x_wconf 87' lang='lat' dir='ltr'>Pomponi,</span> <span class='ocrx_word' id='word_1_76' title='bbox 622 730 767 781; x_wconf 80' lang='lat' dir='ltr'>iidem,</span> <span class='ocrx_word' id='word_1_77' title='bbox 798 731 991 786; x_wconf 82' lang='lat' dir='ltr'>inquam,</span> <span class='ocrx_word' id='word_1_78' title='bbox 1023 729 1100 781; x_wconf 86' lang='lat' dir='ltr'>illi,</span> <span class='ocrx_word' id='word_1_79' title='bbox 1135 745 1243 785; x_wconf 86' lang='lat' dir='ltr'>quos</span> <span class='ocrx_word' id='word_1_80' title='bbox 1280 743 1335 769; x_wconf 85' lang='lat' dir='ltr'>ne</span> <span class='ocrx_word' id='word_1_81' title='bbox 1375 738 1420 769; x_wconf 87' lang='lat' dir='ltr'>tu</span> <span class='ocrx_word' id='word_1_82' title='bbox 1455 727 1630 783; x_wconf 87' lang='lat' dir='ltr'>quidem</span> 
     </span>
     <span class='ocr_line' id='line_1_12' title="bbox 179 785 1630 844; baseline -0.001 -18"><span class='ocrx_word' id='word_1_83' title='bbox 179 785 369 842; x_wconf 78' lang='lat' dir='ltr'>ignoraS‚</span> <span class='ocrx_word' id='word_1_84' title='bbox 389 787 463 842; x_wconf 85' lang='lat' dir='ltr'>qui</span> <span class='ocrx_word' id='word_1_85' title='bbox 489 788 596 828; x_wconf 86' lang='lat' dir='ltr'>mihi</span> <span class='ocrx_word' id='word_1_86' title='bbox 621 788 774 844; x_wconf 83' lang='lat' dir='ltr'>pinnas</span> <span class='ocrx_word' id='word_1_87' title='bbox 798 788 1055 840; x_wconf 77' lang='lat' dir='ltr'>inciderant,</span> <span class='ocrx_word' id='word_1_88' title='bbox 1079 787 1232 828; x_wconf 85' lang='lat' dir='ltr'>nolunt</span> <span class='ocrx_word' id='word_1_89' title='bbox 1254 786 1425 828; x_wconf 80' lang='lat' dir='ltr'>easdem</span> <span class='ocrx_word' id='word_1_90' title='bbox 1450 785 1630 826; x_wconf 86' lang='lat' dir='ltr'>renasci.</span> 
     </span>
     <span class='ocr_line' id='line_1_13' title="bbox 181 843 1631 901; baseline 0 -17"><span class='ocrx_word' id='word_1_91' title='bbox 181 843 268 894; x_wconf 78' lang='lat' dir='ltr'>sed,</span> <span class='ocrx_word' id='word_1_92' title='bbox 293 854 341 884; x_wconf 88' lang='lat' dir='ltr'>ut</span> <span class='ocrx_word' id='word_1_93' title='bbox 363 846 613 901; x_wconf 78' lang='lat' dir='ltr'>spe1·0‚jam</span> <span class='ocrx_word' id='word_1_94' title='bbox 639 857 934 887; x_wconf 79' lang='lat' dir='ltr'>renascuntur.</span> <span class='ocrx_word' id='word_1_95' title='bbox 960 855 1003 887; x_wconf 89' lang='lat' dir='ltr'>tu</span> <span class='ocrx_word' id='word_1_96' title='bbox 1031 846 1161 886; x_wconf 86' lang='lat' dir='ltr'>modo</span> <span class='ocrx_word' id='word_1_97' title='bbox 1184 845 1236 886; x_wconf 82' lang='lat' dir='ltr'>ad</span> <span class='ocrx_word' id='word_1_98' title='bbox 1262 859 1339 885; x_wconf 85' lang='lat' dir='ltr'>nos</span> <span class='ocrx_word' id='word_1_99' title='bbox 1364 844 1486 885; x_wconf 86' lang='lat' dir='ltr'>veni:</span> <span class='ocrx_word' id='word_1_100' title='bbox 1513 843 1631 899; x_wconf 89' lang='lat' dir='ltr'>quod</span> 
     </span>
     <span class='ocr_line' id='line_1_14' title="bbox 181 900 1630 956; baseline 0 -15"><span class='ocrx_word' id='word_1_101' title='bbox 181 914 331 942; x_wconf 83' lang='lat' dir='ltr'>vereor</span> <span class='ocrx_word' id='word_1_102' title='bbox 351 916 406 943; x_wconf 91' lang='lat' dir='ltr'>ne</span> <span class='ocrx_word' id='word_1_103' title='bbox 433 905 595 944; x_wconf 77' lang='lat' dir='ltr'>tardius</span> <span class='ocrx_word' id='word_1_104' title='bbox 624 904 868 945; x_wconf 88' lang='lat' dir='ltr'>interventu</span> <span class='ocrx_word' id='word_1_105' title='bbox 892 903 1098 944; x_wconf 83' lang='lat' dir='ltr'>Varronis</span> <span class='ocrx_word' id='word_1_106' title='bbox 1132 903 1194 943; x_wconf 85' lang='lat' dir='ltr'>tui</span> <span class='ocrx_word' id='word_1_107' title='bbox 1228 902 1450 956; x_wconf 83' lang='lat' dir='ltr'>nostrique</span> <span class='ocrx_word' id='word_1_108' title='bbox 1481 900 1630 942; x_wconf 84' lang='lat' dir='ltr'>facias.</span> 
     </span>
     <span class='ocr_line' id='line_1_15' title="bbox 180 958 1632 1017; baseline -0.001 -17"><span class='ocrx_word' id='word_1_109' title='bbox 180 958 400 1005; x_wconf 83' lang='lat' dir='ltr'>Quoniam</span> <span class='ocrx_word' id='word_1_110' title='bbox 436 971 533 1002; x_wconf 84' lang='lat' dir='ltr'>acta</span> <span class='ocrx_word' id='word_1_111' title='bbox 555 976 653 1017; x_wconf 85' lang='lat' dir='ltr'>quae</span> <span class='ocrx_word' id='word_1_112' title='bbox 693 962 794 1013; x_wconf 88' lang='lat' dir='ltr'>sint,</span> <span class='ocrx_word' id='word_1_113' title='bbox 818 961 978 1003; x_wconf 86' lang='lat' dir='ltr'>habes:</span> <span class='ocrx_word' id='word_1_114' title='bbox 1013 961 1065 1002; x_wconf 82' lang='lat' dir='ltr'>de</span> <span class='ocrx_word' id='word_1_115' title='bbox 1100 960 1264 1016; x_wconf 85' lang='lat' dir='ltr'>reliqua</span> <span class='ocrx_word' id='word_1_116' title='bbox 1294 969 1442 1000; x_wconf 85' lang='lat' dir='ltr'>nostra</span> <span class='ocrx_word' id='word_1_117' title='bbox 1462 958 1632 1015; x_wconf 88' lang='lat' dir='ltr'>cogita-</span> 
     </span>
     <span class='ocr_line' id='line_1_16' title="bbox 180 1016 1631 1075; baseline 0 -19"><span class='ocrx_word' id='word_1_118' title='bbox 180 1016 299 1058; x_wconf 85' lang='lat' dir='ltr'>tione</span> <span class='ocrx_word' id='word_1_119' title='bbox 321 1032 554 1075; x_wconf 81' lang='lat' dir='ltr'>cognosce.</span> <span class='ocrx_word' id='word_1_120' title='bbox 607 1018 704 1075; x_wconf 84' lang='lat' dir='ltr'>Ego</span> <span class='ocrx_word' id='word_1_121' title='bbox 727 1034 796 1060; x_wconf 90' lang='lat' dir='ltr'>me</span> <span class='ocrx_word' id='word_1_122' title='bbox 818 1035 843 1060; x_wconf 87' lang='lat' dir='ltr'>a</span> <span class='ocrx_word' id='word_1_123' title='bbox 869 1019 1081 1074; x_wconf 71' lang='lat' dir='ltr'>Pompeio</span> <span class='ocrx_word' id='word_1_124' title='bbox 1105 1018 1237 1073; x_wconf 77' lang='lat' dir='ltr'>legari</span> <span class='ocrx_word' id='word_1_125' title='bbox 1261 1018 1324 1058; x_wconf 87' lang='lat' dir='ltr'>ita</span> <span class='ocrx_word' id='word_1_126' title='bbox 1347 1031 1438 1057; x_wconf 88' lang='lat' dir='ltr'>sum</span> <span class='ocrx_word' id='word_1_127' title='bbox 1465 1031 1631 1073; x_wconf 84' lang='lat' dir='ltr'>passus,</span> 
     </span>
     <span class='ocr_line' id='line_1_17' title="bbox 179 1074 1631 1132; baseline -0.001 -17"><span class='ocrx_word' id='word_1_128' title='bbox 179 1083 228 1115; x_wconf 87' lang='lat' dir='ltr'>ut</span> <span class='ocrx_word' id='word_1_129' title='bbox 251 1075 368 1117; x_wconf 82' lang='lat' dir='ltr'>nulla</span> <span class='ocrx_word' id='word_1_130' title='bbox 391 1091 435 1117; x_wconf 88' lang='lat' dir='ltr'>re</span> <span class='ocrx_word' id='word_1_131' title='bbox 457 1078 493 1108; x_wconf 74' lang='lat'>21</span> <span class='ocrx_word' id='word_1_132' title='bbox 512 1078 756 1132; x_wconf 86' lang='lat' dir='ltr'>impedirer,</span> <span class='ocrx_word' id='word_1_133' title='bbox 779 1077 895 1132; x_wconf 88' lang='lat' dir='ltr'>quod</span> <span class='ocrx_word' id='word_1_134' title='bbox 929 1091 998 1127; x_wconf 88' lang='lat' dir='ltr'>ne,</span> <span class='ocrx_word' id='word_1_135' title='bbox 1030 1077 1063 1116; x_wconf 91' lang='lat' dir='ltr'>si</span> <span class='ocrx_word' id='word_1_136' title='bbox 1089 1076 1254 1127; x_wconf 87' lang='lat' dir='ltr'>vellem,</span> <span class='ocrx_word' id='word_1_137' title='bbox 1279 1074 1386 1115; x_wconf 80' lang='lat' dir='ltr'>mihi</span> <span class='ocrx_word' id='word_1_138' title='bbox 1420 1085 1532 1115; x_wconf 89' lang='lat' dir='ltr'>esset</span> <span class='ocrx_word' id='word_1_139' title='bbox 1566 1075 1631 1114; x_wconf 89' lang='lat' dir='ltr'>in-</span> 
     </span>
     <span class='ocr_line' id='line_1_18' title="bbox 177 1131 1631 1189; baseline -0.001 -17"><span class='ocrx_word' id='word_1_140' title='bbox 177 1140 365 1189; x_wconf 81' lang='lat' dir='ltr'>tegrum,</span> <span class='ocrx_word' id='word_1_141' title='bbox 389 1144 477 1185; x_wconf 83' lang='lat' dir='ltr'>aut,</span> <span class='ocrx_word' id='word_1_142' title='bbox 501 1135 533 1175; x_wconf 91' lang='lat' dir='ltr'>si</span> <span class='ocrx_word' id='word_1_143' title='bbox 569 1135 747 1176; x_wconf 83' lang='lat' dir='ltr'>comitia</span> <span class='ocrx_word' id='word_1_144' title='bbox 780 1149 1006 1176; x_wconf 77' lang='lat' dir='ltr'>censorum</span> <span class='ocrx_word' id='word_1_145' title='bbox 1041 1133 1230 1189; x_wconf 82' lang='lat' dir='ltr'>proximi</span> <span class='ocrx_word' id='word_1_146' title='bbox 1265 1131 1462 1174; x_wconf 85' lang='lat' dir='ltr'>consules</span> <span class='ocrx_word' id='word_1_147' title='bbox 1498 1132 1631 1172; x_wconf 86' lang='lat' dir='ltr'>habe-</span> 
     </span>
     <span class='ocr_line' id='line_1_19' title="bbox 178 1190 1674 1248; baseline -0.002 -17"><span class='ocrx_word' id='word_1_148' title='bbox 178 1201 290 1242; x_wconf 85' lang='lat' dir='ltr'>rent,</span> <span class='ocrx_word' id='word_1_149' title='bbox 323 1195 364 1223; x_wconf 83' lang='lat'>22</span> <span class='ocrx_word' id='word_1_150' title='bbox 379 1202 523 1248; x_wconf 86' lang='lat' dir='ltr'>petere</span> <span class='ocrx_word' id='word_1_151' title='bbox 548 1193 730 1248; x_wconf 87' lang='lat' dir='ltr'>[posse],</span> <span class='ocrx_word' id='word_1_152' title='bbox 759 1203 834 1234; x_wconf 84' lang='lat' dir='ltr'>aut</span> <span class='ocrx_word' id='word_1_153' title='bbox 859 1193 1047 1233; x_wconf 78' lang='lat' dir='ltr'>votivam</span> <span class='ocrx_word' id='word_1_154' title='bbox 1075 1192 1338 1247; x_wconf 82' lang='lat' dir='ltr'>legationem</span> <span class='ocrx_word' id='word_1_155' title='bbox 1373 1191 1413 1221; x_wconf 77' lang='lat'>23</span> <span class='ocrx_word' id='word_1_156' title='bbox 1429 1190 1630 1230; x_wconf 84' lang='lat' dir='ltr'>sumsisse</span> <span class='ocrx_word' id='word_1_157' title='bbox 1645 1198 1674 1228; x_wconf 63' lang='grc' dir='ltr'>Ι).</span> 
     </span>
     <span class='ocr_line' id='line_1_20' title="bbox 179 1247 1631 1305; baseline -0.001 -16"><span class='ocrx_word' id='word_1_158' title='bbox 179 1262 315 1305; x_wconf 84' lang='lat' dir='ltr'>prope</span> <span class='ocrx_word' id='word_1_159' title='bbox 336 1251 585 1291; x_wconf 56' lang='lat' dir='ltr'>24omnium</span> <span class='ocrx_word' id='word_1_160' title='bbox 619 1250 833 1302; x_wconf 86' lang='lat' dir='ltr'>fanorum,</span> <span class='ocrx_word' id='word_1_161' title='bbox 857 1249 1068 1291; x_wconf 80' lang='lat' dir='ltr'>lucorum.</span> <span class='ocrx_word' id='word_1_162' title='bbox 1092 1250 1154 1290; x_wconf 87' lang='lat' dir='ltr'>sic</span> <span class='ocrx_word' id='word_1_163' title='bbox 1176 1249 1292 1290; x_wconf 86' lang='lat' dir='ltr'>enim</span> <span class='ocrx_word' id='word_1_164' title='bbox 1314 1256 1474 1288; x_wconf 85' lang='lat' dir='ltr'>nostrae</span> <span class='ocrx_word' id='word_1_165' title='bbox 1499 1247 1631 1287; x_wconf 83' lang='lat' dir='ltr'>ratio-</span> 
     </span>
     <span class='ocr_line' id='line_1_21' title="bbox 179 1304 1631 1363; baseline -0.001 -16"><span class='ocrx_word' id='word_1_166' title='bbox 179 1321 253 1347; x_wconf 85' lang='lat' dir='ltr'>nes</span> <span class='ocrx_word' id='word_1_167' title='bbox 293 1307 583 1363; x_wconf 79' lang='lat' dir='ltr'>postulabant.</span> <span class='ocrx_word' id='word_1_168' title='bbox 621 1309 694 1349; x_wconf 86' lang='lat' dir='ltr'>sed</span> <span class='ocrx_word' id='word_1_169' title='bbox 718 1308 832 1349; x_wconf 88' lang='lat' dir='ltr'>volui</span> <span class='ocrx_word' id='word_1_170' title='bbox 870 1323 1006 1349; x_wconf 87' lang='lat' dir='ltr'>meam</span> <span class='ocrx_word' id='word_1_171' title='bbox 1048 1316 1307 1363; x_wconf 85' lang='lat' dir='ltr'>potestatem</span> <span class='ocrx_word' id='word_1_172' title='bbox 1345 1319 1437 1346; x_wconf 87' lang='lat' dir='ltr'>esse</span> <span class='ocrx_word' id='word_1_173' title='bbox 1462 1304 1523 1346; x_wconf 81' lang='lat' dir='ltr'>vel</span> <span class='ocrx_word' id='word_1_174' title='bbox 1558 1319 1631 1361; x_wconf 89' lang='lat' dir='ltr'>pe·-</span> 
     </span>
     <span class='ocr_line' id='line_1_22' title="bbox 177 1363 1630 1416; baseline -0.001 -12"><span class='ocrx_word' id='word_1_175' title='bbox 177 1365 312 1415; x_wconf 90' lang='lat' dir='ltr'>tendi‚</span> <span class='ocrx_word' id='word_1_176' title='bbox 337 1365 402 1406; x_wconf 89' lang='lat' dir='ltr'>vel</span> <span class='ocrx_word' id='word_1_177' title='bbox 434 1366 610 1407; x_wconf 88' lang='lat' dir='ltr'>ineunte</span> <span class='ocrx_word' id='word_1_178' title='bbox 637 1375 788 1407; x_wconf 79' lang='lat' dir='ltr'>aestate</span> <span class='ocrx_word' id='word_1_179' title='bbox 809 1368 848 1397; x_wconf 70' lang='lat'>25</span> <span class='ocrx_word' id='word_1_180' title='bbox 863 1365 1077 1407; x_wconf 75' lang='lat' dir='ltr'>exeundi:</span> <span class='ocrx_word' id='word_1_181' title='bbox 1110 1374 1168 1416; x_wconf 88' lang='lat' dir='ltr'>et,</span> <span class='ocrx_word' id='word_1_182' title='bbox 1193 1366 1356 1405; x_wconf 89' lang='lat' dir='ltr'>interea</span> <span class='ocrx_word' id='word_1_183' title='bbox 1379 1377 1448 1403; x_wconf 88' lang='lat' dir='ltr'>me</span> <span class='ocrx_word' id='word_1_184' title='bbox 1469 1377 1561 1404; x_wconf 89' lang='lat' dir='ltr'>esse</span> <span class='ocrx_word' id='word_1_185' title='bbox 1585 1363 1630 1403; x_wconf 89' lang='lat' dir='ltr'>in</span> 
     </span>
     <span class='ocr_line' id='line_1_23' title="bbox 177 1420 1631 1480; baseline -0.001 -18"><span class='ocrx_word' id='word_1_186' title='bbox 177 1423 315 1464; x_wconf 87' lang='lat' dir='ltr'>oculis</span> <span class='ocrx_word' id='word_1_187' title='bbox 337 1423 514 1474; x_wconf 85' lang='lat' dir='ltr'>civium,</span> <span class='ocrx_word' id='word_1_188' title='bbox 537 1424 590 1465; x_wconf 92' lang='lat' dir='ltr'>de</span> <span class='ocrx_word' id='word_1_189' title='bbox 622 1439 690 1465; x_wconf 87' lang='lat' dir='ltr'>me</span> <span class='ocrx_word' id='word_1_190' title='bbox 720 1424 886 1480; x_wconf 88' lang='lat' dir='ltr'>optime</span> <span class='ocrx_word' id='word_1_191' title='bbox 918 1424 1188 1473; x_wconf 84' lang='lat' dir='ltr'>meritorum,</span> <span class='ocrx_word' id='word_1_192' title='bbox 1211 1437 1297 1463; x_wconf 89' lang='lat' dir='ltr'>non</span> <span class='ocrx_word' id='word_1_193' title='bbox 1330 1420 1517 1462; x_wconf 83' lang='lat' dir='ltr'>alienum</span> <span class='ocrx_word' id='word_1_194' title='bbox 1552 1435 1631 1477; x_wconf 85' lang='lat' dir='ltr'>pu-</span> 
     </span>
     <span class='ocr_line' id='line_1_24' title="bbox 179 1478 1631 1536; baseline -0.001 -16"><span class='ocrx_word' id='word_1_195' title='bbox 179 1480 283 1521; x_wconf 86' lang='lat' dir='ltr'>tavi.</span> <span class='ocrx_word' id='word_1_196' title='bbox 343 1481 411 1522; x_wconf 90' lang='lat' dir='ltr'>Ac</span> <span class='ocrx_word' id='word_1_197' title='bbox 452 1481 688 1522; x_wconf 87' lang='lat' dir='ltr'>forensium</span> <span class='ocrx_word' id='word_1_198' title='bbox 722 1481 896 1536; x_wconf 81' lang='lat' dir='ltr'>quidem</span> <span class='ocrx_word' id='word_1_199' title='bbox 941 1495 1083 1521; x_wconf 85' lang='lat' dir='ltr'>rerum</span> <span class='ocrx_word' id='word_1_200' title='bbox 1126 1480 1222 1521; x_wconf 78' lang='lat' dir='ltr'>haee</span> <span class='ocrx_word' id='word_1_201' title='bbox 1264 1489 1412 1520; x_wconf 86' lang='lat' dir='ltr'>nostra</span> <span class='ocrx_word' id='word_1_202' title='bbox 1450 1478 1631 1519; x_wconf 87' lang='lat' dir='ltr'>consilia</span> 
     </span>
     <span class='ocr_line' id='line_1_25' title="bbox 177 1536 1630 1594; baseline -0.001 -16"><span class='ocrx_word' id='word_1_203' title='bbox 177 1547 301 1580; x_wconf 80' lang='lat' dir='ltr'>sunt:</span> <span class='ocrx_word' id='word_1_204' title='bbox 334 1539 671 1580; x_wconf 85' lang='lat' dir='ltr'>domesticarum</span> <span class='ocrx_word' id='word_1_205' title='bbox 700 1550 843 1581; x_wconf 84' lang='lat' dir='ltr'>autem</span> <span class='ocrx_word' id='word_1_206' title='bbox 878 1539 1000 1580; x_wconf 78' lang='lat' dir='ltr'>valde</span> <span class='ocrx_word' id='word_1_207' title='bbox 1034 1539 1257 1594; x_wconf 79' lang='lat' dir='ltr'>impedita.</span> <span class='ocrx_word' id='word_1_208' title='bbox 1321 1536 1491 1578; x_wconf 83' lang='lat' dir='ltr'>Domus</span> <span class='ocrx_word' id='word_1_209' title='bbox 1525 1536 1630 1578; x_wconf 82' lang='lat' dir='ltr'>aedi-</span> 
     </span>
     <span class='ocr_line' id='line_1_26' title="bbox 177 1593 1635 1653; baseline -0.001 -18"><span class='ocrx_word' id='word_1_210' title='bbox 177 1594 347 1637; x_wconf 86' lang='lat' dir='ltr'>ficatur.</span> <span class='ocrx_word' id='word_1_211' title='bbox 381 1597 479 1648; x_wconf 83' lang='lat' dir='ltr'>scis,</span> <span class='ocrx_word' id='word_1_212' title='bbox 509 1612 596 1653; x_wconf 90' lang='lat' dir='ltr'>quo</span> <span class='ocrx_word' id='word_1_213' title='bbox 630 1607 790 1648; x_wconf 85' lang='lat' dir='ltr'>sumtu,</span> <span class='ocrx_word' id='word_1_214' title='bbox 825 1612 911 1653; x_wconf 84' lang='lat' dir='ltr'>qua</span> <span class='ocrx_word' id='word_1_215' title='bbox 948 1596 1148 1638; x_wconf 87' lang='lat' dir='ltr'>molestia</span> <span class='ocrx_word' id='word_1_216' title='bbox 1181 1595 1400 1637; x_wconf 82' lang='lat' dir='ltr'>reficiatur</span> <span class='ocrx_word' id='word_1_217' title='bbox 1438 1593 1635 1635; x_wconf 76' lang='lat' dir='ltr'>Formia-</span> 
     </span>
     <span class='ocr_line' id='line_1_27' title="bbox 179 1651 1629 1711; baseline -0.001 -18"><span class='ocrx_word' id='word_1_218' title='bbox 179 1667 307 1706; x_wconf 81' lang='lat' dir='ltr'>num3</span> <span class='ocrx_word' id='word_1_219' title='bbox 356 1655 471 1710; x_wconf 83' lang='lat' dir='ltr'>qnod</span> <span class='ocrx_word' id='word_1_220' title='bbox 515 1669 598 1711; x_wconf 81' lang='lat' dir='ltr'>ego</span> <span class='ocrx_word' id='word_1_221' title='bbox 641 1657 775 1696; x_wconf 64' lang='lat' dir='ltr'>2‘0&#39;nec</span> <span class='ocrx_word' id='word_1_222' title='bbox 817 1655 1058 1710; x_wconf 84' lang='lat' dir='ltr'>relinquere</span> <span class='ocrx_word' id='word_1_223' title='bbox 1106 1668 1300 1710; x_wconf 87' lang='lat' dir='ltr'>possum,</span> <span class='ocrx_word' id='word_1_224' title='bbox 1344 1667 1424 1694; x_wconf 88' lang='lat' dir='ltr'>nec</span> <span class='ocrx_word' id='word_1_225' title='bbox 1468 1651 1629 1693; x_wconf 86' lang='lat' dir='ltr'>videre.</span> 
     </span>
     <span class='ocr_line' id='line_1_28' title="bbox 175 1709 1630 1770; baseline -0.001 -18"><span class='ocrx_word' id='word_1_226' title='bbox 175 1709 471 1754; x_wconf 86' lang='lat' dir='ltr'>Tusculanum</span> <span class='ocrx_word' id='word_1_227' title='bbox 506 1713 764 1770; x_wconf 85' lang='lat' dir='ltr'>proscripsi:</span> <span class='ocrx_word' id='word_1_228' title='bbox 799 1714 1048 1755; x_wconf 83' lang='lat' dir='ltr'>suburbano</span> <span class='ocrx_word' id='word_1_229' title='bbox 1082 1727 1170 1754; x_wconf 90' lang='lat' dir='ltr'>non</span> <span class='ocrx_word' id='word_1_230' title='bbox 1205 1711 1332 1754; x_wconf 85' lang='lat' dir='ltr'>facile</span> <span class='ocrx_word' id='word_1_231' title='bbox 1358 1724 1500 1751; x_wconf 85' lang='lat' dir='ltr'>careo.</span> <span class='ocrx_word' id='word_1_232' title='bbox 1523 1710 1630 1751; x_wconf 88' lang='lat' dir='ltr'>ami-</span> 
     </span>
     <span class='ocr_line' id='line_1_29' title="bbox 175 1767 1631 1826; baseline -0.001 -16"><span class='ocrx_word' id='word_1_233' title='bbox 175 1784 327 1811; x_wconf 87' lang='lat' dir='ltr'>corum</span> <span class='ocrx_word' id='word_1_234' title='bbox 363 1770 610 1826; x_wconf 76' lang='lat' dir='ltr'>benignitas</span> <span class='ocrx_word' id='word_1_235' title='bbox 644 1771 858 1812; x_wconf 71' lang='lat' dir='ltr'>exhausta</span> <span class='ocrx_word' id='word_1_236' title='bbox 887 1779 953 1812; x_wconf 88' lang='lat' dir='ltr'>est</span> <span class='ocrx_word' id='word_1_237' title='bbox 987 1770 1030 1811; x_wconf 89' lang='lat' dir='ltr'>in</span> <span class='ocrx_word' id='word_1_238' title='bbox 1065 1785 1116 1812; x_wconf 86' lang='lat' dir='ltr'>ea</span> <span class='ocrx_word' id='word_1_239' title='bbox 1137 1784 1195 1821; x_wconf 87' lang='lat' dir='ltr'>re,</span> <span class='ocrx_word' id='word_1_240' title='bbox 1219 1785 1317 1826; x_wconf 86' lang='lat' dir='ltr'>quae</span> <span class='ocrx_word' id='word_1_241' title='bbox 1339 1767 1450 1810; x_wconf 86' lang='lat' dir='ltr'>nihil</span> <span class='ocrx_word' id='word_1_242' title='bbox 1477 1767 1631 1809; x_wconf 85' lang='lat' dir='ltr'>habuit</span> 
     </span>
     <span class='ocr_line' id='line_1_30' title="bbox 176 1828 1640 1885; baseline -0.002 -16"><span class='ocrx_word' id='word_1_243' title='bbox 176 1837 335 1883; x_wconf 84' lang='lat' dir='ltr'>praeter</span> <span class='ocrx_word' id='word_1_244' title='bbox 367 1828 579 1882; x_wconf 82' lang='lat' dir='ltr'>dedecus3</span> <span class='ocrx_word' id='word_1_245' title='bbox 611 1829 748 1885; x_wconf 85' lang='lat' dir='ltr'>(quod</span> <span class='ocrx_word' id='word_1_246' title='bbox 782 1829 953 1871; x_wconf 86' lang='lat' dir='ltr'>sensisti</span> <span class='ocrx_word' id='word_1_247' title='bbox 979 1837 1026 1870; x_wconf 91' lang='lat' dir='ltr'>tu</span> <span class='ocrx_word' id='word_1_248' title='bbox 1055 1829 1209 1870; x_wconf 85' lang='lat' dir='ltr'>absens</span> <span class='ocrx_word' id='word_1_249' title='bbox 1227 1830 1258 1881; x_wconf 81' lang='lat'>3)</span> <span class='ocrx_word' id='word_1_250' title='bbox 1282 1830 1516 1884; x_wconf 85' lang='lat' dir='ltr'>27quorum</span> <span class='ocrx_word' id='word_1_251' title='bbox 1541 1835 1640 1867; x_wconf 76' lang='lat' dir='ltr'>stu-‘</span> 
     </span>
    </p>
   </div>
   <div class='ocr_carea' id='block_1_3' title="bbox 172 1941 1627 2156">
    <p class='ocr_par' dir='ltr' id='par_1_3' title="bbox 172 1941 1627 2156">
     <span class='ocr_line' id='line_1_31' title="bbox 216 1941 1627 1984; baseline -0.001 -12"><span class='ocrx_word' id='word_1_252' title='bbox 216 1944 253 1972; x_wconf 84' lang='lat'>21</span> <span class='ocrx_word' id='word_1_253' title='bbox 279 1942 469 1983; x_wconf 61' lang='lat' dir='ltr'>impedirer,</span> <span class='ocrx_word' id='word_1_254' title='bbox 485 1944 571 1984; x_wconf 76' lang='lat' dir='ltr'>quod</span> <span class='ocrx_word' id='word_1_255' title='bbox 583 1953 622 1974; x_wconf 74' lang='lat' dir='ltr'>ree</span> <span class='ocrx_word' id='word_1_256' title='bbox 639 1944 713 1984; x_wconf 59' lang='lat' dir='ltr'>Sam]</span> <span class='ocrx_word' id='word_1_257' title='bbox 740 1943 779 1974; x_wconf 83' lang='lat' dir='ltr'>In</span> <span class='ocrx_word' id='word_1_258' title='bbox 795 1944 882 1984; x_wconf 84' lang='lat' dir='ltr'>quod</span> <span class='ocrx_word' id='word_1_259' title='bbox 922 1943 988 1974; x_wconf 81' lang='lat' dir='ltr'>sius</span> <span class='ocrx_word' id='word_1_260' title='bbox 1002 1953 1019 1974; x_wconf 90' lang='lat' dir='ltr'>e</span> <span class='ocrx_word' id='word_1_261' title='bbox 1032 1943 1114 1975; x_wconf 86' lang='lat' dir='ltr'>Mss.</span> <span class='ocrx_word' id='word_1_262' title='bbox 1131 1943 1258 1974; x_wconf 86' lang='lat' dir='ltr'>duobus</span> <span class='ocrx_word' id='word_1_263' title='bbox 1273 1941 1387 1973; x_wconf 83' lang='lat' dir='ltr'>edidit.</span> <span class='ocrx_word' id='word_1_264' title='bbox 1427 1942 1549 1973; x_wconf 83' lang='lat' dir='ltr'>Sensus</span> <span class='ocrx_word' id='word_1_265' title='bbox 1564 1947 1627 1978; x_wconf 78' lang='lat' dir='ltr'>est,</span> 
     </span>
     <span class='ocr_line' id='line_1_32' title="bbox 174 1984 1627 2027; baseline 0.001 -14"><span class='ocrx_word' id='word_1_266' title='bbox 174 1993 227 2020; x_wconf 82' lang='lat' dir='ltr'>ne,</span> <span class='ocrx_word' id='word_1_267' title='bbox 244 1986 332 2024; x_wconf 87' lang='lat' dir='ltr'>quod</span> <span class='ocrx_word' id='word_1_268' title='bbox 346 1993 397 2017; x_wconf 88' lang='lat' dir='ltr'>est</span> <span class='ocrx_word' id='word_1_269' title='bbox 410 1998 431 2018; x_wconf 90' lang='lat' dir='ltr'>a</span> <span class='ocrx_word' id='word_1_270' title='bbox 451 1988 562 2025; x_wconf 75' lang='lat' dir='ltr'>Bosio,</span> <span class='ocrx_word' id='word_1_271' title='bbox 579 1987 671 2017; x_wconf 77' lang='lat' dir='ltr'>valde</span> <span class='ocrx_word' id='word_1_272' title='bbox 688 1988 815 2018; x_wconf 77' lang='lat' dir='ltr'>variant</span> <span class='ocrx_word' id='word_1_273' title='bbox 839 1987 880 2018; x_wconf 89' lang='lat' dir='ltr'>li·</span> <span class='ocrx_word' id='word_1_274' title='bbox 922 1992 961 2017; x_wconf 91' lang='lat' dir='ltr'>ut</span> <span class='ocrx_word' id='word_1_275' title='bbox 986 1996 1113 2027; x_wconf 87' lang='lat' dir='ltr'>possem</span> <span class='ocrx_word' id='word_1_276' title='bbox 1138 1986 1341 2026; x_wconf 78' lang='lat' dir='ltr'>legationem</span> <span class='ocrx_word' id='word_1_277' title='bbox 1364 1984 1501 2015; x_wconf 84' lang='lat' dir='ltr'>liberam</span> <span class='ocrx_word' id='word_1_278' title='bbox 1526 1986 1627 2017; x_wconf 82' lang='lat' dir='ltr'>susci-</span> 
     </span>
     <span class='ocr_line' id='line_1_33' title="bbox 174 2026 1627 2069; baseline 0.001 -12"><span class='ocrx_word' id='word_1_279' title='bbox 174 2026 225 2057; x_wconf 78' lang='lat' dir='ltr'>bri</span> <span class='ocrx_word' id='word_1_280' title='bbox 241 2027 313 2059; x_wconf 84' lang='lat' dir='ltr'>edd.</span> <span class='ocrx_word' id='word_1_281' title='bbox 330 2037 363 2059; x_wconf 85' lang='lat' dir='ltr'>et</span> <span class='ocrx_word' id='word_1_282' title='bbox 380 2040 444 2061; x_wconf 85' lang='lat' dir='ltr'>scr.</span> <span class='ocrx_word' id='word_1_283' title='bbox 476 2030 573 2061; x_wconf 76' lang='lat' dir='ltr'>Rom.</span> <span class='ocrx_word' id='word_1_284' title='bbox 593 2030 692 2060; x_wconf 76' lang='lat' dir='ltr'>habet</span> <span class='ocrx_word' id='word_1_285' title='bbox 707 2031 793 2069; x_wconf 80' lang='lat' dir='ltr'>quod</span> <span class='ocrx_word' id='word_1_286' title='bbox 805 2031 879 2066; x_wconf 77' lang='lat' dir='ltr'>nisi,</span> <span class='ocrx_word' id='word_1_287' title='bbox 923 2039 1000 2069; x_wconf 81' lang='lat' dir='ltr'>pere</span> <span class='ocrx_word' id='word_1_288' title='bbox 1016 2029 1057 2060; x_wconf 88' lang='lat' dir='ltr'>ad</span> <span class='ocrx_word' id='word_1_289' title='bbox 1074 2035 1190 2059; x_wconf 89' lang='lat' dir='ltr'>votum</span> <span class='ocrx_word' id='word_1_290' title='bbox 1206 2027 1412 2064; x_wconf 88' lang='lat' dir='ltr'>solvendum,</span> <span class='ocrx_word' id='word_1_291' title='bbox 1429 2038 1627 2067; x_wconf 71' lang='lat' dir='ltr'>quoeunque</span> 
     </span>
     <span class='ocr_line' id='line_1_34' title="bbox 173 2069 1627 2111; baseline 0.001 -11"><span class='ocrx_word' id='word_1_292' title='bbox 173 2074 213 2100; x_wconf 88' lang='lat' dir='ltr'>ut</span> <span class='ocrx_word' id='word_1_293' title='bbox 228 2071 309 2102; x_wconf 84' lang='lat' dir='ltr'>Mss.</span> <span class='ocrx_word' id='word_1_294' title='bbox 324 2071 458 2110; x_wconf 83' lang='lat' dir='ltr'>Graevii,</span> <span class='ocrx_word' id='word_1_295' title='bbox 470 2072 500 2102; x_wconf 91' lang='lat' dir='ltr'>T</span> <span class='ocrx_word' id='word_1_296' title='bbox 503 2082 622 2103; x_wconf 84' lang='lat' dir='ltr'>ornaes.</span> <span class='ocrx_word' id='word_1_297' title='bbox 635 2072 732 2111; x_wconf 84' lang='lat' dir='ltr'>idque</span> <span class='ocrx_word' id='word_1_298' title='bbox 747 2078 880 2104; x_wconf 84' lang='lat' dir='ltr'>secutus</span> <span class='ocrx_word' id='word_1_299' title='bbox 923 2073 997 2103; x_wconf 86' lang='lat' dir='ltr'>loco</span> <span class='ocrx_word' id='word_1_300' title='bbox 1019 2082 1112 2103; x_wconf 80' lang='lat' dir='ltr'>sacro</span> <span class='ocrx_word' id='word_1_301' title='bbox 1134 2071 1266 2102; x_wconf 86' lang='lat' dir='ltr'>vellem.</span> <span class='ocrx_word' id='word_1_302' title='bbox 1310 2069 1374 2101; x_wconf 84' lang='lat' dir='ltr'>Sed</span> <span class='ocrx_word' id='word_1_303' title='bbox 1389 2080 1545 2110; x_wconf 84' lang='lat' dir='ltr'>quorsum</span> <span class='ocrx_word' id='word_1_304' title='bbox 1570 2070 1627 2101; x_wconf 86' lang='lat' dir='ltr'>ad-</span> 
     </span>
     <span class='ocr_line' id='line_1_35' title="bbox 172 2113 1626 2156; baseline 0 -13"><span class='ocrx_word' id='word_1_305' title='bbox 172 2116 224 2143; x_wconf 79' lang='lat' dir='ltr'>est</span> <span class='ocrx_word' id='word_1_306' title='bbox 240 2113 329 2144; x_wconf 81' lang='lat' dir='ltr'>vict.</span> <span class='ocrx_word' id='word_1_307' title='bbox 348 2115 399 2146; x_wconf 89' lang='lat' dir='ltr'>ed.</span> <span class='ocrx_word' id='word_1_308' title='bbox 415 2115 508 2146; x_wconf 75' lang='lat' dir='ltr'>Jens.</span> <span class='ocrx_word' id='word_1_309' title='bbox 524 2117 603 2154; x_wconf 77' lang='lat' dir='ltr'>quin</span> <span class='ocrx_word' id='word_1_310' title='bbox 624 2116 698 2145; x_wconf 81' lang='lat' dir='ltr'>m&#39;sz&#39;.</span> <span class='ocrx_word' id='word_1_311' title='bbox 742 2115 875 2147; x_wconf 63' lang='lat' dir='ltr'>M‘anut.</span> <span class='ocrx_word' id='word_1_312' title='bbox 919 2115 1010 2146; x_wconf 85' lang='lat' dir='ltr'>ditur</span> <span class='ocrx_word' id='word_1_313' title='bbox 1021 2115 1152 2156; x_wconf 82' lang='lat' dir='ltr'>prope?</span> <span class='ocrx_word' id='word_1_314' title='bbox 1174 2123 1302 2150; x_wconf 88' lang='lat' dir='ltr'>vereor,</span> <span class='ocrx_word' id='word_1_315' title='bbox 1320 2123 1361 2143; x_wconf 89' lang='lat' dir='ltr'>ne</span> <span class='ocrx_word' id='word_1_316' title='bbox 1376 2118 1488 2143; x_wconf 87' lang='lat' dir='ltr'>totum</span> <span class='ocrx_word' id='word_1_317' title='bbox 1504 2113 1567 2144; x_wconf 90' lang='lat' dir='ltr'>hoc</span> <span class='ocrx_word' id='word_1_318' title='bbox 1582 2114 1626 2144; x_wconf 80' lang='lat' dir='ltr'>sit</span> 
     </span>
    </p>
   </div>
   <div class='ocr_carea' id='block_1_4' title="bbox 167 2157 879 2915">
    <p class='ocr_par' dir='ltr' id='par_1_4' title="bbox 171 2157 876 2326">
     <span class='ocr_line' id='line_1_36' title="bbox 171 2157 874 2198; baseline 0.003 -12"><span class='ocrx_word' id='word_1_319' title='bbox 171 2161 207 2186; x_wconf 85' lang='lat' dir='ltr'>et</span> <span class='ocrx_word' id='word_1_320' title='bbox 224 2157 343 2188; x_wconf 90' lang='lat' dir='ltr'>Lamb.</span> <span class='ocrx_word' id='word_1_321' title='bbox 358 2158 445 2198; x_wconf 84' lang='lat' dir='ltr'>quod</span> <span class='ocrx_word' id='word_1_322' title='bbox 465 2159 587 2189; x_wconf 70' lang='lat' dir='ltr'>minus.</span> <span class='ocrx_word' id='word_1_323' title='bbox 605 2158 660 2188; x_wconf 90' lang='lat' dir='ltr'>sed</span> <span class='ocrx_word' id='word_1_324' title='bbox 674 2168 692 2188; x_wconf 86' lang='lat' dir='ltr'>e</span> <span class='ocrx_word' id='word_1_325' title='bbox 707 2159 874 2197; x_wconf 78' lang='lat' dir='ltr'>conjectu-</span> 
     </span>
     <span class='ocr_line' id='line_1_37' title="bbox 172 2199 876 2241; baseline 0.003 -12"><span class='ocrx_word' id='word_1_326' title='bbox 172 2208 220 2229; x_wconf 84' lang='lat' dir='ltr'>ra.</span> <span class='ocrx_word' id='word_1_327' title='bbox 267 2199 338 2239; x_wconf 81' lang='lat' dir='ltr'>Ego</span> <span class='ocrx_word' id='word_1_328' title='bbox 362 2206 477 2241; x_wconf 86' lang='lat' dir='ltr'>putem</span> <span class='ocrx_word' id='word_1_329' title='bbox 493 2200 543 2231; x_wconf 83' lang='lat' dir='ltr'>vel</span> <span class='ocrx_word' id='word_1_330' title='bbox 562 2202 642 2241; x_wconf 79' lang='lat' dir='ltr'>quin</span> <span class='ocrx_word' id='word_1_331' title='bbox 656 2202 683 2231; x_wconf 81' lang='lat' dir='ltr'>si</span> <span class='ocrx_word' id='word_1_332' title='bbox 698 2211 715 2230; x_wconf 87' lang='lat' dir='ltr'>e</span> <span class='ocrx_word' id='word_1_333' title='bbox 731 2201 876 2241; x_wconf 79' lang='lat' dir='ltr'>vestigiis</span> 
     </span>
     <span class='ocr_line' id='line_1_38' title="bbox 171 2240 875 2284; baseline 0.004 -13"><span class='ocrx_word' id='word_1_334' title='bbox 171 2240 224 2272; x_wconf 82' lang='lat' dir='ltr'>etl.</span> <span class='ocrx_word' id='word_1_335' title='bbox 239 2241 334 2274; x_wconf 76' lang='lat' dir='ltr'>JetiS.</span> <span class='ocrx_word' id='word_1_336' title='bbox 355 2247 414 2274; x_wconf 87' lang='lat' dir='ltr'>aut</span> <span class='ocrx_word' id='word_1_337' title='bbox 437 2253 498 2283; x_wconf 81' lang='lat' dir='ltr'>quo</span> <span class='ocrx_word' id='word_1_338' title='bbox 519 2253 560 2273; x_wconf 73' lang='lat' dir='ltr'>ne</span> <span class='ocrx_word' id='word_1_339' title='bbox 583 2254 642 2284; x_wconf 86' lang='lat' dir='ltr'>pro</span> <span class='ocrx_word' id='word_1_340' title='bbox 665 2253 729 2283; x_wconf 86' lang='lat' dir='ltr'>quo</span> <span class='ocrx_word' id='word_1_341' title='bbox 753 2245 875 2282; x_wconf 88' lang='lat' dir='ltr'>minus,</span> 
     </span>
     <span class='ocr_line' id='line_1_39' title="bbox 171 2284 626 2326; baseline 0.007 -12"><span class='ocrx_word' id='word_1_342' title='bbox 171 2284 261 2315; x_wconf 85' lang='lat' dir='ltr'>unde</span> <span class='ocrx_word' id='word_1_343' title='bbox 277 2285 404 2316; x_wconf 86' lang='lat' dir='ltr'>factum</span> <span class='ocrx_word' id='word_1_344' title='bbox 420 2287 463 2316; x_wconf 88' lang='lat' dir='ltr'>sit</span> <span class='ocrx_word' id='word_1_345' title='bbox 477 2286 561 2326; x_wconf 76' lang='lat' dir='ltr'>quod</span> <span class='ocrx_word' id='word_1_346' title='bbox 576 2297 626 2317; x_wconf 85' lang='lat' dir='ltr'>ne.</span> 
     </span>
    </p>

    <p class='ocr_par' dir='ltr' id='par_1_5' title="bbox 167 2329 879 2541">
     <span class='ocr_line' id='line_1_40' title="bbox 214 2329 878 2370; baseline 0.003 -12"><span class='ocrx_word' id='word_1_347' title='bbox 214 2329 255 2358; x_wconf 70' lang='lat'>22</span> <span class='ocrx_word' id='word_1_348' title='bbox 270 2333 384 2368; x_wconf 77' lang='lat' dir='ltr'>petere</span> <span class='ocrx_word' id='word_1_349' title='bbox 399 2329 505 2370; x_wconf 77' lang='lat' dir='ltr'>posse]</span> <span class='ocrx_word' id='word_1_350' title='bbox 532 2329 583 2359; x_wconf 86' lang='lat' dir='ltr'>ed.</span> <span class='ocrx_word' id='word_1_351' title='bbox 600 2329 699 2360; x_wconf 87' lang='lat' dir='ltr'>Rom.</span> <span class='ocrx_word' id='word_1_352' title='bbox 711 2338 747 2368; x_wconf 81' lang='lat' dir='ltr'>p.</span> <span class='ocrx_word' id='word_1_353' title='bbox 758 2334 878 2369; x_wconf 78' lang='lat' dir='ltr'>posset,</span> 
     </span>
     <span class='ocr_line' id='line_1_41' title="bbox 171 2370 879 2412; baseline 0.004 -12"><span class='ocrx_word' id='word_1_354' title='bbox 171 2370 264 2401; x_wconf 83' lang='lat' dir='ltr'>JenS.</span> <span class='ocrx_word' id='word_1_355' title='bbox 276 2380 414 2410; x_wconf 73' lang='lat' dir='ltr'>possem,</span> <span class='ocrx_word' id='word_1_356' title='bbox 430 2372 517 2402; x_wconf 88' lang='lat' dir='ltr'>unde</span> <span class='ocrx_word' id='word_1_357' title='bbox 533 2372 658 2403; x_wconf 86' lang='lat' dir='ltr'>factum</span> <span class='ocrx_word' id='word_1_358' title='bbox 671 2381 772 2412; x_wconf 80' lang='lat' dir='ltr'>posse.</span> <span class='ocrx_word' id='word_1_359' title='bbox 815 2372 879 2403; x_wconf 86' lang='lat' dir='ltr'>Sed</span> 
     </span>
     <span class='ocr_line' id='line_1_42' title="bbox 171 2413 878 2454; baseline 0.003 -11"><span class='ocrx_word' id='word_1_360' title='bbox 171 2413 234 2444; x_wconf 91' lang='lat' dir='ltr'>hoc</span> <span class='ocrx_word' id='word_1_361' title='bbox 249 2415 386 2444; x_wconf 83' lang='lat' dir='ltr'>verbum</span> <span class='ocrx_word' id='word_1_362' title='bbox 403 2415 485 2445; x_wconf 82' lang='lat' dir='ltr'>mihi</span> <span class='ocrx_word' id='word_1_363' title='bbox 500 2425 519 2445; x_wconf 89' lang='lat' dir='ltr'>a</span> <span class='ocrx_word' id='word_1_364' title='bbox 534 2415 642 2454; x_wconf 81' lang='lat' dir='ltr'>glossa</span> <span class='ocrx_word' id='word_1_365' title='bbox 655 2419 773 2445; x_wconf 89' lang='lat' dir='ltr'>natum</span> <span class='ocrx_word' id='word_1_366' title='bbox 791 2414 878 2445; x_wconf 76' lang='lat' dir='ltr'>vide—</span> 
     </span>
     <span class='ocr_line' id='line_1_43' title="bbox 169 2458 877 2496; baseline 0.003 -10"><span class='ocrx_word' id='word_1_367' title='bbox 169 2460 238 2487; x_wconf 87' lang='lat' dir='ltr'>tur.</span> <span class='ocrx_word' id='word_1_368' title='bbox 252 2466 329 2487; x_wconf 85' lang='lat' dir='ltr'>nam</span> <span class='ocrx_word' id='word_1_369' title='bbox 346 2458 378 2488; x_wconf 85' lang='lat' dir='ltr'>id</span> <span class='ocrx_word' id='word_1_370' title='bbox 393 2463 444 2488; x_wconf 86' lang='lat' dir='ltr'>est</span> <span class='ocrx_word' id='word_1_371' title='bbox 459 2459 492 2488; x_wconf 89' lang='lat' dir='ltr'>in</span> <span class='ocrx_word' id='word_1_372' title='bbox 508 2458 678 2496; x_wconf 67' lang='lat' dir='ltr'>integrum</span> <span class='ocrx_word' id='word_1_373' title='bbox 693 2460 783 2488; x_wconf 79' lang='lat' dir='ltr'>esset.</span> <span class='ocrx_word' id='word_1_374' title='bbox 799 2466 877 2488; x_wconf 88' lang='lat' dir='ltr'>nus·</span> 
     </span>
     <span class='ocr_line' id='line_1_44' title="bbox 167 2499 707 2541; baseline 0.002 -12"><span class='ocrx_word' id='word_1_375' title='bbox 167 2499 258 2541; x_wconf 87' lang='lat' dir='ltr'>piam</span> <span class='ocrx_word' id='word_1_376' title='bbox 275 2499 310 2529; x_wconf 89' lang='lat' dir='ltr'>in</span> <span class='ocrx_word' id='word_1_377' title='bbox 326 2499 388 2530; x_wconf 82' lang='lat' dir='ltr'>hac</span> <span class='ocrx_word' id='word_1_378' title='bbox 403 2500 549 2531; x_wconf 84' lang='lat' dir='ltr'>formula</span> <span class='ocrx_word' id='word_1_379' title='bbox 564 2500 707 2530; x_wconf 79' lang='lat' dir='ltr'>additur.</span> 
     </span>
    </p>

    <p class='ocr_par' dir='ltr' id='par_1_6' title="bbox 168 2543 877 2743">
     <span class='ocr_line' id='line_1_45' title="bbox 213 2543 877 2583; baseline 0.002 -11"><span class='ocrx_word' id='word_1_380' title='bbox 213 2544 254 2573; x_wconf 77' lang='lat'>23</span> <span class='ocrx_word' id='word_1_381' title='bbox 283 2543 447 2583; x_wconf 77' lang='lat' dir='ltr'>sumsisse]</span> <span class='ocrx_word' id='word_1_382' title='bbox 482 2543 556 2574; x_wconf 82' lang='lat' dir='ltr'>Hoc</span> <span class='ocrx_word' id='word_1_383' title='bbox 584 2553 604 2573; x_wconf 82' lang='lat' dir='ltr'>a</span> <span class='ocrx_word' id='word_1_384' title='bbox 630 2543 778 2574; x_wconf 72' lang='lat' dir='ltr'>Victor-io</span> <span class='ocrx_word' id='word_1_385' title='bbox 807 2552 877 2573; x_wconf 89' lang='lat' dir='ltr'>esse</span> 
     </span>
     <span class='ocr_line' id='line_1_46' title="bbox 171 2583 875 2617; baseline 0.003 -3"><span class='ocrx_word' id='word_1_386' title='bbox 171 2583 252 2615; x_wconf 74' lang='lat' dir='ltr'>dicit</span> <span class='ocrx_word' id='word_1_387' title='bbox 280 2586 449 2616; x_wconf 85' lang='lat' dir='ltr'>Graevius:</span> <span class='ocrx_word' id='word_1_388' title='bbox 484 2586 540 2617; x_wconf 84' lang='lat' dir='ltr'>sed</span> <span class='ocrx_word' id='word_1_389' title='bbox 569 2586 595 2615; x_wconf 87' lang='lat' dir='ltr'>is</span> <span class='ocrx_word' id='word_1_390' title='bbox 624 2596 663 2615; x_wconf 86' lang='lat' dir='ltr'>ex</span> <span class='ocrx_word' id='word_1_391' title='bbox 694 2585 744 2616; x_wconf 87' lang='lat' dir='ltr'>ed.</span> <span class='ocrx_word' id='word_1_392' title='bbox 777 2585 875 2616; x_wconf 87' lang='lat' dir='ltr'>Rom.</span> 
     </span>
     <span class='ocr_line' id='line_1_47' title="bbox 168 2627 875 2668; baseline 0.003 -12"><span class='ocrx_word' id='word_1_393' title='bbox 168 2627 300 2665; x_wconf 77' lang='lat' dir='ltr'>sumsit,</span> <span class='ocrx_word' id='word_1_394' title='bbox 324 2628 486 2668; x_wconf 85' lang='lat' dir='ltr'>habetque</span> <span class='ocrx_word' id='word_1_395' title='bbox 517 2633 552 2659; x_wconf 89' lang='lat' dir='ltr'>et</span> <span class='ocrx_word' id='word_1_396' title='bbox 577 2628 628 2659; x_wconf 88' lang='lat' dir='ltr'>ed.</span> <span class='ocrx_word' id='word_1_397' title='bbox 652 2628 745 2658; x_wconf 79' lang='lat' dir='ltr'>Jens.</span> <span class='ocrx_word' id='word_1_398' title='bbox 770 2638 809 2658; x_wconf 84' lang='lat' dir='ltr'>ex</span> <span class='ocrx_word' id='word_1_399' title='bbox 836 2638 875 2658; x_wconf 87' lang='lat' dir='ltr'>eo</span> 
     </span>
     <span class='ocr_line' id='line_1_48' title="bbox 171 2670 874 2711; baseline 0.004 -12"><span class='ocrx_word' id='word_1_400' title='bbox 171 2670 346 2700; x_wconf 86' lang='lat' dir='ltr'>Manutius</span> <span class='ocrx_word' id='word_1_401' title='bbox 360 2671 440 2702; x_wconf 81' lang='lat' dir='ltr'>fecit</span> <span class='ocrx_word' id='word_1_402' title='bbox 452 2681 593 2709; x_wconf 78' lang='lat' dir='ltr'>sumere,</span> <span class='ocrx_word' id='word_1_403' title='bbox 608 2671 695 2711; x_wconf 89' lang='lat' dir='ltr'>quod</span> <span class='ocrx_word' id='word_1_404' title='bbox 709 2676 744 2702; x_wconf 83' lang='lat' dir='ltr'>et</span> <span class='ocrx_word' id='word_1_405' title='bbox 756 2670 874 2702; x_wconf 80' lang='lat' dir='ltr'>Lamb.</span> 
     </span>
     <span class='ocr_line' id='line_1_49' title="bbox 171 2717 379 2743; baseline 0.005 -1"><span class='ocrx_word' id='word_1_406' title='bbox 171 2717 303 2743; x_wconf 77' lang='lat' dir='ltr'>secutus</span> <span class='ocrx_word' id='word_1_407' title='bbox 318 2718 379 2743; x_wconf 87' lang='lat' dir='ltr'>est.</span> 
     </span>
    </p>

    <p class='ocr_par' dir='ltr' id='par_1_7' title="bbox 169 2755 875 2915">
     <span class='ocr_line' id='line_1_50' title="bbox 213 2755 874 2796; baseline 0.005 -12"><span class='ocrx_word' id='word_1_408' title='bbox 213 2757 254 2784; x_wconf 78' lang='lat'>24</span> <span class='ocrx_word' id='word_1_409' title='bbox 277 2755 609 2796; x_wconf 42' lang='lat' dir='ltr'>oninium-fanorum,</span> <span class='ocrx_word' id='word_1_410' title='bbox 627 2755 792 2796; x_wconf 71' lang='lat' dir='ltr'>lucorum]</span> <span class='ocrx_word' id='word_1_411' title='bbox 809 2755 874 2788; x_wconf 80' lang='lat' dir='ltr'>Ed.</span> 
     </span>
     <span class='ocr_line' id='line_1_51' title="bbox 172 2796 874 2839; baseline 0.003 -12"><span class='ocrx_word' id='word_1_412' title='bbox 172 2796 270 2827; x_wconf 89' lang='lat' dir='ltr'>Rom.</span> <span class='ocrx_word' id='word_1_413' title='bbox 288 2799 443 2836; x_wconf 73' lang='lat' dir='ltr'>Iocorum,</span> <span class='ocrx_word' id='word_1_414' title='bbox 457 2804 496 2828; x_wconf 87' lang='lat' dir='ltr'>ut</span> <span class='ocrx_word' id='word_1_415' title='bbox 517 2799 610 2829; x_wconf 62' lang='lat' dir='ltr'>sens.</span> <span class='ocrx_word' id='word_1_416' title='bbox 627 2798 830 2839; x_wconf 53' lang='lat' dir='ltr'>&amp;sanor-um</span> <span class='ocrx_word' id='word_1_417' title='bbox 843 2803 874 2829; x_wconf 79' lang='lat' dir='ltr'>et</span> 
     </span>
     <span class='ocr_line' id='line_1_52' title="bbox 170 2840 875 2872; baseline 0.006 -4"><span class='ocrx_word' id='word_1_418' title='bbox 170 2840 314 2869; x_wconf 79' lang='lat' dir='ltr'>locorum</span> <span class='ocrx_word' id='word_1_419' title='bbox 345 2851 529 2871; x_wconf 75' lang='lat' dir='ltr'>sacrorum.</span> <span class='ocrx_word' id='word_1_420' title='bbox 573 2841 671 2872; x_wconf 82' lang='lat' dir='ltr'>Unde</span> <span class='ocrx_word' id='word_1_421' title='bbox 709 2841 875 2872; x_wconf 81' lang='lat' dir='ltr'>Corradus</span> 
     </span>
     <span class='ocr_line' id='line_1_53' title="bbox 169 2882 871 2915; baseline 0.004 -3"><span class='ocrx_word' id='word_1_422' title='bbox 169 2882 307 2914; x_wconf 54' lang='lat' dir='ltr'>corrigit</span> <span class='ocrx_word' id='word_1_423' title='bbox 336 2885 482 2914; x_wconf 71' lang='lat' dir='ltr'>omnium</span> <span class='ocrx_word' id='word_1_424' title='bbox 513 2885 656 2914; x_wconf 79' lang='lat' dir='ltr'>locorum</span> <span class='ocrx_word' id='word_1_425' title='bbox 685 2893 871 2915; x_wconf 77' lang='lat' dir='ltr'>sacrorum.</span> 
     </span>
    </p>
   </div>
   <div class='ocr_carea' id='block_1_5' title="bbox 104 2916 947 3010">
    <p class='ocr_par' dir='ltr' id='par_1_8' title="bbox 104 2916 947 3010">
     <span class='ocr_line' id='line_1_54' title="bbox 104 2916 873 2964; baseline 0.005 -12"><span class='ocrx_word' id='word_1_426' title='bbox 104 2950 106 2952; x_wconf 79' lang='grc'>,</span> <span class='ocrx_word' id='word_1_427' title='bbox 165 2916 396 2964; x_wconf 63' lang='lat' dir='ltr'>qumsplaeet.</span> <span class='ocrx_word' id='word_1_428' title='bbox 443 2925 623 2964; x_wconf 81' lang='lat' dir='ltr'>Fanorum,</span> <span class='ocrx_word' id='word_1_429' title='bbox 640 2928 789 2958; x_wconf 74' lang='lat' dir='ltr'>lucorum</span> <span class='ocrx_word' id='word_1_430' title='bbox 807 2926 873 2958; x_wconf 80' lang='lat' dir='ltr'>Bo-</span> 
     </span>
     <span class='ocr_line' id='line_1_55' title="bbox 846 2983 947 3010; baseline 0 -1"><span class='ocrx_word' id='word_1_431' title='bbox 846 2983 881 3010; x_wconf 83' lang='lat' dir='ltr'>M</span> <span class='ocrx_word' id='word_1_432' title='bbox 907 2983 947 3009; x_wconf 70' lang='grc' dir='ltr'>Η]</span> 
     </span>
    </p>
   </div>
   <div class='ocr_carea' id='block_1_6' title="bbox 231 2981 596 3010">
    <p class='ocr_par' dir='ltr' id='par_1_9' title="bbox 231 2981 596 3010">
     <span class='ocr_line' id='line_1_56' title="bbox 231 2981 596 3010; baseline 0.003 -3"><span class='ocrx_word' id='word_1_433' title='bbox 231 2981 342 3008; x_wconf 73' lang='lat' dir='ltr'>VOL.</span> <span class='ocrx_word' id='word_1_434' title='bbox 368 2982 446 3010; x_wconf 89' lang='lat'>111.</span> <span class='ocrx_word' id='word_1_435' title='bbox 474 2982 514 3010; x_wconf 80' lang='lat' dir='ltr'>P.</span> <span class='ocrx_word' id='word_1_436' title='bbox 542 2983 596 3009; x_wconf 90' lang='lat'>11.</span> 
     </span>
    </p>
   </div>
   <div class='ocr_carea' id='block_1_7' title="bbox 911 2156 1628 2965">
    <p class='ocr_par' dir='ltr' id='par_1_10' title="bbox 919 2156 1627 2317">
     <span class='ocr_line' id='line_1_57' title="bbox 919 2156 1627 2198; baseline -0.007 -10"><span class='ocrx_word' id='word_1_437' title='bbox 919 2167 939 2188; x_wconf 86' lang='lat' dir='ltr'>a</span> <span class='ocrx_word' id='word_1_438' title='bbox 958 2158 1153 2198; x_wconf 85' lang='lat' dir='ltr'>glossatore,</span> <span class='ocrx_word' id='word_1_439' title='bbox 1177 2157 1381 2197; x_wconf 80' lang='lat' dir='ltr'>legationem</span> <span class='ocrx_word' id='word_1_440' title='bbox 1403 2156 1548 2186; x_wconf 87' lang='lat' dir='ltr'>votivam</span> <span class='ocrx_word' id='word_1_441' title='bbox 1572 2167 1627 2187; x_wconf 86' lang='lat' dir='ltr'>ex.</span> 
     </span>
     <span class='ocr_line' id='line_1_58' title="bbox 919 2198 1627 2240; baseline 0.001 -11"><span class='ocrx_word' id='word_1_442' title='bbox 919 2199 1042 2240; x_wconf 87' lang='lat' dir='ltr'>plicare</span> <span class='ocrx_word' id='word_1_443' title='bbox 1078 2200 1218 2231; x_wconf 84' lang='lat' dir='ltr'>volenti.</span> <span class='ocrx_word' id='word_1_444' title='bbox 1245 2209 1324 2229; x_wconf 88' lang='lat' dir='ltr'>nam</span> <span class='ocrx_word' id='word_1_445' title='bbox 1362 2199 1514 2238; x_wconf 83' lang='lat' dir='ltr'>nuspiam</span> <span class='ocrx_word' id='word_1_446' title='bbox 1558 2198 1627 2231; x_wconf 82' lang='lat' dir='ltr'>tale</span> 
     </span>
     <span class='ocr_line' id='line_1_59' title="bbox 919 2241 1625 2282; baseline -0.004 -8"><span class='ocrx_word' id='word_1_447' title='bbox 919 2243 997 2282; x_wconf 89' lang='lat' dir='ltr'>quid</span> <span class='ocrx_word' id='word_1_448' title='bbox 1018 2243 1152 2274; x_wconf 86' lang='lat' dir='ltr'>additur</span> <span class='ocrx_word' id='word_1_449' title='bbox 1174 2242 1293 2273; x_wconf 84' lang='lat' dir='ltr'>votivae</span> <span class='ocrx_word' id='word_1_450' title='bbox 1316 2246 1375 2272; x_wconf 86' lang='lat' dir='ltr'>aut</span> <span class='ocrx_word' id='word_1_451' title='bbox 1399 2241 1512 2272; x_wconf 82' lang='lat' dir='ltr'>liberae</span> <span class='ocrx_word' id='word_1_452' title='bbox 1534 2241 1625 2282; x_wconf 85' lang='lat' dir='ltr'>lega-</span> 
     </span>
     <span class='ocr_line' id='line_1_60' title="bbox 921 2286 1018 2317; baseline 0.01 -1"><span class='ocrx_word' id='word_1_453' title='bbox 921 2286 1018 2317; x_wconf 86' lang='lat' dir='ltr'>tioni.</span> 
     </span>
    </p>

    <p class='ocr_par' dir='ltr' id='par_1_11' title="bbox 921 2326 1625 2411">
     <span class='ocr_line' id='line_1_61' title="bbox 964 2326 1625 2369; baseline -0.005 -9"><span class='ocrx_word' id='word_1_454' title='bbox 964 2332 1004 2360; x_wconf 71' lang='lat'>525</span> <span class='ocrx_word' id='word_1_455' title='bbox 1027 2328 1181 2369; x_wconf 74' lang='lat' dir='ltr'>exeundi]</span> <span class='ocrx_word' id='word_1_456' title='bbox 1207 2337 1254 2359; x_wconf 88' lang='lat' dir='ltr'>se.</span> <span class='ocrx_word' id='word_1_457' title='bbox 1269 2337 1328 2369; x_wconf 88' lang='lat' dir='ltr'>per</span> <span class='ocrx_word' id='word_1_458' title='bbox 1349 2326 1554 2367; x_wconf 83' lang='lat' dir='ltr'>legationem</span> <span class='ocrx_word' id='word_1_459' title='bbox 1570 2336 1625 2357; x_wconf 92' lang='lat' dir='ltr'>vo—</span> 
     </span>
     <span class='ocr_line' id='line_1_62' title="bbox 921 2370 1269 2411; baseline 0 -9"><span class='ocrx_word' id='word_1_460' title='bbox 921 2371 1039 2408; x_wconf 88' lang='lat' dir='ltr'>tivam,</span> <span class='ocrx_word' id='word_1_461' title='bbox 1055 2382 1120 2411; x_wconf 93' lang='lat' dir='ltr'>quo</span> <span class='ocrx_word' id='word_1_462' title='bbox 1136 2370 1269 2402; x_wconf 85' lang='lat' dir='ltr'>vellem.</span> 
     </span>
    </p>

    <p class='ocr_par' dir='ltr' id='par_1_12' title="bbox 920 2413 1626 2573">
     <span class='ocr_line' id='line_1_63' title="bbox 964 2413 1622 2454; baseline -0.005 -8"><span class='ocrx_word' id='word_1_463' title='bbox 964 2415 1006 2446; x_wconf 69' lang='lat'>26</span> <span class='ocrx_word' id='word_1_464' title='bbox 1028 2425 1088 2445; x_wconf 81' lang='lat' dir='ltr'>nec</span> <span class='ocrx_word' id='word_1_465' title='bbox 1110 2414 1296 2454; x_wconf 76' lang='lat' dir='ltr'>relinquere</span> <span class='ocrx_word' id='word_1_466' title='bbox 1320 2421 1465 2452; x_wconf 76' lang='lat' dir='ltr'>possum,</span> <span class='ocrx_word' id='word_1_467' title='bbox 1494 2421 1554 2442; x_wconf 85' lang='lat' dir='ltr'>nec</span> <span class='ocrx_word' id='word_1_468' title='bbox 1576 2413 1622 2443; x_wconf 78' lang='lat' dir='ltr'>vi-</span> 
     </span>
     <span class='ocr_line' id='line_1_64' title="bbox 920 2456 1624 2497; baseline -0.004 -9"><span class='ocrx_word' id='word_1_469' title='bbox 920 2457 1009 2497; x_wconf 82' lang='lat' dir='ltr'>dere]</span> <span class='ocrx_word' id='word_1_470' title='bbox 1025 2457 1105 2488; x_wconf 90' lang='lat' dir='ltr'>Non</span> <span class='ocrx_word' id='word_1_471' title='bbox 1118 2456 1316 2496; x_wconf 81' lang='lat' dir='ltr'>relinquere,</span> <span class='ocrx_word' id='word_1_472' title='bbox 1330 2460 1465 2496; x_wconf 73' lang='lat' dir='ltr'>propter</span> <span class='ocrx_word' id='word_1_473' title='bbox 1478 2465 1624 2485; x_wconf 86' lang='lat' dir='ltr'>amorem</span> 
     </span>
     <span class='ocr_line' id='line_1_65' title="bbox 920 2497 1626 2540; baseline -0.003 -10"><span class='ocrx_word' id='word_1_474' title='bbox 920 2500 1015 2530; x_wconf 86' lang='lat' dir='ltr'>istius</span> <span class='ocrx_word' id='word_1_475' title='bbox 1029 2500 1131 2538; x_wconf 86' lang='lat' dir='ltr'>villae,</span> <span class='ocrx_word' id='word_1_476' title='bbox 1154 2509 1215 2530; x_wconf 90' lang='lat' dir='ltr'>nec</span> <span class='ocrx_word' id='word_1_477' title='bbox 1231 2497 1352 2537; x_wconf 75' lang='lat' dir='ltr'>videre,</span> <span class='ocrx_word' id='word_1_478' title='bbox 1376 2502 1512 2540; x_wconf 87' lang='lat' dir='ltr'>propter</span> <span class='ocrx_word' id='word_1_479' title='bbox 1534 2498 1626 2529; x_wconf 87' lang='lat' dir='ltr'>dolo—</span> 
     </span>
     <span class='ocr_line' id='line_1_66' title="bbox 920 2551 1148 2573; baseline -0.004 0"><span class='ocrx_word' id='word_1_480' title='bbox 920 2551 990 2573; x_wconf 87' lang='lat' dir='ltr'>rem</span> <span class='ocrx_word' id='word_1_481' title='bbox 1005 2553 1024 2573; x_wconf 75' lang='grc' dir='ltr'>ε</span> <span class='ocrx_word' id='word_1_482' title='bbox 1040 2552 1148 2573; x_wconf 88' lang='lat' dir='ltr'>ruma.</span> 
     </span>
    </p>

    <p class='ocr_par' dir='ltr' id='par_1_13' title="bbox 911 2582 1628 2965">
     <span class='ocr_line' id='line_1_67' title="bbox 963 2582 1622 2625; baseline -0.008 -8"><span class='ocrx_word' id='word_1_483' title='bbox 963 2587 1004 2620; x_wconf 77' lang='lat'>27</span> <span class='ocrx_word' id='word_1_484' title='bbox 1022 2588 1211 2625; x_wconf 75' lang='lat' dir='ltr'>p‘raesentes,</span> <span class='ocrx_word' id='word_1_485' title='bbox 1228 2593 1369 2624; x_wconf 79' lang='lat' dir='ltr'>quorum</span> <span class='ocrx_word' id='word_1_486' title='bbox 1390 2582 1446 2623; x_wconf 53' lang='grc' dir='ltr'>ει]</span> <span class='ocrx_word' id='word_1_487' title='bbox 1473 2582 1525 2613; x_wconf 88' lang='lat' dir='ltr'>Sic</span> <span class='ocrx_word' id='word_1_488' title='bbox 1547 2582 1622 2613; x_wconf 69' lang='lat' dir='ltr'>libri</span> 
     </span>
     <span class='ocr_line' id='line_1_68' title="bbox 919 2626 1625 2667; baseline -0.006 -9"><span class='ocrx_word' id='word_1_489' title='bbox 919 2637 972 2658; x_wconf 85' lang='lat' dir='ltr'>om</span> <span class='ocrx_word' id='word_1_490' title='bbox 978 2637 1045 2658; x_wconf 82' lang='lat' dir='ltr'>nes.</span> <span class='ocrx_word' id='word_1_491' title='bbox 1069 2628 1209 2667; x_wconf 81' lang='lat' dir='ltr'>Malasp.</span> <span class='ocrx_word' id='word_1_492' title='bbox 1221 2637 1304 2657; x_wconf 88' lang='lat' dir='ltr'>corr.</span> <span class='ocrx_word' id='word_1_493' title='bbox 1308 2635 1526 2667; x_wconf 77' lang='lat' dir='ltr'>proesensque,</span> <span class='ocrx_word' id='word_1_494' title='bbox 1537 2626 1625 2665; x_wconf 79' lang='lat' dir='ltr'>quod</span> 
     </span>
     <span class='ocr_line' id='line_1_69' title="bbox 919 2668 1623 2710; baseline -0.006 -9"><span class='ocrx_word' id='word_1_495' title='bbox 919 2680 980 2701; x_wconf 86' lang='lat' dir='ltr'>nec</span> <span class='ocrx_word' id='word_1_496' title='bbox 1003 2671 1133 2701; x_wconf 86' lang='lat' dir='ltr'>Graevio</span> <span class='ocrx_word' id='word_1_497' title='bbox 1155 2670 1318 2710; x_wconf 83' lang='lat' dir='ltr'>displicet.</span> <span class='ocrx_word' id='word_1_498' title='bbox 1364 2669 1428 2700; x_wconf 88' lang='lat' dir='ltr'>Sed</span> <span class='ocrx_word' id='word_1_499' title='bbox 1453 2668 1562 2698; x_wconf 79' lang='lat' dir='ltr'>obstat</span> <span class='ocrx_word' id='word_1_500' title='bbox 1589 2668 1623 2697; x_wconf 72' lang='grc' dir='ltr'>τὶ</span> 
     </span>
     <span class='ocr_line' id='line_1_70' title="bbox 918 2709 1624 2754; baseline -0.007 -10"><span class='ocrx_word' id='word_1_501' title='bbox 918 2723 1071 2754; x_wconf 81' lang='lat' dir='ltr'>quorum.</span> <span class='ocrx_word' id='word_1_502' title='bbox 1116 2713 1150 2744; x_wconf 86' lang='lat' dir='ltr'>Si</span> <span class='ocrx_word' id='word_1_503' title='bbox 1176 2712 1276 2743; x_wconf 83' lang='lat' dir='ltr'>lectio</span> <span class='ocrx_word' id='word_1_504' title='bbox 1301 2721 1383 2743; x_wconf 85' lang='lat' dir='ltr'>sana</span> <span class='ocrx_word' id='word_1_505' title='bbox 1409 2716 1471 2748; x_wconf 88' lang='lat' dir='ltr'>est,</span> <span class='ocrx_word' id='word_1_506' title='bbox 1497 2709 1624 2741; x_wconf 84' lang='lat' dir='ltr'>intelli-</span> 
     </span>
     <span class='ocr_line' id='line_1_71' title="bbox 919 2753 1622 2795; baseline -0.006 -8"><span class='ocrx_word' id='word_1_507' title='bbox 919 2756 1064 2795; x_wconf 79' lang='lat' dir='ltr'>gendum</span> <span class='ocrx_word' id='word_1_508' title='bbox 1079 2765 1218 2792; x_wconf 75' lang='lat' dir='ltr'>sensere,</span> <span class='ocrx_word' id='word_1_509' title='bbox 1233 2765 1251 2785; x_wconf 91' lang='lat' dir='ltr'>e</span> <span class='ocrx_word' id='word_1_510' title='bbox 1266 2755 1404 2785; x_wconf 70' lang='lat' dir='ltr'>sensisti.</span> <span class='ocrx_word' id='word_1_511' title='bbox 1448 2753 1551 2784; x_wconf 84' lang='lat' dir='ltr'>Recte</span> <span class='ocrx_word' id='word_1_512' title='bbox 1566 2754 1622 2791; x_wconf 84' lang='lat' dir='ltr'>ju-</span> 
     </span>
     <span class='ocr_line' id='line_1_72' title="bbox 917 2795 1623 2835; baseline -0.007 -6"><span class='ocrx_word' id='word_1_513' title='bbox 917 2798 1063 2829; x_wconf 86' lang='lat' dir='ltr'>dicatum</span> <span class='ocrx_word' id='word_1_514' title='bbox 1080 2803 1131 2830; x_wconf 88' lang='lat' dir='ltr'>est</span> <span class='ocrx_word' id='word_1_515' title='bbox 1144 2799 1256 2829; x_wconf 86' lang='lat' dir='ltr'>locum</span> <span class='ocrx_word' id='word_1_516' title='bbox 1271 2807 1341 2828; x_wconf 83' lang='lat' dir='ltr'>esse</span> <span class='ocrx_word' id='word_1_517' title='bbox 1357 2796 1526 2826; x_wconf 85' lang='lat' dir='ltr'>vitiosum.</span> <span class='ocrx_word' id='word_1_518' title='bbox 1550 2795 1623 2835; x_wconf 85' lang='lat' dir='ltr'>Ego</span> 
     </span>
     <span class='ocr_line' id='line_1_73' title="bbox 911 2836 1625 2882; baseline -0.007 -10"><span class='ocrx_word' id='word_1_519' title='bbox 911 2845 1089 2881; x_wconf 61' lang='lat' dir='ltr'>praesentes</span> <span class='ocrx_word' id='word_1_520' title='bbox 1113 2841 1256 2882; x_wconf 84' lang='lat' dir='ltr'>glossam</span> <span class='ocrx_word' id='word_1_521' title='bbox 1281 2849 1350 2870; x_wconf 80' lang='lat' dir='ltr'>esse</span> <span class='ocrx_word' id='word_1_522' title='bbox 1376 2843 1470 2879; x_wconf 85' lang='lat' dir='ltr'>puto.</span> <span class='ocrx_word' id='word_1_523' title='bbox 1515 2836 1625 2868; x_wconf 79' lang='lat' dir='ltr'>Locus</span> 
     </span>
     <span class='ocr_line' id='line_1_74' title="bbox 915 2880 1626 2915; baseline -0.007 -1"><span class='ocrx_word' id='word_1_524' title='bbox 915 2885 961 2914; x_wconf 84' lang='lat' dir='ltr'>sie</span> <span class='ocrx_word' id='word_1_525' title='bbox 977 2889 1026 2914; x_wconf 87' lang='lat' dir='ltr'>est</span> <span class='ocrx_word' id='word_1_526' title='bbox 1042 2882 1314 2915; x_wconf 82' lang='lat' dir='ltr'>constituendus:</span> <span class='ocrx_word' id='word_1_527' title='bbox 1339 2881 1521 2912; x_wconf 80' lang='lat' dir='ltr'>amicorum</span> <span class='ocrx_word' id='word_1_528' title='bbox 1539 2880 1626 2911; x_wconf 79' lang='lat' dir='ltr'>beni-</span> 
     </span>
     <span class='ocr_line' id='line_1_75' title="bbox 913 2923 1628 2965; baseline -0.006 -8"><span class='ocrx_word' id='word_1_529' title='bbox 913 2927 1031 2965; x_wconf 72' lang='lat' dir='ltr'>gnitas</span> <span class='ocrx_word' id='word_1_530' title='bbox 1058 2928 1222 2960; x_wconf 66' lang='lat' dir='ltr'>exhausta</span> <span class='ocrx_word' id='word_1_531' title='bbox 1249 2923 1493 2964; x_wconf 52' lang='lat' dir='ltr'>vest-dedecus,</span> <span class='ocrx_word' id='word_1_532' title='bbox 1528 2923 1628 2965; x_wconf 63' lang='lat' dir='ltr'>(quoi</span> 
     </span>
    </p>
   </div>
  </div>
 </body>
</html>
