1940 3231
735 134 941 174 LIBER
983 136 1072 176 XV.
1560 143 1634 178 841

254 237 405 282 Habes
436 239 573 282 Hirtii
606 239 858 298 epistolam:
895 240 964 281 cui
997 240 1211 297 rescripsi,
1243 240 1303 283 nil
1333 240 1427 282 illos
1459 243 1685 292 calidiusb,

185 298 404 354 rogitare,
427 299 556 354 idque
587 295 855 340 confirmavi.
886 297 971 339 hoc
992 299 1290 354 qualecunque
1318 308 1444 350 esset,
1469 309 1510 341 te
1533 304 1641 344 scire

195 356 328 397 volui.
390 356 633 412 Obsignata
658 355 752 411 jam
784 355 982 410 epistola,
1016 356 1178 398 Balbus
1210 357 1263 398 ad
1295 371 1378 407 me,
1449 358 1641 400 erviliam

192 414 384 465 rediisse,
415 415 670 456 confirmare
702 426 788 452 non
821 412 1100 457 discessuros,
1143 429 1258 456 nunc
1301 424 1509 471 exspecto
1542 431 1567 457 a
1600 426 1643 458 te

192 469 372 512 litteras,

633 527 870 570 CICERO
899 527 1131 571 ATTICO
1163 529 1209 571 S.
1657 532 1681 573 7

195 581 418 637 GRATU
429 593 495 647 Μ,
517 596 631 652 quod
653 597 757 639 mihi
783 597 1013 654 epistolas:
1045 613 1143 653 quae
1166 598 1340 663 quidem
1364 612 1433 638 me
1456 597 1644 639 delecta-

193 662 310 704 runt,
336 653 385 693 in
411 653 560 709 primis
584 656 624 685 52
637 654 761 696 Sexti
794 656 945 697 nostri.
977 656 1110 708 dices,
1132 671 1234 712 qula
1257 667 1298 697 te
1330 656 1503 698 laudat?
1534 666 1643 712 puto

185 711 438 752 mehercule
470 711 511 753 id
544 727 715 768 quoque
746 728 837 754 esse
868 728 1038 755 causae:
1084 716 1156 755 sed
1191 725 1333 755 tamen
1364 715 1495 754 etiam
1528 724 1643 767 ante,

191 782 321 822 quam
346 768 397 809 ad
424 784 522 810 eum
547 770 688 811 locum
715 771 826 823 veni,
852 771 973 812 valde
995 771 1102 812 mihi
1128 771 1339 828 placebat,
1362 786 1461 812 cum
1495 786 1643 813 sensus

191 824 285 880 ejus
308 825 361 866 de
386 827 621 883 republica,
648 839 737 868 tum
763 829 975 870 scribendi
1001 844 1118 870 cura.
1180 832 1218 860 53
1235 829 1408 870 Servius
1434 843 1533 871 vero
1567 845 1643 885 pa-

191 882 389 925 cificator
422 900 521 926 cum
555 885 772 927 librariolo
805 901 882 927 suo
915 885 1085 927 videtur
1107 887 1266 928 obiisse
1297 886 1577 943 legationem,
1599 896 1644 929 et

193 955 344 982 omnes
387 943 686 999 captiunculas
731 945 1049 1000 pertimescere.
1102 945 1310 986 debuerat
1353 953 1513 996 autem,
1556 960 1645 986 non

191 1011 247 1039 ex
272 998 374 1055 jure
407 1015 533 1042 manu
562 1011 842 1054 consertum3
891 1002 964 1043 sed
997 1017 1093 1057 quae
1127 1012 1378 1059 sequuntur.
1438 1001 1505 1044 Tu
1537 1017 1646 1058 quo-

194 1070 280 1112 que
302 1057 478 1099 scribes.

628 1131 864 1174 cicERo
898 1131 1127 1174 ATTico
1160 1133 1205 1174 s,
1659 1155 1685 1192 3

194 1185 360 1241 POST
380 1209 500 1241 tuum
521 1199 754 1242 discessum
780 1202 903 1242 binas
926 1217 949 1242 a
974 1201 1141 1253 Balbo;
1172 1200 1282 1243 nihil
1304 1202 1432 1244 novi:
1456 1202 1648 1259 itemque

194 1258 250 1298 ab
274 1257 450 1309 Hirti03
481 1259 553 1313 qui
579 1273 622 1299 se
645 1259 796 1300 scribit
827 1259 1103 1300 vehementer
1126 1263 1166 1291 54
1179 1260 1391 1301 offensum
1416 1275 1507 1302 esse
1531 1273 1648 1302 vete-

195 1317 325 1357 ranis,
356 1327 582 1372 exspectat
605 1318 789 1367 animus,
808 1318 1014 1373 quidnam
1038 1332 1165 1374 agam
1188 1320 1226 1348 55
1242 1318 1294 1359 de
1314 1318 1500 1360 Kalend.
1525 1318 1648 1360 Mar-

194 1372 283 1413 tiis.
315 1373 412 1414 mis¹
439 1373 572 1430 igitur
592 1374 814 1425 Tironem,
831 1386 874 1416 et
897 1389 996 1416 cum
1019 1374 1179 1416 Tirone
1203 1375 1358 1431 plures,
1377 1377 1535 1431 quibus
1560 1377 1647 1418 sin-

195 1430 323 1486 gulis,
361 1440 409 1472 ut
442 1431 632 1487 quidque
665 1433 908 1484 accidisset,
945 1433 1066 1474 dares
1105 1434 1293 1475 litteras:
1343 1444 1474 1489 atque
1512 1435 1646 1476 etiam

196 1489 348 1544 scripsi
382 1489 435 1529 ad
458 1489 701 1531 Antonium
724 1491 764 1521 56
781 1491 834 1532 de
865 1491 1106 1547 legatione:
1141 1505 1209 1542 ne,
1235 1493 1268 1531 si
1292 1491 1345 1531 ad
1373 1491 1645 1534 Dolabellam

195 1545 332 1587 solum
374 1547 655 1602 scripsissem,
694 1548 925 1589 iracundus
958 1548 1090 1590 homo
1122 1559 1484 1591 commoveretur.
1528 1550 1645 1606 quod

195 1613 343 1644 autem·
369 1603 510 1645 aditus
535 1605 588 1646 ad
612 1619 710 1646 eum
733 1606 952 1647 difficilior
974 1621 1065 1647 esse
1087 1606 1272 1659 ‹licitur-3
1305 1607 1455 1663 scripsi
1479 1608 1531 1648 ad
1557 1607 1646 1649 Eu·

196 1661 424 1717 trapelum,
459 1672 505 1703 ut
537 1663 572 1703 is
608 1663 646 1704 ei
681 1678 797 1705 meas
830 1664 994 1705 litteras
1032 1664 1243 1714 redderet,
1276 1664 1494 1720 legatione
1537 1666 1645 1706 mihi

192 1733 302 1775 opus
323 1733 430 1760 esse.
454 1719 675 1761 honestior
697 1732 762 1762 est
787 1723 956 1763 votiva:
988 1722 1061 1763 sed
1082 1721 1184 1763 licet
1208 1722 1268 1763 uti
1293 1734 1488 1777 utraque.
1521 1725 1560 1757 57
1577 1723 1647 1764 De

194 1787 252 1827 te,
275 1791 440 1832 quaeso,
464 1779 594 1819 etiam
624 1787 755 1835 atque
777 1780 907 1820 etiam
933 1780 1045 1820 vide.
1078 1780 1205 1821 velim
1242 1781 1377 1836 possis
1403 1795 1574 1823 coram:
1609 1782 1645 1823 si

194 1834 337 1875 minus
369 1836 522 1892 possis,
551 1836 703 1877 litteris
728 1836 839 1878 idem
864 1852 1192 1892 consequemur.
1255 1838 1480 1879 Graeceius
1499 1838 1551 1880 ad
1575 1853 1646 1880 me

195 1892 383 1948 scripsit,
428 1891 479 1934 C.
515 1892 715 1935 Cassium
748 1895 829 1935 sibi
877 1895 1112 1950 scripsisse,
1157 1895 1353 1936 homines
1385 1897 1646 1952 comparari,

192 1951 266 2005 qui
290 1951 444 1991 armati
468 1951 510 1992 in
532 1950 825 1993 Tusculanum
847 1954 1136 1993 mitterentur.
1169 1953 1211 1994 id
1231 1954 1404 2009 quidem
1430 1954 1537 1995 mihi
1557 1969 1646 1996 non

196 2007 422 2048 videbatur
444 2025 454 2059 3
487 2009 558 2050 sed
584 2010 825 2051 cavendum
852 2021 1009 2061 tamen,
1033 2011 1234 2066 villaeque
1266 2011 1407 2067 plures
1431 2012 1645 2054 videndae.

195 2065 268 2106 sed
292 2064 455 2121 aliquid
478 2068 695 2108 crastinus
716 2068 807 2109 dies
832 2069 884 2110 ad
910 2069 1193 2124 cogitandum
1219 2070 1345 2111 nobis
1368 2070 1421 2111 (le
1442 2085 1492 2112 ea
1517 2085 1574 2111 re.

627 2157 865 2201 CICERO
897 2157 1128 2202 ATTICO
1161 2159 1205 2201 S.
1658 2174 1688 2216 9

191 2213 436 2269 TERTIO
460 2225 610 2268 Nonas
634 2228 798 2283 vesperi
821 2244 845 2269 a
861 2228 1001 2270 Balbo
1026 2229 1205 2271 redditae
1229 2229 1335 2270 mihi
1358 2228 1530 2281 litterae,
1554 2229 1647 2272 fore

196 2284 338 2326 Nonis
370 2294 583 2335 senatum,
606 2295 654 2326 ut
686 2285 848 2327 Brutus
881 2287 924 2327 in
957 2285 1078 2337 Asia,
1110 2286 1284 2328 Cassius
1317 2288 1360 2328 in
1385 2287 1534 2329 Sicilia
1557 2288 1779 2341 fra-pm.

191 2351 389 2384 mentum
413 2343 658 2395 emendum,
677 2352 720 2384 et
739 2344 793 2385 ad
816 2344 965 2385 urbem
989 2345 1249 2386 mittendum
1271 2355 1485 2387 curarent.
1510 2362 1536 2387 o
1557 2361 1646 2389 rem
1657 2353 1690 2375 a.

194 2399 396 2443 miseram
414 2401 439 2442 !'
456 2401 644 2457 primum
678 2401 807 2443 ullam
831 2404 870 2433 58
884 2403 939 2443 ab
971 2402 1080 2455 istis,
1103 2403 1218 2455 dein,
1243 2403 1276 2444 si
1306 2403 1510 2459 aliquam,
1532 2404 1646 2447 hanc

237 2549 278 2578 52
302 2546 395 2578 Sexti
410 2546 528 2586 nostri]
555 2546 716 2580 Peducaei.
946 2549 1086 2580 nuinum
1103 2549 1253 2587 lisuniis,
1270 2552 1496 2582 consentiunt.
1509 2562 1586 2584 nam
1600 2561 1652 2582 eae

237 2591 278 2620 53
303 2589 450 2629 Servius]
469 2590 534 2629 Qui
550 2590 661 2620 studet
678 2601 791 2630 pacem
809 2601 900 2622 com·
945 2591 1022 2622 Kal.
1035 2592 1159 2623 dudum
1176 2594 1418 2633 praeterierant.
1436 2604 1486 2625 res
1508 2596 1649 2626 obscura

195 2641 332 2673 ponere,
354 2633 575 2672 proficiscitur
597 2632 688 2663 velut
710 2633 838 2673 legatus
861 2634 903 2665 ad
945 2640 1007 2665 est.
1023 2636 1079 2665 sed
1094 2635 1282 2667 deleverim.

195 2684 325 2711 omnes,
350 2681 389 2704 ut
404 2674 535 2706 dissidia
548 2675 794 2706 conditionibus
809 2687 900 2707 com»—
988 2678 1029 2708 56
1050 2679 1090 2707 de
1117 2678 1294 2719 legatione]
1326 2677 1412 2709 Mihi
1441 2677 1648 2711 decernenda

196 2722 314 2757 ponat,
339 2717 511 2757 utiturque
538 2718 572 2748 in
599 2727 637 2748 eo
667 2718 801 2749 librario
828 2729 901 2756 suo,
945 2719 1049 2750 libera
1064 2719 1116 2751 vel
1130 2722 1252 2752 votiva.

196 2760 252 2799 qui
282 2758 403 2789 scribat
426 2770 478 2796 ea,
501 2770 575 2800 quae
603 2763 787 2800 composita
809 2769 901 2793 sunt.
988 2766 1027 2796 57
1051 2762 1106 2795 De
1121 2764 1165 2803 te]
1190 2764 1244 2795 Tu
1259 2763 1337 2803 quid
1352 2764 1395 2793 sis
1409 2768 1554 2794 acturus.

195 2801 254 2832 sed
270 2811 319 2833 res
335 2811 403 2832 non
413 2802 485 2841 jam
501 2803 744 2834 conditionibus
759 2810 794 2835 et
809 2805 900 2844 jure,
989 2808 1028 2836 58
1051 2805 1188 2846 abistis]
1207 2807 1257 2837 Ab
1271 2806 1419 2837 Antonio
1434 2811 1469 2836 et
1483 2806 1650 2837 sodalibus

195 2843 254 2877 sed
269 2845 368 2875 armis
387 2844 570 2877 dirimenda
585 2850 646 2876 est.
944 2847 1017 2887 ejus
1033 2849 1198 2889 accipient
1211 2849 1408 2890 provincias,
1423 2859 1503 2888 quas
1526 2849 1650 2881 dudum

240 2889 282 2917 54
303 2885 466 2927 offensum
479 2898 543 2919 esse
553 2888 734 2929 veteranis]
761 2900 790 2920 v.
804 2900 857 2931 ep.
871 2892 905 2922 5.
947 2900 967 2920 a
983 2890 1112 2922 Caesare
1126 2891 1251 2923 habent
1262 2903 1272 2922 z
1296 2897 1331 2922 et
1351 2901 1424 2922 eam
1441 2900 1508 2922 non
1525 2896 1565 2922 ut
1581 2902 1651 2924 rna-

239 2931 279 2964 55
302 2930 341 2962 de
364 2928 445 2967 Kal.
462 2929 613 2973 Martiis]
659 2931 739 2963 Non
760 2941 828 2965 esse
849 2942 905 2973 ge·
948 2933 1120 2973 gistrum,
1138 2933 1194 2966 sed
1208 2939 1247 2967 ut
1262 2933 1376 2975 legati.
1398 2933 1563 2967 Lambino
1580 2934 1651 2977 pla-
