1940 3231
359 135 435 182 ‘576
772 135 953 175 EPIST.
980 135 1059 174 AD
1085 134 1371 180 ATTICUM‚

354 239 591 297 acceperim
609 240 786 282 litteras.
805 254 903 281 nam
922 254 1026 295 quas
1047 238 1272 290 Hermoni,
1292 238 1554 280 centurionis
1571 240 1779 296 Camulae,

353 299 390 329 5¹
408 299 537 354 [ipse]
570 298 718 340 scribis
743 308 784 338 te
805 297 984 348 dedisse,
1007 311 1093 338 non
1115 296 1278 352 accepi.
1341 296 1462 337 Lenii
1483 298 1623 352 pueris
1643 307 1684 340 te
1705 302 1777 343 de-

353 354 479 406 disse,
502 370 615 411 saepe
634 356 684 396 ad
707 369 773 395 me
795 355 1037 409 scripseras.
1059 367 1128 394 eas
1153 353 1376 394 Laodiceae
1396 353 1594 409 denique,
1610 370 1709 397 cum
1727 363 1777 399 eo

354 412 578 462 venissem,
612 426 671 453 111
706 411 770 451 Id.
804 411 927 451 Febr.
954 409 1109 450 Lenius
1132 410 1237 450 mihi
1261 410 1458 461 reddidit,
1481 410 1599 452 datas
1622 427 1660 454 a.
1679 413 1721 454 d.
1744 426 1776 455 x

354 467 452 510 Kal.
477 469 703 510 Octobres.
757 467 891 508 Lenio
914 476 1007 506 tuas
1029 466 1422 508 commendationes
1444 477 1487 508 et
1519 469 1664 509 statim
1689 484 1780 511 ver·

350 525 417 566 bis
440 535 483 565 et
502 525 663 581 reliquo
686 533 878 579 tempore
899 537 942 563 re
966 523 1173 578 probabo.
1196 522 1262 564 hae
1285 523 1438 565 litterae
1462 533 1604 566 cetera
1635 528 1779 568 vetera

349 581 583 631 habebant,
607 596 737 622 unum
769 581 853 621 hoc
883 594 1058 627 novum,
1092 579 1145 620 de
1168 579 1386 635 Cibyratis
1408 582 1641 638 pantheris,
1667 584 1779 625 mul-

303 677 309 682 .
348 647 442 680 tum
475 648 517 679 te
546 653 659 690 amo,
691 637 807 693 quod
835 636 1093 693 respondisti
1125 635 1192 677 M.
1216 636 1416 689 Octavio,
1439 648 1480 680 te
1501 653 1586 680 non
1612 650 1776 696 putare.

350 696 423 736 sed
445 695 624 750 posthac
647 695 805 745 omnia,
827 709 924 750 quae
953 702 1068 734 certa
1088 708 1172 734 non
1199 702 1337 745 erunt,
1363 708 1440 750 pro
1462 706 1580 737 certo
1602 705 1778 753 negato.

347 763 427 793 nos
450 753 560 792 enim
584 760 628 793 et
649 760 794 793 nostra
816 760 968 807 sponte
989 751 1095 791 bene
1116 750 1242 800 firmi,
1264 759 1305 790 et
1328 751 1570 794 mehercule
1587 755 1775 795 auctori-

348 817 438 850 tate
461 818 534 850 tua
557 809 810 850 inflammati
834 809 1014 849 vicimus
1031 820 1178 848 omnes
1195 807 1298 860 (hoc
1320 816 1366 848 tu
1386 808 1446 849 ita
1464 811 1664 865 reperies)
1677 825 1777 852 cum

348 866 623 916 abstinentia,
646 876 737 907 tum
753 865 941 919 justitia,
962 863 1183 914 facilitate,
1204 863 1445 906 clementia.
1506 866 1624 908 Cave
1651 871 1775 924 putes

347 924 578 978 quicquam
601 923 795 963 homines
818 923 954 977 magis
982 934 1186 975 umquam
1207 935 1297 961 esse
1319 921 1509 973 miratos,
1531 938 1658 978 quam
1681 924 1774 966 nul-

346 978 436 1021 lum
473 981 728 1030 teruncium,
748 979 1072 1030 nie-obtinente
1103 977 1383 1033 provinciam,
1416 987 1580 1020 sumtus
1611 980 1773 1023 factum

346 1051 451 1087 esse,
475 1052 552 1078 nec
576 1038 617 1078 in
643 1035 965 1092 rempublicam,
987 1049 1066 1076 nec
1088 1034 1130 1074 in
1153 1048 1411 1089 quemquam
1434 1050 1640 1087 meorum,
1663 1053 1772 1093 prae-

345 1103 541 1149 terquam
578 1095 619 1135 in
652 1094 701 1135 L.
743 1093 931 1134 Tullium
966 1091 1171 1148 legatum.
1209 1092 1260 1142 is,
1294 1089 1513 1147 ceteroqui
1537 1095 1771 1146 abstinens,

346 1153 387 1182 52
401 1151 473 1192 sed
502 1151 619 1193 ,Iulia
650 1151 758 1207 lege,
782 1150 1025 1200 transitans,
1058 1147 1188 1189 semel
1220 1158 1362 1189 tamen
1384 1149 1427 1189 in
1450 1149 1578 1202 diem,
1600 1166 1702 1202 non,
1724 1162 1774 1194 ut

344 1207 416 1248 alii
439 1208 646 1259 solebant,
668 1207 868 1249 omnibus
890 1206 1010 1256 vicis,
1032 1208 1071 1236 53
1086 1207 1260 1261 [praeter
1281 1221 1378 1247 eum
1401 1207 1544 1258 semel,
1563 1222 1688 1249 nemo
1701 1224 1772 1251 ac-

343 1264 479 1320 cepit]
511 1265 616 1306 facit
648 1274 696 1305 ut
727 1264 834 1305 mihi
865 1263 1145 1319 excipiendus
1173 1263 1241 1313 sit,
1266 1278 1364 1305 cum
1387 1265 1626 1306 teruncium
1658 1280 1774 1322 nego

344 1332 509 1363 sumtus
542 1322 720 1363 factum.
754 1330 911 1377 praeter
943 1334 1042 1360 eum
1075 1320 1242 1376 accepit
1264 1334 1403 1361 nemo.
1425 1321 1501 1362 has
1524 1324 1601 1363 54a
1623 1333 1771 1364 nostro

343 1379 402 1425 Q.
423 1378 587 1420 Titinio
609 1379 752 1420 sordes
774 1377 1031 1434 accepimus.
1075 1376 1186 1432 EgO,
1205 1378 1365 1418 aestivis
1384 1377 1608 1430 confectis,
1631 1380 1772 1427 Quin-

342 1444 436 1476 tum
478 1435 652 1477 fratrem
693 1435 883 1476 hibernis
921 1442 965 1475 et
1006 1432 1172 1475 Ciliciae
1202 1433 1401 1489 praefeci:
1439 1435 1497 1481 Q.
1529 1435 1769 1488 Volusium,

325 1495 383 1523 ,55
398 1493 458 1533 tui
481 1492 642 1534 Tiberii
665 1507 885 1549 generum,
907 1499 1071 1532 certum
1091 1490 1325 1543 hominem,
1348 1491 1418 1532 sed
1442 1492 1622 1535 mirifice
1639 1495 1769 1536 etiam

321 1549 645 1600 'abstinentem,
677 1550 774 1590 misi
807 1550 851 1590 in
886 1548 1096 1612 Cyprum,
1124 1556 1173 1588 ut
1203 1547 1264 1588 ibi
1298 1548 1500 1603 pauculos
1522 1550 1611 1591 dies
1632 1561 1766 1604 esset;

339 1621 394 1647 ne
428 1607 543 1648 cives
578 1606 763 1648 Romani
797 1620 939 1662 pauor,
974 1604 1048 1659 qui
1079 1604 1166 1646 illic
1195 1605 1575 1661 negotiantur,jus
1599 1608 1680 1649 sibi
1703 1608 1772 1649 di-

339 1673 456 1705 ctum
482 1673 710 1720 negarent:
744 1678 842 1703 nam
875 1661 1044 1703 evocari
1076 1675 1131 1702 ex
1163 1662 1301 1702 insula
1324 1661 1508 1717 Cyprios
1535 1678 1618 1705 non
1643 1665 1767 1708 licet:

339 1721 432 1777 ipse
465 1721 508 1761 in
543 1721 689 1761 Asiam
723 1719 941 1776 profectus
969 1733 1062 1759 suin
1091 1716 1223 1759 Tarso
1258 1718 1380 1759 nonis
1407 1719 1648 1763 Januariis:
1679 1736 1772 1764 non.

338 1777 581 1819 mehercule
612 1778 698 1818 dici
736 1786 891 1833 potest,
924 1791 1008 1831 qua
1031 1775 1312 1817 admiratione
1336 1774 1503 1817 Ciliciae
1525 1778 1766 1831 civitatum,

336 1835 611 1890 maximeque
642 1834 929 1875 Tarsensium.
963 1842 1112 1889 postea
1145 1847 1244 1874 vero
1270 1848 1397 1888 quam
1420 1833 1607 1875 Taurum
1631 1844 1783 1877 trans-'

337 1905 506 1947 gressus
535 1906 644 1942 sum,
675 1891 857 1932 mirifica
884 1889 1152 1946 exspectatio
1181 1889 1298 1931 Asiae
1332 1900 1572 1932 nostrarum
1602 1892 1765 1934 dioece-

337 1949 463 1998 sium,
482 1964 578 2005 quae
601 1963 676 1990 sex
700 1948 916 1989 mensibus
946 1947 1114 2003 imperii
1136 1948 1218 1987 mei
1243 1948 1283 1978 56
1296 1946 1430 1988 nullas
1453 1962 1566 1989 meas
1587 1964 1765 2005 accepe-

337 2014 404 2047 rat
424 2006 601 2056 litteras,
624 2020 858 2061 numquam
884 2004 1098 2060 hospitem
1131 2004 1308 2045 viderat.
1345 2004 1457 2046 illud·
1480 2014 1623 2046 autem
1657 2016 1766 2047 tem-

338 2077 416 2118 pus
439 2063 668 2119 quotannis
690 2072 788 2103 ante
810 2076 878 2103 me
899 2061 1037 2102 fuerat
1059 2061 1101 2101 in
1124 2061 1208 2102 hoc
1229 2070 1412 2116 quaestu.
1432 2062 1628 2104 civitates
1646 2063 1764 2105 locu-

338 2120 487 2175 pletes,
517 2134 571 2161 ne
603 2121 647 2161 in
679 2119 859 2161 hiberna
884 2118 1049 2164 ,milites
1086 2118 1338 2174 reciperent,
1360 2133 1537 2174 magnas
1560 2122 1761 2175 pecunias

335 2177 520 2225 dabant:
571 2176 725 2233 Cyprii
766 2176 925 2217 talenta
960 2174 1109 2216 Attica
1148 2189 1220 2216 cc.
1261 2190 1350 2230 qua
1385 2190 1440 2217 ex
1482 2176 1618 2217 insula
1653 2181 1762 2230 (non

334 2238 565 2290 ἑπεςζολικῦς,
602 2234 674 2275 sed
709 2233 925 2275 verissime
953 2232 1123 2288 loquor)
1159 2247 1313 2273 numus
1352 2232 1505 2283 nullus,
1539 2247 1605 2274 me
1646 2235 1761 2276 obti-

333 2302 478 2344 nente,
509 2290 772 2348 erogabitur.
833 2290 904 2333 Ob
933 2289 1029 2332 haec
1050 2289 1274 2343 beneficia,
1295 2289 1451 2346 quibus
1474 2289 1532 2331 illi
1555 2291 1761 2347 obstupe-

376 2424 412 2452 51
437 2421 502 2459 ipse
513 2420 624 2451 scribis
637 2424 660 2450 t.
676 2419 726 2460 d.]
752 2421 820 2451 Cur
832 2420 899 2459 ipse
911 2419 927 2449 2
951 2428 1026 2450 nus·
1071 2418 1152 2450 Haec
1166 2422 1244 2449 sunt
1256 2419 1324 2448 sine
1338 2417 1435 2449 dubio
1450 2420 1570 2459 spuria,
1583 2423 1621 2450 ut
1633 2419 1760 2458 judica-

334 2464 420 2503 piam
436 2462 578 2500 additur,
595 2472 655 2493 nec
668 2461 704 2492 in
725 2462 786 2492 tali
807 2466 903 2493 textu
917 2461 1027 2493 locum
1069 2461 1127 2492 bat
1141 2462 1240 2492 etiam
1256 2460 1412 2491 Graevius.
1427 2467 1505 2491 sunt
1526 2462 1665 2502 repetita
1679 2472 1697 2492 e
1711 2472 1760 2493 se-

332 2505 442 2536 habet.
1071 2503 1257 2542 quentibus,
1279 2504 1376 2532 semel
1395 2502 1542 2533 additum
1564 2514 1604 2534 ex
1626 2508 1758 2535 antece-

374 2549 415 2578 52
435 2548 492 2577 sed
511 2545 610 2578 Julia
635 2547 717 2584 lege,
740 2545 924 2576 transitum·
945 2543 1021 2584 &c.]
1065 2543 1168 2576 denti.
1211 2544 1291 2574 Mox
1312 2551 1399 2574 recte
1415 2544 1599 2584 Malaspina
1614 2545 1686 2576 vult
1700 2555 1758 2576 ez·-

330 2590 512 2620 transimus
536 2594 585 2619 est
607 2599 625 2619 e
648 2587 790 2618 Manutii
811 2587 1023 2618 correctione.
1065 2586 1248 2627 eipz'endum
1261 2586 1323 2616 sit.-
1347 2587 1368 2615 i.
1381 2596 1409 2616 e.
1424 2587 1572 2626 exceptio
1584 2587 1742 2618 addenda.

329 2635 408 2662 ante
422 2637 493 2662 erat
506 2631 658 2665 transita,
673 2630 758 2669 quod
769 2629 892 2660 librarii
906 2629 1024 2666 fecere,
1109 2631 1149 2659 54
1170 2639 1190 2659 a
1206 2632 1312 2658 nostro
1336 2627 1469 2667 Titinio]
1500 2629 1564 2668 Qui
1578 2639 1653 2660 eum
1677 2629 1759 2660 mihi

330 2672 579 2711 retuleruntque
594 2672 633 2702 ad
648 2675 717 2709 lege
730 2672 839 2708 Julia,
850 2671 941 2701 velut
955 2671 1023 2700 vio·
1065 2669 1318 2706 commendavit,
1332 2674 1372 2700 ut
1385 2669 1532 2710 legatum
1547 2671 1699 2702 facerem.

328 2714 399 2746 lata
423 2715 474 2745 lex
496 2714 586 2745 Julia
608 2714 858 2753 intelligeretur.
890 2712 952 2743 Sed
973 2717 1024 2743 est
1108 2715 1147 2743 55
1169 2712 1218 2742 tm·
1235 2711 1368 2751 Tiberii]
1392 2712 1457 2753 Qui
1472 2713 1527 2751 sit,
1543 2712 1688 2744 nondum
1705 2722 1758 2744 re-

327 2757 392 2787 iter
412 2757 532 2787 faciens
547 2766 604 2796 per
621 2755 832 2796 provinciam.
856 2755 966 2794 itaque
988 2759 1023 2785 et
1064 2755 1145 2795 peri.

324 2799 514 2838 interpunxi
544 2802 618 2838 post
645 2797 740 2828 chle'a
769 2797 849 2834 lege.
880 2806 919 2826 ea
945 2806 1018 2836 per·
1102 2798 1142 2826 56
1156 2796 1266 2825 nulla-s
1281 2805 1369 2826 meas
1382 2801 1550 2835 acceperat
1565 2796 1691 2836 literas]
1708 2805 1752 2826 se.

327 2841 481 2871 mittebat
494 2840 576 2872 tales
590 2846 728 2870 sumtus.
742 2848 771 2868 v.
787 2848 884 2877 supra
896 2848 947 2877 ep.
969 2841 1015 2871 10,
1060 2838 1174 2877 quibus
1190 2837 1328 2876 pecunia
1349 2837 1378 2868 ei
1402 2838 1618 2878 imperaretur
1635 2842 1670 2870 et
1683 2847 1755 2870 ero.

368 2885 407 2913 53
424 2887 547 2923 praeter
569 2892 645 2916 eum
677 2882 776 2913 semel
808 2890 840 2911 η,
877 2879 1013 2919 accepit]
1060 2880 1148 2919 gatio
1164 2878 1272 2919 aliqua
1288 2879 1447 2911 facienda.
