1940 3231
325 137 404 173 820
745 134 931 173 EPIST.
959 134 1040 173 AD
1066 135 1350 180 ATTICUM,

327 257 426 285 cum
449 240 566 298 quod
586 238 742 290 habeo,
767 240 1065 293 venditurum3
1088 239 1373 282 minusculam
1399 254 1497 281 vero
1520 239 1662 282 villam
1686 241 1771 284 uti-

329 315 413 356 que
439 299 608 347 Quinto
636 298 907 349 traditurum,
933 298 996 338 vel
1023 299 1216 354 impenso
1241 299 1395 354 pretio,
1417 313 1502 352 quo
1526 297 1772 341 introduca-

329 366 414 409 tur,
438 367 485 398 ut
508 356 589 398 tibi
614 355 803 401 Quintus
828 355 938 396 filius
962 355 1136 406 dixerit,
1157 355 1306 396 dotata
1330 354 1531 411 Aquillia.
1563 370 1646 411 ego
1671 370 1771 397 vero

331 414 384 456 de
409 415 658 456 venditione
681 411 789 452 nihil
811 411 976 466 cogit0,
1000 412 1079 452 nisi
1103 413 1221 467 quid,
1244 413 1359 468 quod
1393 412 1530 468 magis
1563 428 1630 454 me
1660 413 1776 454 dele-

332 481 436 523 ctet,
459 473 678 512 invenero.
741 468 932 514 Quintus
965 477 1107 510 autem
1140 469 1192 509 de
1214 470 1395 511 emendo
1420 469 1524 510 nihil
1548 480 1670 510 curat
1691 470 1777 512 hoc

333 538 541 585 tempore.
583 526 684 575 satis
724 525 835 566 enim
875 534 1100 580 torquetur
1137 526 1170 555 6¹
1186 526 1406 568 debitione
1443 527 1580 569 dotis:
1615 527 1658 568 in
1692 542 1777 582 qua

333 586 539 628 mirificas
574 582 762 640 Egnatio
795 581 955 637 gratias
988 583 1094 637 agit.
1117 597 1141 622 a
1162 582 1357 624 ducenda
1387 594 1530 625 autem
1559 598 1694 625 uxore
1716 584 1777 626 sic

335 643 553 692 abhorret,
578 651 624 682 ut
648 640 781 694 libero
807 639 963 680 lectulo
992 649 1123 695 neget
1154 653 1245 680 esse
1266 641 1497 696 quidquam
1525 641 1779 696 jucundius.

336 700 420 741 Sed
456 700 550 740 haec
590 711 762 753 quoque
796 695 1019 737 hactenus.
1053 696 1179 737 redeo
1214 698 1326 738 enim
1367 699 1419 739 ad
1459 699 1673 749 miseram,
1707 712 1781 739 seu

336 756 497 798 nullam
530 756 674 812 potius
708 753 1033 810 rempublicam.
1097 753 1163 794 M.
1189 754 1404 796 Antonius
1435 757 1488 797 ad
1520 770 1587 797 me
1610 756 1783 812 scripsit

337 815 390 856 de
423 815 694 855 restitutione
727 811 828 852 Sex.
855 811 1022 855 Clodii:
1056 825 1184 866 quam
1219 811 1474 863 honorifice,
1496 813 1610 868 quod
1634 814 1687 855 ad
1711 827 1779 853 me

337 872 509 923 attinet,
531 885 585 911 ex
610 870 743 926 ipsius
767 868 919 909 litteris
951 882 1214 924 cognosces:
1247 870 1343 910 misi
1376 869 1490 910 enim
1523 870 1603 911 tibi
1634 885 1782 912 exem-

338 930 487 986 plum:
521 942 651 985 quam
683 925 904 976 dissolute,
927 940 1055 982 quam
1089 925 1285 981 turpiter,
1310 941 1525 982 quamque
1556 926 1617 971 ita
1638 927 1780 984 perni-

339 987 471 1041 ciose,
495 998 541 1026 ut
578 998 903 1038 nonnumquam
941 983 1088 1024 Caesar
1119 983 1422 1024 desiderandus
1454 998 1544 1024 esse
1573 984 1782 1037 videatur,

295 1061 327 1092 b,
342 1044 467 1085 facile
491 1042 778 1085 existimabis.
801 1056 898 1096 quae
921 1040 1035 1081 enim
1061 1039 1208 1081 Caesar
1232 1055 1465 1096 numquam
1496 1056 1635 1097 neque
1656 1041 1783 1083 fecis-

342 1112 421 1152 set,
444 1116 582 1157 neque
608 1114 753 1156 passus
776 1107 901 1146 esset,
921 1112 972 1138 ea
994 1112 1107 1138 nunc
1129 1112 1183 1138 ex
1207 1097 1322 1138 falsis
1345 1099 1437 1154 ejus
1460 1099 1781 1141 commentariis

340 1158 633 1215 proferuntur.
656 1171 738 1213 ego
761 1165 904 1196 autem
927 1155 1122 1196 Antonio
1147 1154 1396 1198 facillimum
1424 1170 1490 1197 me
1514 1156 1695 1212 praebui.
1718 1165 1782 1196 et-

340 1217 456 1262 enim
481 1215 563 1266 ille,
587 1215 792 1270 quoniam
816 1212 945 1253 semel
978 1212 1150 1253 induxit
1181 1213 1388 1264 animum,
1413 1213 1493 1254 sibi
1518 1213 1645 1254 licere
1666 1213 1783 1268 quod

340 1273 483 1324 vellet,
506 1273 678 1320 fecisset
702 1270 838 1312 nihilo
863 1271 1003 1318 minus
1027 1284 1094 1310 me
1117 1270 1270 1312 invito.
1297 1270 1442 1328 itaque
1465 1285 1656 1314 mearum
1677 1285 1785 1326 quo-

340 1346 424 1390 que
448 1331 688 1372 litterarum
712 1328 807 1370 misi
831 1327 911 1373 tibi
935 1327 1198 1383 exemplum.

456 1418 777 1465 ANTONIUS
812 1417 1059 1459 CONSUL
1091 1417 1135 1458 S.
1162 1416 1219 1458 D.
1245 1416 1312 1458 M.
1346 1416 1670 1459 CICERONI.

343 1477 911 1531 OCCUPATIONIBUS
934 1496 999 1527 est
1021 1486 1183 1527 factum
1207 1487 1328 1538 meis,
1351 1498 1392 1528 et
1415 1488 1558 1528 subita
1583 1497 1657 1529 tua
1687 1500 1785 1543 pro-

344 1547 549 1597 fectione,
572 1560 625 1586 ne
649 1557 792 1586 tecum
824 1559 968 1585 coram
1000 1544 1052 1584 de
1076 1543 1155 1585 hac
1179 1558 1220 1585 re
1243 1559 1430 1600 agerem.
1454 1559 1581 1600 quam
1606 1545 1662 1585 ob
1685 1559 1786 1585 cau-

346 1620 434 1648 sam
462 1617 623 1653 vereor,
645 1617 698 1643 ne
720 1602 916 1643 absentia
939 1615 1032 1641 mea
1058 1601 1190 1642 levior
1214 1602 1268 1642 sit
1299 1602 1411 1657 apud
1445 1614 1500 1643 te.
1523 1601 1675 1657 quodsi
1712 1602 1785 1642 bo-

348 1664 459 1705 nitas
493 1671 568 1702 tua
601 1659 868 1716 responderit
893 1658 1064 1713 judicio
1099 1673 1207 1709 meo,
1231 1660 1346 1713 quod
1380 1672 1546 1715 semper
1580 1659 1710 1699 habui
1732 1658 1785 1699 de

348 1732 417 1772 te3
447 1718 662 1775 gaudebo.
725 1716 762 1757 A
788 1716 960 1757 Caesare
994 1715 1111 1771 petii,
1140 1725 1187 1756 ut
1219 1716 1319 1757 Sex.
1354 1715 1554 1757 Clodium
1589 1716 1786 1757 restitue..

347 1788 436 1819 ret:
462 1774 703 1831 impetravi.
727 1782 818 1814 erat
840 1773 946 1814 mihi
971 1773 1011 1813 in
1035 1774 1179 1814 animo
1202 1774 1332 1814 etiam
1358 1784 1463 1824 tum,
1486 1773 1546 1815 sic
1569 1774 1631 1814 uti
1657 1774 1786 1815 bene-

350 1835 451 1876 ficio
472 1833 580 1888 ejus,
604 1832 637 1873 si
667 1841 712 1872 tu
743 1831 1041 1872 concessisses
1065 1845 1151 1885 quo
1183 1831 1321 1887 magis
1351 1830 1515 1882 laboro,
1538 1840 1585 1872 ut
1617 1840 1691 1872 tua
1714 1847 1788 1873 vo-

347 1892 514 1933 luntate
537 1889 579 1931 id
614 1903 689 1945 per
720 1903 790 1929 me
820 1888 960 1929 facere
995 1902 1109 1929 nunc
1144 1888 1285 1929 liceat.
1309 1888 1462 1943 quodsi
1496 1888 1711 1930 duriorem
1747 1899 1789 1931 te

349 1950 442 2004 ejus
474 1947 641 1989 miserae
674 1956 715 1987 et
747 1946 920 1987 afflictae
953 1944 1138 1986 fortunae
1171 1946 1363 2001 praebes;
1407 1960 1492 1986 non
1528 1946 1788 1989 contendam

349 2011 433 2063 ego
464 2005 666 2047 adversus
700 2014 755 2044 te.
778 2017 1037 2058 quamquam
1065 2003 1210 2043 videor
1241 2003 1395 2043 debere
1427 2003 1536 2044 tueri
1568 2017 1789 2045 commen-

351 2065 507 2105 tarium
532 2061 731 2103 Caesaris.
755 2061 827 2101 sed
857 2059 1114 2111 mehercule,
1138 2061 1170 2100 si
1206 2059 1463 2111 humaniter,
1485 2070 1528 2101 et
1559 2061 1789 2116 sapienter,

350 2131 394 2163 et
417 2119 658 2162 amabiliter
687 2119 728 2158 in
763 2133 830 2158 me
860 2117 1052 2173 cogitare
1076 2117 1153 2168 vis,
1177 2116 1346 2158 facilem
1379 2118 1574 2173 profecto
1607 2128 1648 2158 te
1681 2133 1791 2174 prae-

352 2179 499 2220 bebis:
533 2186 576 2217 et
600 2175 713 2217 voles
739 2175 788 2216 P.
814 2175 1031 2225 Clodium,
1053 2175 1147 2215 62in
1171 2175 1336 2230 optima
1369 2190 1443 2230 spe
1465 2189 1644 2231 puerum
1667 2190 1793 2232 repo-

352 2237 498 2286 situm,
528 2233 791 2284 existimare,
827 2247 911 2273 non
948 2242 989 2273 te
1024 2233 1281 2273 insectatum
1314 2247 1420 2283 esse,
1454 2247 1552 2274 cum
1586 2233 1789 2288 potueris,

352 2293 514 2334 amicos
546 2301 761 2347 paternos.
796 2300 956 2345 patere,
980 2290 1160 2330 obsecro
1195 2301 1250 2340 te,
1285 2305 1362 2345 pro
1400 2289 1622 2346 republica
1655 2290 1789 2331 videri

351 2351 534 2407 gessisse
557 2347 818 2389 simultatem
842 2362 938 2388 cum
966 2356 1084 2402 patre
1115 2346 1222 2401 ejus.
1252 2361 1336 2387 non
1368 2346 1646 2388 contemseris
1678 2346 1790 2389 hanc

353 2407 576 2448 familiam.
639 2404 878 2446 Honestius
900 2405 1014 2445 enim
1037 2413 1080 2444 et
1101 2403 1304 2445 libentius
1327 2404 1582 2460 deponimus
1604 2403 1792 2446 inimici-

354 2465 434 2506 tias
458 2463 707 2520 reipublicae
732 2462 905 2503 nomine
933 2472 1166 2517 susceptas,
1189 2476 1317 2515 quam
1349 2460 1650 2503 contumaciae.
1712 2461 1792 2504 Me

352 2521 508 2562 deinde
526 2521 620 2561 'sine
642 2520 695 2560 ad
719 2519 830 2561 hanc
853 2519 1100 2575 opinionem
1128 2518 1219 2574 jam
1255 2533 1367 2560 nunc
1389 2519 1572 2574 dirigere
1595 2532 1791 2573 puerum,

352 2588 397 2620 et
419 2588 564 2618 tenero
588 2577 732 2617 animo
756 2577 848 2632 ejus
880 2576 1148 2632 persuadere,
1171 2591 1256 2617 non
1285 2590 1375 2617 esse
1398 2574 1624 2616 tradendas
1647 2586 1792 2632 poste-

354 2637 410 2679 ris
434 2635 699 2676 inimicitias.
717 2648 993 2689 quamquam,
1013 2643 1130 2683 tuam
1154 2633 1386 2684 fortunam,
1403 2632 1573 2683 Cicero,
1596 2633 1650 2674 ab
1673 2635 1792 2675 omni

351 2767 444 2805 abest
456 2769 490 2795 et
504 2765 544 2795 ab
557 2763 605 2795 ed.
622 2764 718 2796 Rom.
736 2763 817 2794 mihi
830 2764 907 2803 quia
921 2763 1048 2798 videtur
1090 2763 1227 2794 debebat
1258 2763 1459 2804 Pomponiae,
1485 2763 1580 2793 uxori
1605 2761 1745 2794 dimissae
1771 2774 1791 2796 a

350 2809 533 2848 exprimere
556 2816 698 2846 graecum
720 2805 765 2843 δὴ,
789 2806 840 2839 τὴν
860 2804 888 2836 δὶ
910 2804 956 2842 δὴ,
981 2815 1048 2836 non
1092 2815 1138 2836 se.

349 2851 497 2883 sustineo
512 2849 630 2884 delere.
1133 2848 1173 2879 62
1188 2848 1223 2878 in
1239 2850 1364 2887 optima
1380 2857 1432 2889 spe
1443 2857 1587 2887 puerum
1601 2847 1792 2888 repositum]

393 2894 431 2931 fil
466 2893 622 2929 debitione
651 2890 746 2933 dotis]
779 2890 886 2931 Quam
916 2890 1047 2927 reddere
1090 2891 1286 2932 Suspectum
1302 2891 1381 2923 mihi
1396 2895 1446 2928 ,est
1461 2890 1646 2930 repositum.
