1940 3231
320 131 395 166 442
733 125 917 164 EPIST.
943 125 1022 164 AD
1047 124 1333 168 ATTICUM,

316 246 404 272 non
427 229 597 282 dubito,
612 229 719 285 quin
749 230 830 271 tibi
852 244 1026 286 quoque
1056 230 1099 272 id
1122 229 1349 271 molestum
1381 230 1450 281 sit,
1471 245 1570 273 cum
1592 237 1636 271 et
1657 243 1754 272 meo

317 288 466 330 dolore
487 302 701 339 moveare,
731 296 775 329 et
804 287 896 344 ipse
927 287 1044 328 omni
1071 287 1241 339 virtute,
1270 287 1502 343 officioque
1533 287 1753 330 ornatissi-

317 359 453 397 mum,
477 345 626 400 tuique
656 354 700 386 et
730 360 807 386 sua
836 353 1004 401 sponte,
1028 354 1072 386 et
1092 359 1189 386 meo
1222 358 1417 386 sermone
1438 354 1668 396 amantem,
1690 344 1756 386 af-

320 403 466 454 finem,
489 404 763 459 amicumque
796 402 1003 443 amiseris.
1064 402 1196 449 Quod
1229 402 1283 443 ad
1316 416 1384 443 me
1417 403 1567 445 scribis
1600 403 1653 444 de
1686 415 1754 443 so-

319 475 415 502 rore
447 471 546 512 tua3
589 461 710 502 testis
741 460 824 501 erit
863 460 945 501 tibi
977 460 1084 516 ipsa,
1115 468 1289 515 quantae
1322 459 1426 501 mihi
1458 475 1572 502 curae
1608 459 1754 511 fuerit,

321 527 371 559 ut
403 517 558 565 Quinti
580 517 723 560 fratris
753 517 921 558 animus
952 517 997 558 in
1027 531 1120 558 eam
1152 526 1263 558 esset
1283 517 1334 569 is,
1356 518 1428 573 qui
1452 532 1543 559 esse
1564 518 1754 559 deberet.

320 590 449 630 quem
485 590 585 617 cum
611 590 702 617 esse
734 574 1008 616 offensiorem
1030 574 1273 626 arbitrarer,
1302 589 1372 615 eas
1395 575 1556 616 litteras
1579 575 1631 616 ad
1654 588 1752 616 eum

320 633 434 683 misi,
456 633 612 688 quibus
634 641 677 674 et
706 632 920 689 placarem
945 643 994 673 ut
1015 631 1205 682 fratrem,
1231 642 1275 673 et
1296 646 1515 674 monerem
1545 642 1592 674 ut
1612 633 1754 673 mino-

320 704 426 740 rem,
448 701 490 730 et
513 690 789 746 objurgarem
810 699 858 731 ut
880 698 1108 731 errantem.
1141 689 1285 745 itaque
1306 704 1360 731 ex
1393 690 1459 741 iis,
1480 705 1578 746 quae
1604 698 1758 746 postea

321 762 437 803 saepe.
458 748 513 788 ab
545 761 595 788 eo
617 748 670 789 ad
702 761 771 788 me
803 748 963 803 scripta
994 756 1108 797 sunt,
1130 747 1303 788 confido
1326 747 1387 787 ita
1410 761 1501 788 esse
1523 747 1683 798 omnia,
1706 755 1755 786 ut

320 814 366 845 et
387 813 600 861 oporteat,
622 815 665 846 et
689 805 881 845 velimus.
934 803 1002 845 De
1023 803 1260 845 litterarum
1283 803 1487 846 missione
1511 805 1602 845 sine
1624 817 1754 845 causa

320 863 397 903 abs
421 872 462 903 te
482 877 674 904 accusor.
705 876 940 917 numquam
972 860 1087 901 enim
1110 875 1135 900 a
1158 859 1402 917 Pomponia
1430 872 1577 904 nostra
1598 861 1756 903 certior

321 934 416 960 sum
438 919 591 971 factus,
613 933 719 971 esse,
741 919 810 960 cui
832 919 995 959 litteras
1016 917 1116 959 dare
1145 932 1329 973 possem.
1362 933 1490 975 porro
1512 928 1654 961 autem
1680 932 1756 960 ne-

319 990 403 1032 que
423 977 530 1018 mihi
554 977 728 1028 accidit,
750 987 799 1018 ut
828 976 1046 1026 haberem,
1068 975 1139 1031 qui
1174 975 1215 1016 in
1243 973 1424 1031 Epirum
1458 980 1494 1013 19
1508 977 1755 1033 proficisce-

315 1043 456 1076 retur:
489 1049 627 1090 neque
648 1034 749 1075 dum
775 1044 816 1075 te
836 1033 1021 1075 Athenis
1043 1047 1134 1074 esse
1153 1032 1447 1075 audiebamus.
1510 1034 1578 1076 De
1598 1033 1754 1076 Acuti-

315 1091 432 1133 liano
453 1101 597 1133 autem
620 1092 797 1147 negotio
819 1092 932 1147 quod
958 1090 1065 1131 mihi
1090 1091 1329 1143 mandaras,
1352 1101 1399 1132 ut
1424 1091 1610 1146 primum
1631 1108 1656 1133 a
1677 1101 1753 1133 tuo

315 1149 511 1206 digressu
533 1149 719 1191 Romam
745 1150 856 1200 veni,
878 1149 1174 1190 confeceram:
1209 1148 1280 1189 sed
1308 1149 1482 1201 accidit,
1507 1156 1552 1190 ut
1583 1159 1627 1190 et
1648 1164 1752 1191 con-

317 1207 512 1248 tentione
544 1206 653 1248 nihil
687 1221 795 1263 opus
817 1215 943 1256 esset,
965 1216 1008 1247 et
1031 1215 1078 1246 ut
1098 1220 1196 1261 ego,
1219 1206 1292 1260 qui
1317 1206 1361 1247 in
1392 1218 1434 1247 te
1456 1206 1558 1247 satis
1581 1207 1750 1248 consilii

316 1265 540 1306 statuerim
574 1279 680 1315 esse,
708 1264 878 1306 mallem
904 1263 1167 1305 Peducaeum
1201 1263 1280 1304 tibi
1312 1263 1539 1305 consilium
1573 1279 1650 1320 per
1681 1263 1753 1306 lit-

316 1330 442 1374 teras,
464 1337 592 1377 quam
616 1336 684 1363 me
706 1322 819 1363 dare.
884 1320 1055 1362 Etenim
1079 1335 1177 1361 cum
1202 1319 1359 1361 multos
1381 1321 1470 1362 dies
1493 1335 1614 1363 aures
1634 1336 1752 1363 meas

315 1378 509 1421 Acutilio
532 1380 760 1430 dedissem,
790 1378 934 1434 (cujus
958 1377 1166 1419 sermonis
1196 1391 1332 1434 genus
1364 1378 1444 1419 tibi
1475 1388 1628 1420 notum
1659 1393 1752 1421 esse

314 1436 533 1488 arbitror,)
552 1450 639 1477 non
662 1436 769 1477 mihi
791 1451 922 1493 grave
949 1435 1170 1477 duxissem
1200 1435 1385 1476 scribere
1417 1435 1470 1477 ad
1492 1445 1535 1477 te
1564 1436 1618 1478 de
1638 1436 1751 1479 illius

314 1494 609 1548 querimoniis,
643 1509 742 1535 cum
775 1509 845 1535 eas
879 1494 1040 1543 audire,
1063 1492 1178 1548 quod
1211 1503 1303 1534 erat
1335 1493 1631 1547 subodiosum,
1659 1494 1752 1537 leve

313 1561 547 1606 putassem.
579 1551 650 1592 sed
679 1553 755 1593 abs
788 1561 829 1593 te
853 1552 961 1608 ipso,
980 1551 1053 1606 qui
1076 1564 1145 1591 me
1166 1565 1357 1601 accusas,
1381 1565 1485 1592 unas
1506 1551 1614 1593 mihi
1639 1552 1751 1594 scito

313 1608 476 1650 litteras
509 1609 696 1650 redditas
727 1624 833 1660 esse,
856 1623 955 1651 cum
989 1617 1033 1648 et
1067 1607 1147 1649 otii
1180 1607 1232 1648 ad
1267 1608 1541 1650 scribendum
1573 1608 1683 1665 pluS,
1705 1622 1751 1652 et

313 1665 563 1707 facultatem
583 1667 713 1707 dandi
736 1666 943 1721 majorem
967 1665 1182 1707 habueris.
1241 1665 1372 1712 Quod
1396 1666 1562 1718 scribis,
1578 1666 1749 1709 etiamsi

312 1724 437 1779 cujus
459 1725 626 1765 animus
650 1724 693 1764 in
718 1733 760 1764 te
780 1732 891 1765 esset
913 1722 1132 1774 offensior,
1155 1737 1180 1763 a
1208 1736 1277 1764 me
1300 1722 1492 1780 recolligi
1523 1734 1750 1781 oportere,

293 1782 352 1811 ·‘20
365 1781 466 1837 quid
490 1782 631 1824 dicas:
658 1795 796 1837 neque
818 1781 861 1823 id
883 1781 1081 1838 neglexi:
1106 1780 1179 1822 sed
1197 1791 1262 1822 est
1283 1781 1393 1822 miro
1412 1782 1600 1837 quodam
1619 1783 1750 1824 modo

288 1837 505 1881 ‘affectus.
537 1854 620 1895 ego
639 1848 799 1891 autem,
820 1854 919 1895 quae
949 1838 1133 1880 dicenda
1161 1837 1337 1879 fuerunt
1367 1839 1420 1880 de
1446 1848 1500 1891 te,
1523 1854 1611 1882 non
1635 1855 1748 1897 prae-

311 1896 421 1937 terii.
453 1899 489 1928 21
510 1897 613 1952 quid
647 1905 791 1938 autem
821 1895 1172 1939 contendendum
1205 1905 1331 1948 esset,
1353 1911 1407 1937 ex
1442 1907 1515 1939 tua
1538 1899 1747 1953 putabam

307 1953 530 1995 voluntate
561 1963 748 1996 statuere
780 1963 1004 2011 oportere:
1036 1968 1165 2009 quam
1190 1953 1222 1993 si
1248 1953 1299 1994 ad
1332 1968 1401 1995 me
1433 1956 1748 2012 pei-scripseris,

307 2010 522 2068 intelliges
556 2027 626 2054 me
660 2026 799 2067 neque
831 2010 1151 2068 diligentiorem
1173 2025 1265 2051 esse
1299 2011 1498 2064 voluisse,
1530 2027 1660 2068 quam
1701 2023 1747 2055 tu

306 2082 435 2121 esses,
459 2083 598 2125 neque
630 2069 991 2125 negligentiorem
1023 2067 1129 2119 fore,
1152 2082 1281 2124 quam
1316 2079 1360 2109 tu
1386 2069 1503 2111 velis,
1565 2070 1634 2112 De
1664 2069 1748 2112 Ta-

306 2125 435 2167 diana
454 2141 515 2179 re,
536 2141 708 2169 mecum
732 2126 892 2169 Tadius
923 2126 1093 2168 locutus
1114 2136 1192 2177 est,
1216 2134 1258 2168 te
1288 2126 1350 2168 ita
1381 2127 1616 2183 scripsisse,
1637 2127 1748 2170 nihil

305 2197 398 2225 esse
412 2184 523 2239 jam,
544 2184 660 2241 quod
682 2184 964 2235 laboraretur,
986 2183 1191 2239 quoniam
1214 2183 1428 2225 hereditas
1451 2195 1661 2242 usucapta
1680 2200 1747 2226 es-

306 2250 386 2283 set.
416 2241 460 2282 id
493 2242 758 2284 mirabamur
788 2250 831 2283 te
861 2241 1075 2298 ignorare,
1106 2241 1159 2282 de
1190 2241 1323 2282 tutela
1353 2241 1564 2296 legitima,
1586 2244 1631 2285 in
1662 2258 1749 2299 qua

304 2298 466 2340 dicitur
486 2314 578 2341 esse
608 2299 764 2357 puella,
786 2298 895 2340 nihil
926 2298 1104 2354 usucapi
1127 2313 1267 2355 posse.
1329 2297 1598 2354 Epiroticam
1619 2302 1748 2343 emti-

305 2370 433 2397 onem
456 2358 625 2413 gaudeo
659 2357 738 2398 tibi
773 2356 956 2413 placere.
1017 2356 1129 2402 Quae
1163 2356 1253 2397 tibi·
1277 2356 1495 2409 mandavi,
1514 2367 1558 2399 et
1578 2373 1676 2414 quae
1699 2368 1747 2400 tu

305 2413 519 2471 intelliges
556 2415 787 2456 convenire
826 2423 974 2455 nostro
1015 2413 1277 2465 Tusculano,
1316 2413 1460 2465 velim,
1493 2426 1543 2457 ut
1578 2416 1746 2468 scribis,

303 2485 440 2522 cureS,
474 2472 590 2527 quod
625 2472 716 2513 sine
752 2471 953 2514 molestia
988 2479 1062 2511 tua
1093 2470 1234 2512 facere
1257 2471 1434 2528 poteris.
1467 2487 1567 2514 nam
1588 2488 1666 2514 nos
1688 2487 1745 2516 ex

303 2529 506 2570 omnibus
529 2529 737 2571 molestiis
763 2538 808 2571 et
836 2528 1059 2571 laboribus
1082 2542 1168 2570 uno
1191 2528 1266 2571 illo
1287 2529 1333 2571 in
1355 2529 1452 2571 loco
1473 2531 1746 2587 conquiesci-

347 2663 383 2694 19
401 2659 680 2700 prcficiseeretur]
705 2659 760 2690 Sic
781 2668 896 2689 omnes
919 2668 1002 2699 prae-
1045 2659 1226 2697 Ciceronis,
1242 2660 1295 2699 qui
1309 2669 1438 2700 semper
1452 2659 1553 2691 addit.

300 2707 352 2732 ter
366 2702 464 2734 Rom.
481 2702 554 2734 edd.
566 2712 616 2743 pr.
632 2712 700 2733 non
717 2702 1003 2743 prcficisemvntur
1075 2704 1111 2733 21
1128 2703 1208 2742 quid
1220 2703 1476 2733 contendendum
1491 2702 1583 2742 esset]
1598 2701 1746 2733 Graevius

299 2748 340 2775 ut
354 2746 404 2776 ed.
419 2746 517 2776 Grut.
1045 2754 1064 2775 e
1085 2745 1205 2776 Codice
1230 2744 1363 2776 Balliol.
1386 2745 1483 2776 affert
1507 2745 1745 2776 concedendum

344 2789 385 2818 20
407 2788 490 2827 quid
512 2787 602 2818 dicas
615 2799 624 2816 .-
649 2787 764 2828 neque]
789 2788 916 2819 Dicunt
929 2787 1003 2817 elli·
1045 2791 1080 2817 et
1102 2787 1231 2828 probat.
1248 2793 1347 2820 reete.
1369 2797 1446 2819 nain
1470 2786 1504 2819 id
1518 2787 1654 2820 verbum
1676 2792 1744 2819 sea-

298 2830 388 2869 ptice
416 2830 555 2867 dictum,
580 2829 899 2870 intelligendumque
927 2830 1002 2861 seio.
1045 2834 1138 2862 tuere
1150 2828 1309 2871 postulat.

298 2871 356 2903 sed
368 2872 486 2904 durum
498 2877 548 2905 est
557 2877 591 2904 et
602 2877 719 2905 contra
730 2871 1004 2906 consuetudinem
