1940 3231
358 169 433 202 46¹2
785 166 967 206 EPIST.
996 168 1072 206 AD
1100 167 1381 211 ATTICUM‚

359 277 403 310 et
423 268 624 326 copiosus
648 269 724 311 sui,
787 270 899 313 Ecce
939 272 1077 314 ¹4aliae
1099 272 1265 314 delicia:
1287 272 1482 327 equitum
1504 270 1576 311 vix
1598 268 1799 320 ferendae,

358 341 464 381 quas
486 342 568 382 ego
591 342 675 368 non
701 328 837 369 solum
863 328 954 380 tuli,
985 330 1056 370 sed
1079 330 1209 370 ctiam
1238 330 1401 370 ornavi.
1462 327 1627 378 Asiani,
1649 327 1722 382 qui
1745 327 1798 367 de

358 386 608 426 censoribus
631 386 943 437 conduxerant,
976 386 1115 441 questi
1153 396 1251 427 sunt
1286 387 1327 427 in
1358 395 1521 436 senatu,
1550 399 1607 434 se,
1630 383 1799 439 eupidi-

359 449 447 482 tate
475 442 710 498 prolapsos,
741 443 921 483 nimium
955 458 1112 500 magno
1135 444 1421 485 conduxisse:
1457 453 1502 483 ut
1527 442 1799 482 induceretur

357 497 534 549 locatio,
557 500 897 554 postulaverunt.
958 499 1053 555 Ego
1079 501 1274 556 princeps
1298 502 1340 542 in
1369 499 1639 555 adjutoribus
1669 507 1798 552 atque

361 556 468 596 adeo
491 556 716 597 secundus.
741 571 854 606 nam,
889 567 936 597 ut
969 557 1027 598 illi
1064 558 1270 599 auderent
1299 558 1383 599 hoc
1415 556 1645 613 postulare,
1670 555 1799 596 Cras-

360 627 429 653 sus
451 628 524 653 eos
547 613 733 668 impulit.
757 613 967 655 invidiosa
991 629 1069 665 res,
1093 615 1229 670 turpis
1253 615 1500 671 postulatio,
1523 623 1567 654 et
1582 611 1798 654 confessio

362 671 631 711 temeritatis.
654 685 868 711 summum
899 683 989 712 erat
1024 671 1275 727 perieulum,
1306 687 1372 723 ne,
1392 672 1425 712 si
1446 671 1552 712 nihil
1575 671 1800 726 impetras-

361 737 469 776 sent,
503 727 625 782 plane
654 728 939 769 alienarentur
975 745 998 768 a
1032 739 1195 770 senatu.
1260 729 1376 771 Huic
1403 742 1573 784 quoque
1608 728 1667 768 rei
1698 726 1799 767 sub-

360 793 535 825 ventum
571 795 635 826 est
658 786 846 826 maxime
869 802 892 825 a
921 785 1066 837 nobis3
1099 785 1438 842 perfectumque,
1462 795 1508 826 ut
1541 784 1799 839 frequentis-

359 841 468 881 simo
505 852 653 882 senatu
691 852 733 882 et
771 842 1053 882 libentissimo
1089 854 1322 894 uterentur,
1357 843 1576 898 multaque
1610 857 1633 881 a
1657 855 1722 881 me
1745 840 1798 882 de

359 898 558 939 ordinum
582 899 796 954 dignitate
818 909 861 938 et
883 899 1116 940 concordia
1137 899 1254 940 dicta
1275 910 1375 940 sunt
1399 900 1497 941 Kal.
1525 898 1732 940 Decemb.
1755 907 1799 937 et

359 956 581 1010 postridie.
616 970 754 1010 neque
786 956 927 996 adhuc
956 971 1017 996 res
1041 955 1240 997 confecta
1261 966 1340 1007 est,
1360 958 1432 997 sed
1456 957 1651 997 voluntas
1676 969 1794 995 sena-

358 1021 426 1052 tus
457 1022 695 1068 perspecta.
727 1028 835 1053 unus
869 1013 981 1054 enim
1020 1023 1171 1054 contra
1204 1014 1374 1055 dixerat
1407 1013 1624 1064 Metellus,
1647 1011 1798 1053 consul

319 1076 328 1081 “
357 1069 620 1126 designatus.
644 1070 748 1125 quin
770 1080 860 1111 erat
882 1071 1074 1111 dicturus
1107 1071 1178 1123 (ad
1201 1086 1326 1126 quem
1356 1081 1529 1128 propter
1551 1071 1633 1111 dici
1658 1069 1799 1111 brevi-

358 1136 492 1168 tatem
522 1137 775 1183 perventum
811 1143 893 1168 non
930 1130 1013 1178 est)
1044 1128 1168 1168 heros
1203 1128 1271 1168 ille
1307 1138 1450 1169 noster
1484 1128 1610 1169 Cato.
1675 1130 1710 1158 15
1725 1127 1798 1167 Sic

357 1197 441 1239 ego
463 1199 720 1225 conservans
744 1186 952 1226 rationem
983 1185 1386 1241 institutionemque
1422 1196 1626 1235 nostram,
1661 1194 1798 1233 tueor,

360 1251 407 1281 ut
438 1256 626 1296 possum,
658 1242 771 1283 illam
804 1258 825 1282 a
851 1257 917 1282 me
939 1242 1281 1298 conglutinatam
1306 1243 1605 1284 concordiam:
1639 1242 1710 1283 sed
1735 1251 1798 1281 ta-

357 1311 472 1348 men,
495 1300 697 1354 quoniam
724 1299 805 1339 ista
827 1310 925 1340 sunt
950 1299 1133 1350 infirma,
1165 1300 1355 1341 munitur
1377 1300 1575 1354 quaedam
1599 1299 1724 1340 nobis
1744 1299 1797 1338 ad

358 1356 600 1397 retinendas
624 1370 726 1411 opes
758 1366 923 1397 nostras
949 1366 1055 1407 tuta,
1091 1367 1137 1397 ut
1160 1372 1298 1412 spero,
1323 1357 1405 1405 via,
1428 1372 1555 1412 quam
1580 1357 1659 1396 tibi
1683 1356 1798 1396 litte-

358 1413 414 1452 ris
439 1413 539 1453 satis
563 1414 780 1469 explicare
814 1429 899 1454 non
931 1429 1128 1469 possum;
1161 1415 1479 1470 significatione
1505 1428 1633 1469 parva
1655 1421 1799 1453 osten-

358 1469 455 1510 dam
481 1480 638 1511 tamen.
705 1470 811 1511 Utor
834 1471 1044 1527 Pompeio
1068 1471 1412 1513 familiarissime.
1469 1472 1506 1501 ¹6
1521 1471 1673 1521 Video,
1695 1469 1799 1525 quid

357 1527 489 1568 dicas.
512 1529 691 1578 cavebo,
713 1543 810 1582 quae
834 1538 934 1568 sunt
954 1528 1168 1581 cavenda3
1201 1544 1251 1570 uc
1273 1529 1457 1570 scribam
1480 1527 1583 1568 alias
1605 1528 1659 1568 ad
1682 1536 1723 1567 te
1745 1527 1798 1568 de

357 1585 463 1624 ineis
485 1584 675 1625 consiliis
698 1585 970 1640 capessendae
994 1586 1241 1641 reipublicae
1262 1587 1396 1643 plura.
1430 1585 1664 1626 Lucceium
1687 1584 1797 1625 scito

359 1641 629 1683 consulatum
663 1641 821 1683 habere
858 1643 899 1683 in
934 1643 1078 1684 animo
1110 1644 1252 1684 statim
1291 1654 1450 1699 petere.
1472 1643 1557 1683 duo
1579 1641 1693 1682 enim
1718 1640 1797 1682 soli

241 1711 279 1741 JP·
299 1698 346 1732 ¹6·
360 1699 564 1740 dicuntur
596 1699 789 1754 petituri.
851 1699 999 1741 Caesar
1029 1715 1125 1741 cum
1149 1715 1200 1742 eo
1225 1700 1340 1741 coire
1374 1715 1449 1756 per
1478 1699 1651 1740 Arrium
1675 1699 1797 1754 cogi-

314 1753 345 1774 ²·
360 1764 446 1797 tat:
480 1766 523 1797 et
545 1755 727 1797 Bibulus
760 1771 859 1798 cum
881 1756 965 1798 hoc
998 1772 1042 1798 se
1074 1767 1198 1813 putat
1222 1772 1294 1814 per
1319 1757 1519 1798 Pisonem
1547 1770 1671 1812 posse
1692 1770 1797 1806 conq-

350 1812 496 1869 jungi.
559 1813 717 1855 Rides?
749 1828 834 1854 non
866 1822 966 1855 sunt
998 1814 1094 1856 haec
1129 1815 1321 1866 ridicula,
1345 1814 1613 1855 mihicrede.
1675 1812 1795 1860 Quid

355 1870 468 1911 aliud
490 1871 675 1912 scribam
697 1871 749 1911 ad
774 1874 843 1913 te?
874 1871 1009 1927 quid?
1040 1871 1176 1912 multa
1203 1882 1322 1913 suut:
1356 1873 1429 1912 sed
1461 1872 1504 1911 in
1540 1870 1653 1911 aliud
1687 1881 1795 1910 tem-

355 1942 448 1983 pus.
509 1927 570 1968 Te
593 1928 625 1968 si
649 1930 892 1984 exspectari
916 1928 1033 1980 velis,
1056 1943 1192 1979 cures,
1224 1939 1271 1969 ut
1292 1929 1439 1970 sciam.
1455 1928 1548 1983 jam
1575 1926 1678 1968 illud
1701 1941 1792 1967 mo-

353 1985 472 2057 deste
502 1999 626 2040 rogo,
657 1986 772 2040 quod
805 1985 993 2027 maxime
1027 1986 1172 2042 cupi0‚
1204 1996 1251 2027 ut
1285 1986 1604 2042 quamprimum
1631 1983 1792 2025 venias.

356 2042 495 2082 honis
520 2042 732 2084 Decemb.

292 2093 340 2129 ¹3
785 2099 1020 2141 CICERO
1051 2098 1280 2142 ATTICO
1313 2101 1357 2141 S.

358 2154 557 2207 NIHIL
580 2167 686 2207 mihi
717 2181 831 2208 nunc
855 2168 964 2208 scito
987 2177 1073 2208 tam
1105 2167 1265 2220 deesse,
1287 2183 1414 2224 quam
1440 2167 1658 2208 hominem
1679 2181 1793 2218 eum,

356 2226 390 2257 ¹7
402 2239 588 2278 quocum
612 2225 772 2274 omnia,
794 2239 892 2279 quae
927 2239 995 2265 me
1027 2239 1130 2265 cura
1151 2225 1294 2280 aliqua
1316 2225 1528 2274 afficiunt,
1558 2239 1644 2264 una
1675 2239 1794 2265 com-

349 2282 592 2323 municem:
629 2282 703 2336 qui
741 2295 807 2321 me
843 2291 972 2333 amet,
1003 2282 1076 2338 qui
1116 2282 1270 2339 sapiat,
1297 2285 1334 2313 18
1348 2282 1524 2337 quicum
1555 2295 1638 2338 ego
1660 2281 1792 2322 collo-

396 2397 434 2424 14
455 2396 530 2424 alia·
551 2395 672 2425 delicioe
686 2395 845 2434 equitum]
872 2395 993 2426 Utrum
1010 2395 1049 2426 de

352 2447 385 2467 re
401 2437 441 2466 ab
457 2437 620 2475 equitibus
645 2437 814 2476 postuiata
839 2437 1050 2477 impudenter

350 2479 475 2509 dietum
504 2479 639 2515 ironice,
663 2489 705 2509 an
727 2479 767 2509 de
789 2480 953 2518 equitibus
973 2481 1049 2520 ipsis

351 2520 568 2561 capiendum?
596 2521 677 2551 mihi
693 2522 854 2560 posterius
871 2522 991 2562 placet,
1009 2526 1047 2552 ut

348 2564 415 2594 sint
432 2563 479 2592 illi
495 2564 605 2592 Asiani
621 2563 799 2603 publicani.

395 2608 430 2636 15
457 2605 512 2635 Sic
540 2615 598 2643 ego
625 2615 818 2636 conservans
845 2606 920 2646 &c.]
958 2607 1048 2637 Bene

349 2647 468 2677 habet:
499 2647 554 2677 sed
576 2652 690 2677 tamen
719 2648 883 2678 interdum
907 2649 1050 2688 suspica-

350 2698 403 2720 tus
434 2699 521 2726 sum,
551 2689 742 2720 Ciceronem
778 2690 957 2730 scripsisse:
995 2690 1052 2721 Sic

351 2742 441 2771 ergo.

396 2775 433 2804 16
457 2773 568 2810 Video,
594 2774 674 2813 quid
697 2772 800 2812 dicas]
835 2783 879 2804 sc.
905 2774 976 2805 haee
1005 2773 1051 2804 le—

351 2825 441 2855 gens,
458 2817 553 2846 facile
569 2816 732 2855 intelligo,
756 2816 832 2855 quid
855 2823 893 2846 tu
916 2817 987 2847 haee
1002 2816 1049 2846 le-

351 2867 430 2896 gens
452 2860 493 2888 sis
518 2859 722 2898 cogitaturus
739 2864 771 2888 et
782 2858 989 2895 ¹iudicaturus
1009 2859 1048 2890 de

352 2899 426 2937 hoc,
443 2901 531 2939 quod
545 2901 671 2940 scripsi,
687 2910 739 2931 me
756 2900 911 2941 Pompeio
926 2901 1047 2933 famili-

1092 2397 1193 2426 ariter
1207 2396 1269 2425 uti.
1314 2394 1377 2425 Sed
1403 2395 1533 2431 cavebo,
1558 2405 1599 2425 ne
1622 2396 1692 2435 ejus
1709 2396 1792 2426 invi-

1093 2438 1146 2468 dia
1160 2438 1303 2478 decipiar
1319 2442 1378 2467 cxc.

1139 2483 1174 2514 17
1200 2489 1334 2520 quocum
1360 2480 1582 2510 omnia—una
1610 2481 1789 2510 communi-

1089 2522 1172 2561 cem]
1210 2522 1285 2553 Una
1308 2522 1454 2562 profecto
1477 2522 1530 2551 hic
1552 2522 1670 2552 durum
1686 2527 1720 2552 et
1736 2532 1789 2552 su-

1090 2569 1239 2604 spectum
1255 2567 1314 2593 est.
1333 2573 1409 2594 nam
1435 2564 1507 2594 adili
1529 2564 1575 2594 sic
1591 2565 1688 2594 verbo
1705 2575 1790 2594 com-

1092 2607 1261 2637 municare
1287 2615 1364 2636 cum
1397 2607 1515 2646 aZIquo,
1556 2606 1623 2636 hoe·
1656 2606 1788 2646 quidem

1093 2658 1202 2685 sensu,
1218 2658 1284 2678 non
1301 2648 1417 2688 reperi.

1141 2693 1175 2721 18
1199 2692 1330 2730 quicum
1355 2700 1413 2728 ego
1437 2692 1613 2730 colloquar,
1630 2690 1792 2730 m'lu'lfin-

1091 2732 1189 2771 gam]
1210 2732 1290 2762 Haec
1304 2742 1368 2762 non
1382 2732 1460 2762 satis
1473 2732 1689 2762 Ciceroniano
1703 2741 1794 2763 more

1095 2776 1276 2811 eohaerent,
1293 2780 1330 2804 ut
1345 2773 1433 2805 alibi.
1478 2774 1647 2814 Scripsisse
1662 2780 1791 2813 putem,

1093 2818 1141 2847 ita
1158 2818 1334 2857 colloquar,
1351 2821 1387 2846 nt
1403 2817 1488 2847 nihil
1499 2816 1638 2857 fingam
1663 2817 1721 2847 See.
1738 2815 1791 2846 hie

1093 2866 1181 2890 certe
1196 2868 1309 2890 sensus
1327 2863 1375 2890 cst
1391 2859 1569 2890 Ciceronis.
