1940 3231
724 111 929 150 LIBER
971 113 1002 150 1.
1523 120 1602 163 45⁷

161 219 353 274 inquam,
386 218 542 268 dicere,
569 216 741 271 judices
774 216 942 258 emisti:
985 215 1169 271 juranti,
1203 214 1359 271 inquit,
1396 218 1475 260 tibi
1512 235 1599 264 non

157 278 444 318 crediderunt.
477 275 582 315 mihi
617 287 731 322 vern,
763 273 954 328 inquam,
979 288 1069 314 xxv
1094 273 1265 328 judices
1296 274 1596 322 crediderunt:

159 348 306 386 XXX1,
328 333 530 388 quoniam
565 345 719 371 numos
741 341 841 372 ante
872 342 1148 386 acceperuut,
1171 330 1248 371 tibi
1274 331 1380 372 nihil
1405 334 1597 376 credide-

159 402 273 433 runt.
313 391 480 445 maguis
527 388 787 429 clamoribus
822 387 1008 429 afflictus
1050 388 1278 438 conticuit,
1311 398 1354 429 et
1387 391 1595 434 concidit.

157 449 318 490 Noster
339 458 481 488 autern
507 456 643 486 status
665 455 727 486 est
752 445 838 486 hic.
861 445 972 502 apud
1001 447 1136 486 bonos
1160 446 1289 486 iidem
1314 461 1596 504 StirnuS‚quos

154 504 389 562 reliquisti3
413 504 525 560 apud
550 504 716 544 sordem
742 504 875 555 urbis,
892 515 934 544 et
955 502 1106 545 faecem
1131 503 1267 544 multo
1290 505 1442 545 melius
1466 521 1596 558 nunc,

158 577 286 619 quam
322 561 546 618 reliquisti.
581 575 678 601 nam
710 570 752 601 et
782 561 883 602 illud
915 561 1039 601 nobis
1069 575 1153 602 non
1188 561 1326 613 obest,
1350 562 1483 603 videri
1519 579 1597 609 no-

156 630 291 661 strum
325 619 621 660 testimonium
658 633 741 658 non
777 618 974 659 valuisse.
1006 621 1046 652 89
1062 619 1216 659 missus
1247 629 1312 660 est
1333 621 1509 677 sanguis
1533 622 1596 663 in·
1610 641 1642 672 p.
1662 637 1710 668 13,

155 677 281 719 vidiae
314 677 405 718 sine
443 676 615 726 dolore3
658 686 787 730 atque
817 677 946 716 etiam
989 674 1073 716 hoc
1105 676 1259 732 magis,
1295 678 1411 732 quod
1447 693 1597 721 omnes
1611 685 1641 707 ³·

153 734 214 776 illi
228 734 418 776 fautores
442 733 552 774 illius
575 734 802 790 flagitii‚90
816 748 902 774 rem
927 732 1202 774 manifestam
1226 734 1339 775 illam
1361 736 1600 779 redemtam

151 806 245 834 esse
266 808 291 833 a
319 792 544 848 judicibus
579 790 858 832 confitentur.
903 794 941 825 9ι
962 791 1160 842 Accedit,
1184 793 1299 847 quod
1328 792 1399 833 illa
1420 795 1599 836 concio-

153 849 262 891 nalis
285 849 440 891 hirudo
472 848 626 899 aerarii,
650 849 804 889 misera
825 865 874 890 ac
899 848 1055 904 jejuna
1088 848 1324 904 plebecula,
1347 865 1415 891 rne
1437 852 1491 892 ab
1515 851 1599 895 hoc

155 906 328 964 Magno
350 909 476 948 unice
497 906 620 962 diligi
645 916 790 962 putat:
815 916 858 947 et
876 906 1046 947 hercule
1070 906 1206 947 multa
1227 907 1479 962 etjucunda
1495 924 1599 951 con-

153 965 380 1008 suetudine
397 963 624 1020 conjuncti
646 965 757 1004 inter
779 979 856 1005 nos
874 979 1036 1014 sumus,
1054 978 1189 1019 usque
1210 978 1277 1015 eo,
1297 975 1344 1006 ut
1366 967 1502 1007 nostri
1526 967 1599 1009 isti

154 1023 456 1064 comissatores
479 1021 808 1077 conjurationis,
833 1021 1044 1062 barbatuli
1068 1021 1269 1076 juveneS‚
1301 1023 1417 1064 illum
1447 1024 1488 1065 in
1513 1039 1600 1067 ser-

155 1080 359 1122 monibus
393 1079 575 1121 Cnaeum
602 1078 856 1120 Ciceronem
883 1078 1115 1135 appellent.
1154 1079 1300 1134 itaque
1330 1091 1373 1121 et
1407 1081 1533 1134 ludis,
1556 1092 1601 1124 et

154 1137 483 1194 gladiatoribuS,
497 1136 711 1177 mirandas
730 1139 963 1188 ἐπισημασίας,
980 1136 1071 1177 sine
1092 1136 1174 1177 ulla
1189 1138 1420 1192 pastoricia
1440 1139 1598 1193 fistula,

153 1194 468 1237 auferebamus.
502 1193 631 1235 Nunc
649 1204 712 1234 est
732 1194 1003 1249 exspectatio
1020 1194 1314 1246 comitiorum,
1338 1196 1380 1236 in
1404 1211 1489 1252 qua
1505 1212 1599 1239 om-

160 1253 289 1294 nibus
312 1253 458 1294 invitis
482 1252 617 1292 trudit
632 1261 777 1292 noster
804 1251 993 1308 Magnus
1017 1251 1116 1292 Auli
1141 1252 1303 1304 filium3
1327 1263 1456 1309 atque
1480 1256 1522 1296 in
1546 1270 1598 1298 eo

150 1325 294 1366 neque
307 1310 580 1358 auctoritate,
594 1323 732 1364 neque
749 1310 888 1364 gratia
908 1320 1087 1366 pugnat,
1103 1309 1173 1350 sed
1197 1314 1237 1344 92
1251 1311 1409 1365 quibus
1431 1312 1600 1370 Philip-

154 1383 234 1425 pus
263 1368 410 1409 omnia
433 1366 608 1408 castella
637 1368 878 1423 expugnari
913 1383 1037 1424 posse
1068 1368 1256 1418 dicebat,
1281 1368 1322 1409 in
1345 1384 1442 1424 quae
1470 1372 1598 1413 modo

155 1423 307 1467 asellus
330 1435 510 1466 onustus
532 1439 636 1465 auro
661 1434 804 1480 posset
823 1426 1067 1466 ascendere.
1098 1428 1138 1460 93
1159 1424 1324 1467 Consul
1347 1438 1491 1468 autem
1515 1429 1599 1481 ille,

155 1481 409 1525 Doterionis
429 1482 651 1524 histrionis
671 1481 837 1532 similis,
856 1483 1093 1538 suscepisse
1115 1485 1340 1538 negotium
1363 1485 1538 1538 dicitur,
1557 1497 1602 1528 et

151 1541 269 1583 domi
285 1541 493 1582 divisores
511 1540 695 1581 habere:
719 1540 834 1596 quod
855 1555 936 1597 ego
958 1555 1042 1581 non
1066 1541 1209 1582 credo.
1225 1542 1296 1582 sed
1311 1554 1484 1584 senatus
1497 1559 1601 1585 con-

151 1599 263 1640 sulta
283 1598 473 1654 duojam
500 1597 615 1639 facta
637 1608 751 1649 sunt,
770 1597 934 1650 odiosa,
954 1598 1070 1654 quod
1089 1599 1132 1639 in
1152 1600 1372 1641 consulem
1394 1600 1509 1643 facta
1523 1618 1603 1659 pu-

153 1665 313 1707 tantur,
337 1656 505 1698 Catone
522 1668 566 1697 et
586 1655 785 1697 Domitio
803 1657 1073 1713 postulante3
1099 1671 1246 1708 unum,
1262 1667 1309 1698 ut
1332 1659 1446 1714 apud
1465 1661 1603 1717 magi-

151 1723 310 1756 stratus
333 1714 491 1770 inquiri
514 1714 688 1766 liceret3
721 1714 917 1766 alterurn,
936 1717 978 1749 94
990 1714 1116 1770 cujus
1138 1715 1257 1756 domi
1287 1716 1496 1758 divisores
1526 1718 1604 1760 ha-

194 1864 235 1896 89
259 1862 375 1892 missus
392 1865 439 1891 est
461 1861 600 1899 sanguis
615 1860 759 1900 invidiae]
787 1861 808 1891 i.
824 1871 852 1891 e.

152 1904 209 1935 ille
231 1904 414 1935 testimonii
439 1904 542 1934 nostri
565 1908 755 1933 contemtus
780 1913 853 1944 pro-

153 1948 218 1978 fuit
234 1947 328 1977 nobis
342 1946 384 1977 ad
405 1945 562 1977 invidiam
583 1946 854 1985 extinguendam,

155 1999 215 2021 nec
231 1989 377 2019 multum
395 1989 488 2018 nobis
503 1988 559 2018 ille
574 1988 694 2018 doloris
710 1988 838 2019 attulit.

196 2035 238 2066 90
253 2041 323 2061 rem
340 2031 551 2072 many'esmm
566 2031 675 2070 illam]
697 2031 770 2061 Hoc
786 2042 852 2062 non

155 2083 268 2105 verum
283 2073 422 2104 videtur.
439 2073 554 2105 Cicero
570 2073 700 2104 videtur
722 2074 852 2112 dixisse,

154 2116 368 2148 manifestum
397 2126 476 2151 esse,
503 2116 665 2154 judicium
695 2116 777 2147 illud
805 2127 854 2146 re-

154 2159 303 2190 demtum
320 2164 355 2189 et
373 2164 566 2198 corruptum
590 2158 700 2190 fuisse.
725 2159 853 2190 facinus

153 2203 273 2243 ipsum,
297 2211 372 2241 quae
394 2206 479 2232 esset
503 2210 552 2231 res
576 2201 761 2237 manifesta,
787 2212 854 2232 non

155 2245 342 2282 redimitur,
369 2244 487 2286 saltem
531 2252 598 2273 non
629 2254 648 2273 a
672 2244 853 2284 judicibus.

151 2287 241 2318 Tum
278 2287 376 2317 nimis
406 2287 560 2325 frequens
594 2292 644 2315 est
671 2296 855 2326 pronomen

154 2331 223 2368 ille,
236 2329 322 2369 quod
337 2330 441 2360 tribus
452 2329 596 2359 versibus
608 2329 778 2368 quinquies
793 2335 854 2361 est.

155 2372 273 2412 Itaque
290 2371 425 2412 legerim
451 2381 522 2402 rem
545 2369 718 2411 manffeste
731 2373 857 2403 redem-

156 2419 227 2445 tam
248 2425 325 2452 esse,
351 2414 402 2445 vel
431 2412 644 2454 manifestam
671 2415 765 2445 illam
796 2425 855 2456 pro

155 2457 264 2497 glossa
278 2457 465 2488 deleverim.

196 2503 232 2534 91
260 2500 405 2536 Accedit,
420 2499 514 2538 quod,
532 2499 606 2539 &c.]
626 2499 736 2530 Etiam
750 2500 787 2530 id
806 2500 856 2530 in-

153 2542 285 2573 terdum
301 2547 426 2573 temere
441 2542 538 2572 verbo
561 2542 686 2572 aceedit
708 2542 856 2574 additum

156 2589 207 2616 est
221 2595 241 2615 a
255 2584 405 2615 librariis.
429 2585 532 2615 delevi
550 2585 644 2615 illud.

197 2629 239 2661 92
261 2628 375 2667 quibus
389 2627 473 2667 Ph]
493 2627 698 2667 intelligitur
713 2638 828 2659 aurum
845 2640 852 2659 :

155 2670 212 2700 sed
235 2669 396 2710 pluralem
411 2670 533 2710 posuit,
549 2671 626 2710 quia
645 2670 710 2701 duo
735 2681 855 2712 praece-

155 2711 253 2749 dunt,
271 2712 451 2743 auctoritas
465 2717 499 2743 et
513 2713 634 2752 gratia.

201 2757 242 2787 93
269 2755 387 2785 Consul
400 2755 469 2795 ille]
503 2755 564 2786 Est
581 2756 666 2786 Piso.
703 2755 854 2787 Doterio-

156 2797 208 2826 m's
229 2801 280 2827 est
301 2798 461 2828 correctio
478 2798 567 2828 Bosii
591 2809 608 2828 e
638 2799 702 2830 Ms.
733 2799 767 2829 in
790 2810 855 2839 quo

155 2843 227 2869 erat
242 2838 430 2871 Deterionis
443 2849 502 2880 pro
517 2840 609 2880 vulg.
625 2842 802 2873 deterioris.

195 2883 236 2914 94
257 2879 352 2921 cujus
365 2882 453 2914 domi
467 2883 531 2915 div.
554 2882 724 2925 haberent]
751 2885 853 2915 Primi

897 1860 1039 1891 editores
1066 1860 1195 1898 dedere,
1221 1867 1258 1892 ut
1289 1862 1387 1893 Rom.
1423 1863 1603 1904 Jermonus,

898 1903 971 1934 Asc,
1008 1906 1033 1933 l.
1066 1905 1268 1942 habitarent,
1307 1906 1388 1935 item
1419 1907 1506 1937 modi
1544 1918 1604 1948 pro

899 1946 998 1982 domi,
1014 1956 1086 1985 quae
1102 1952 1151 1977 est
1168 1948 1341 1979 correctio.
1387 1947 1492 1979 Aldus
1505 1951 1602 1981 habe—

899 1992 973 2019 rem
1002 1988 1104 2026 dedit,
1137 1989 1192 2020 sed
1222 1996 1351 2021 servato
1378 1990 1475 2031 cujus
1503 1994 1602 2031 modi,

899 2031 984 2070 quod
1000 2036 1167 2062 servatum
1184 2039 1234 2063 est
1250 2033 1318 2064 diu.
1363 2034 1527 2065 Gruterus
1549 2037 1604 2067 de-

897 2074 945 2104 dit
977 2072 1072 2114 cujas
1106 2075 1450 2114 clonzi-—lzabitarent;
1485 2078 1518 2107 in
1550 2079 1601 2111 ed.

898 2117 1057 2147 Gronovii
1080 2116 1207 2148 factum
1236 2119 1402 2154 haberent,
1428 2122 1538 2150 nescio
1559 2132 1603 2153 an

898 2159 1062 2189 consulto.
1081 2161 1200 2191 habere
1213 2171 1270 2200 pro
1287 2162 1439 2192 habitare
1450 2162 1512 2193 dici
1529 2170 1604 2204 pot-

898 2209 948 2232 est
963 2203 1032 2232 sine
1047 2202 1159 2234 dubio.
1207 2204 1270 2234 Sed
1286 2214 1328 2234 an
1343 2204 1407 2235 dici
1423 2206 1526 2244 possit
1541 2209 1604 2237 ali-

898 2244 994 2286 cujus
1013 2245 1100 2275 donzi
1124 2247 1254 2283 hahere,
1277 2257 1314 2277 ea
1332 2248 1472 2286 quaestio
1488 2253 1551 2286 est,
1568 2255 1605 2281 et

899 2287 931 2317 id
956 2297 1023 2318 non
1045 2287 1155 2325 credo,
1183 2299 1242 2319 nec
1262 2290 1451 2330 exemplum
1470 2291 1537 2321 tale
1553 2302 1603 2323 re-

898 2331 979 2370 peri.
1004 2340 1064 2360 nee
1089 2331 1198 2368 credo,
1222 2332 1395 2362 commode
1415 2332 1478 2363 dici
1495 2344 1602 2374 posse,

899 2373 988 2403 domi
1005 2373 1144 2412 alicujus
1161 2373 1316 2404 divisores
1331 2374 1494 2406 habitare.
1539 2377 1604 2408 Le-

900 2416 1043 2454 gendtun
1061 2420 1111 2445 est
1125 2418 1192 2455 qui.
1217 2426 1293 2447 nam
1314 2417 1346 2447 id
1363 2419 1538 2458 respondet
1555 2420 1604 2451 illi

901 2458 939 2488 de
957 2458 1085 2494 Pisone,
1105 2458 1160 2498 qui
1182 2459 1269 2489 domi
1290 2460 1444 2490 divisores
1458 2463 1603 2494 haberet.

901 2500 999 2531 Forte
1015 2507 1050 2531 et
1073 2503 1217 2532 alterum
1233 2508 1283 2532 est
1300 2502 1477 2534 insititiurn
1492 2517 1499 2534 ι
1525 2515 1604 2536 nam

899 2543 1025 2583 inquiri
1047 2543 1243 2583 simpliciter
1271 2545 1416 2585 positum
1447 2552 1508 2581 est,
1543 2558 1604 2578 nec

900 2586 1043 2623 additur,
1069 2586 1107 2617 de
1124 2596 1188 2625 quo
1205 2587 1368 2628 inquirere
1385 2588 1521 2619 liceret:
1548 2590 1605 2621 sed

899 2628 931 2658 id
950 2629 1081 2659 videtur
1107 2639 1176 2659 esse
1201 2629 1263 2661 hoc
1288 2631 1410 2671 ipsum,
1434 2632 1489 2671 qui
1513 2632 1604 2663 domi

899 2671 1059 2702 haberent
1083 2671 1251 2705 divisores.
1308 2673 1459 2704 Alterum
1489 2679 1605 2705 autem

900 2714 1025 2746 SCtum
1050 2721 1101 2745 est
1117 2714 1156 2744 de
1180 2714 1345 2752 Lurcone‚
1360 2722 1400 2745 ut
1416 2716 1521 2756 legem
1538 2717 1603 2748 fer·

900 2761 960 2787 ret.
987 2758 1065 2797 quia
1089 2757 1118 2788 ei
1145 2767 1211 2788 non
1234 2758 1366 2788 additur
1388 2759 1517 2788 numeri
1532 2769 1603 2791 ver-

897 2800 990 2836 bum,
1007 2805 1210 2840 putaverunt
1225 2803 1370 2831 alteram
1386 2801 1540 2832 excidisse
1561 2802 1601 2832 li-

900 2842 1011 2879 brarii,
1027 2848 1062 2873 et
1077 2843 1185 2874 alieno
1201 2844 1274 2874 loco
1290 2842 1498 2874 addiderunt.
1537 2845 1602 2876 Sed

898 2890 933 2916 et
960 2885 1026 2917 alia
1054 2886 1127 2917 loca
1152 2891 1280 2926 reperta
1309 2890 1401 2925 sunt,
1427 2886 1461 2918 in
1483 2886 1600 2927 quibus
