1940 3231
155 354 189 386 p.
205 346 277 377 274.

247 395 277 418 a.

249 1003 275 1041 3

284 130 361 166 948
714 127 895 167 EPIST.
913 127 994 167 AD
1020 127 1295 166 BRUTUM.

291 230 400 282 nios,
424 230 552 287 idque
583 231 759 285 laudas3
789 233 918 275 credo
948 233 1010 275 ita
1034 232 1166 275 videri
1198 233 1306 274 tibi:
1339 232 1412 274 sed
1444 232 1558 275 illam
1582 233 1737 276 distin-

291 289 480 329 ctionem
505 299 622 330 tuam
646 290 761 332 nullo
787 301 914 347 pacto
934 292 1087 346 probo.
1148 289 1311 332 Scribis
1333 291 1464 341 enim,
1486 291 1620 333 acrius
1637 307 1737 347 pro-

291 344 467 387 hibenda
490 346 597 388 bella
625 347 765 389 civilia
795 362 884 398 esse,
906 361 1028 402 quam
1050 348 1096 388 z'n
1114 354 1320 402 superatos
1342 347 1600 390 iracundiam
1622 363 1736 390 exer-

291 402 472 444 cendam.
525 404 812 445 Vehementer
834 420 858 445 a
881 415 938 455 te,
962 405 1110 454 Brute,
1132 405 1366 447 dissentio:
1389 419 1469 445 nec
1491 405 1734 451 clementia-3

293 470 378 502 tuae
402 461 616 513 concedo3
649 461 721 502 sed
746 461 940 502 salutaris
963 461 1166 502 severitas
1191 462 1325 502 vincit
1348 463 1516 503 inanem
1543 463 1736 518 speciem

291 517 548 559 clementiae.
606 519 773 564 Quodsi
798 518 1029 559 clementes
1051 532 1142 558 esse
1166 518 1377 571 volumus,
1400 534 1635 575 numquam
1659 519 1732 560 de-

291 585 416 616 erunt
441 575 550 616 bella
570 576 730 616 civilia.
791 576 875 616 Sed
898 575 951 616 de
974 575 1056 616 hoc
1080 586 1125 615 tu
1148 575 1320 616 videris,
1374 576 1441 617 De
1465 592 1532 618 me
1559 591 1733 633 possum

292 633 420 682 idem,
440 633 554 687 quod
581 632 806 674 Plautinus
831 643 950 688 pater
972 633 1015 673 in
1038 631 1318 674 Trinummo:
1342 633 1442 674 mihi
1460 634 1620 690 quidem
1639 640 1735 678 cetas

290 688 530 745 actaferme
551 697 631 731 est:
655 697 726 731 tua
749 691 849 732 istuc
872 688 997 746 refert
1017 690 1205 730 maxime.
1247 690 1582 746 Opprimemini,
1605 690 1734 744 (mihi

288 747 450 796 crede,)
494 747 644 798 Brute,
688 747 768 788 nisi
813 747 1101 803 provideritiS.
1163 746 1317 802 Neque
1364 747 1479 789 enim
1524 748 1732 804 populum

289 808 457 860 semper
487 805 672 846 eundem
704 804 936 856 habebitis,
959 819 1098 860 neque
1129 816 1340 855 senatum,
1373 820 1510 860 neque
1545 809 1580 836 ¹0
1594 805 1732 847 senati

288 862 458 903 ducem.
521 862 635 904 Haec
662 877 716 903 ex
748 862 922 903 oraculo
945 861 1161 918 Apollinis
1193 862 1340 917 Pythii
1363 862 1480 904 edita
1510 863 1589 903 tibi
1613 873 1732 919 puta.

290 919 396 961 nihil
422 930 564 976 potest
584 934 676 961 esse
700 920 853 961 verius.
886 934 969 961 xrv
998 918 1182 960 Kalend.
1215 919 1374 960 Maias.

808 1009 1212 1048 ARGUMENTUM.

290 1076 529 1112 Octavianum
560 1076 702 1118 laudat,
738 1079 772 1111 et
806 1075 974 1110 loetitiam
1004 1074 1128 1110 Romae
1160 1085 1180 1109 e
1206 1075 1361 1110 victoria
1394 1073 1588 1110 Consulum
1615 1077 1650 1110 et
1677 1074 1733 1112 D.

339 1128 450 1164 Bruti
471 1133 590 1165 ortam
610 1131 891 1164 commemorat:
921 1127 1204 1163 Liberalitatem
1231 1125 1306 1172 ejus
1325 1128 1364 1162 in
1389 1127 1578 1163 seditionis
1606 1130 1731 1163 aucto-

338 1181 435 1217 ribus
453 1181 667 1230 reprehendi
695 1180 832 1223 Romae,
852 1184 887 1215 et
915 1190 1034 1216 omnes
1053 1180 1282 1216 Antonianos
1309 1179 1427 1215 hostes
1444 1177 1634 1226 judicatos
1661 1190 1737 1216 esse

335 1233 473 1270 scribit.

693 1299 762 1342 M.
787 1299 839 1342 T.
863 1299 916 1342 C.
948 1298 1017 1341 M.
1041 1298 1254 1342 BRUTO
1286 1300 1331 1342 S.

290 1356 571 1411 NOSTRAE
604 1383 667 1410 res
698 1367 872 1410 meliore
893 1366 990 1410 loco
1016 1367 1286 1410 videbantur.
1347 1366 1521 1423 Scripta
1540 1367 1657 1408 enim
1678 1366 1732 1410 ad

287 1440 328 1470 ie
350 1436 469 1469 certo
492 1427 597 1477 scio,
617 1441 714 1482 quae
739 1433 861 1482 gesta
883 1436 999 1466 sunt.
1022 1426 1170 1481 quales
1194 1425 1274 1466 tibi
1298 1439 1413 1481 saepe
1445 1425 1595 1481 scripsi
1627 1439 1734 1466 con-

285 1484 411 1537 sules,
446 1484 550 1526 tales
584 1484 871 1534 exstiterunt„
923 1482 1109 1524 Caesaris
1143 1497 1244 1524 vero
1287 1482 1408 1539 pueri
1451 1482 1635 1523 mirifica
1667 1497 1733 1524 m-

283 1542 402 1584 doles
440 1541 624 1584 virtutis.
689 1541 867 1583 Utinam
905 1551 990 1582 tam
1030 1540 1157 1582 facile
1190 1555 1289 1582 eum
1327 1540 1552 1581 florentem
1587 1551 1631 1582 et
1652 1540 1731 1582 ho-

284 1600 478 1651 notibus,
503 1608 547 1640 et
577 1599 732 1655 gratia,
755 1613 902 1654 regere
932 1613 983 1640 ac
1014 1607 1159 1639 tenere
1190 1597 1420 1654 possimuS,
1443 1612 1572 1653 quam
1604 1597 1732 1644 facile

283 1658 427 1701 adhuc
460 1657 702 1699 tenuimus!
758 1655 836 1697 Est
865 1655 1044 1697 omnino
1076 1655 1179 1696 illud
1210 1655 1457 1696 difficilius:
1490 1655 1562 1696 sed
1587 1664 1730 1697 tamen

284 1730 372 1756 non
403 1714 656 1756 diffidimus.
718 1713 976 1755 Persuasum
1012 1722 1077 1754 est
1107 1712 1222 1754 enim
1254 1712 1533 1763 adolescenti,
1564 1721 1606 1753 et
1639 1727 1730 1754 ma-

285 1773 404 1814 xime
437 1787 511 1828 per
541 1786 625 1823 me,
649 1770 742 1827 ejus
774 1785 908 1827 opera
935 1785 1014 1811 nos
1045 1784 1138 1812 esse
1169 1769 1323 1811 salvos.
1354 1779 1398 1810 et
1428 1779 1559 1822 certe,
1582 1770 1663 1810 nisi
1695 1770 1730 1812 is

286 1830 530 1873 Antonium
565 1830 620 1870 ab
657 1830 761 1870 urbe
799 1828 1039 1879 avertisset,
1076 1827 1306 1885 periissent
1346 1827 1506 1868 omnia.
1566 1825 1730 1870 Triduo

289 1902 404 1939 vero,
426 1899 500 1929 aut
521 1886 752 1943 quatriduo
788 1896 888 1927 ante
926 1885 1038 1927 hanc
1071 1900 1160 1926 rein
1196 1884 1544 1941 pulcherrimam,
1576 1885 1731 1928 timore

283 1946 474 2001 quodam
514 1944 709 2001 perculsa
749 1944 904 1985 civitas
947 1952 1041 1985 tota
1073 1943 1126 1984 ad
1166 1953 1206 1983 te
1244 1956 1288 1983 se
1325 1956 1425 1983 cum
1465 1940 1729 1998 conjugibus

283 2014 328 2044 et
366 2003 510 2044 liberis
543 2002 809 2043 effundebat.
848 2000 1013 2052 eadem,
1047 2009 1238 2042 recreata
1272 2015 1311 2040 a.
1345 1999 1386 2040 d.
1426 2013 1503 2040 xu
1545 1999 1730 2042 Kalend.

283 2060 443 2110 Maias,
469 2072 510 2101 te
547 2060 632 2100 huc
665 2060 823 2109 venire,
857 2073 985 2114 quam
1023 2072 1068 2099 se
1100 2058 1152 2099 ad
1188 2066 1229 2098 te
1262 2057 1324 2098 ire
1361 2056 1565 2098 malebat.
1627 2057 1728 2105 Quo

280 2118 457 2174 quidem
481 2119 551 2159 die
583 2131 841 2173 magnorum
874 2130 1066 2157 meorum
1099 2115 1292 2156 laborum
1326 2114 1644 2169 multarumque
1666 2115 1730 2156 vi·

282 2176 485 2232 giliarum
514 2175 704 2216 fructum
736 2173 831 2230 cepi
864 2174 1119 2223 maximum,
1143 2173 1176 2214 si
1202 2173 1331 2214 modo
1355 2180 1420 2213 est
1455 2171 1609 2226 aliquis
1639 2171 1731 2213 frn-

261 2245 376 2275 -ctus
408 2248 464 2275 ex
499 2232 635 2274 solida
668 2245 852 2288 veraque
885 2231 1037 2286 gloria.
1102 2230 1214 2272 Nam
1252 2238 1385 2271 tantae
1425 2229 1730 2280 multitudinis,

280 2300 486 2346 quantam
522 2290 641 2346 capit
672 2290 775 2331 urbs
813 2299 976 2338 nostra,
1010 2302 1245 2329 concursus
1282 2296 1347 2328 est
1381 2287 1434 2327 ad
1472 2301 1540 2327 me
1573 2287 1727 2328 tactus.

286 2352 380 2389 ¹1eu
400 2363 499 2390 cum
533 2361 669 2403 usque
691 2347 734 2388 in
768 2345 1035 2402 Capitolium
1069 2345 1294 2396 deductus,
1318 2344 1511 2385 maximo
1542 2343 1729 2386 clamore

281 2416 411 2461 atque
436 2406 584 2462 plausu
612 2404 703 2445 ¹2in
739 2405 886 2446 rostris
917 2403 1152 2444 collocatus
1184 2417 1293 2443 sum.
1355 2401 1479 2442 Nihil
1505 2412 1570 2442 est
1593 2403 1634 2442 in
1658 2415 1727 2442 me

283 2465 439 2506 inane:
481 2477 619 2519 neque
659 2462 774 2503 enim
811 2461 966 2503 debet:
1001 2460 1071 2501 sed
1116 2470 1259 2501 tamen
1298 2459 1492 2500 omnium
1531 2458 1731 2500 ordinum

281 2535 532 2572 consensus,
562 2520 799 2576 gratiarum
831 2518 961 2569 actio,
994 2517 1328 2574 gratulatioque,
1351 2531 1418 2557 me
1449 2527 1727 2568 commovet3

281 2588 511 2636 propterea
550 2577 668 2634 quod
714 2575 1013 2633 ¹3popularem
1055 2589 1124 2616 me
1164 2589 1256 2616 esse
1296 2574 1340 2614 in
1384 2573 1534 2629 populi
1576 2572 1727 2627 salute,

324 2745 363 2774 10
383 2743 488 2774 senati
505 2739 640 2781 ducem]
659 2741 713 2772 Sie
728 2740 778 2772 ed.
796 2740 894 2772 Rom.
919 2739 982 2771 Sed
1024 2740 1242 2770 concionarer
1263 2747 1309 2769 sc.
1323 2737 1364 2769 de
1382 2737 1521 2769 victoria
1541 2736 1628 2779 apud
1650 2735 1729 2767 Mu-

277 2785 371 2818 δειις.
385 2789 530 2815 senat-as.
1025 2783 1145 2813 tinam.

324 2830 358 2858 ll
383 2838 422 2858 ea
443 2825 732 2865 cum-deductus]
763 2824 903 2856 Videtur
924 2835 979 2856 ex·
1069 2827 1105 2855 13
1125 2826 1319 2865 popularem
1335 2833 1388 2853 me
1401 2822 1480 2865 esse]
1497 2822 1659 2855 Gruterus
1674 2830 1726 2861 me

277 2870 392 2903 cidisse
406 2868 448 2901 ab
463 2869 558 2900 initio
575 2870 628 2906 ab,
643 2874 677 2899 et
693 2869 728 2898 in
743 2868 810 2899 fine
824 2877 935 2899 essem.
1023 2867 1124 2900 deleri
1139 2867 1281 2901 volebat.
1298 2866 1392 2899 bene.

324 2914 364 2944 12
391 2912 425 2945 in
459 2913 574 2943 rostris
601 2913 774 2945 collocatus
801 2910 890 2955 cum]
932 2908 980 2941 Ut
