1940 3231
709 112 916 152 LIBER
942 110 1029 151 XV.
1525 113 1601 150 839

159 216 306 271 (feres,
328 218 443 275 quod
466 219 644 271 dicam‚)
668 233 735 259 me
769 217 872 258 Idus
897 215 1073 257 Martiae
1108 229 1193 255 non
1218 213 1448 255 delectant.
1478 212 1605 255 wille

158 275 275 317 enim
300 292 533 333 numquam
558 276 827 318 revertisset:
861 289 938 315 nos
963 275 1091 314 timor
1113 271 1370 314 confirmare
1393 272 1486 326 ejus
1508 281 1606 313 acta

159 345 248 374 non
276 335 514 390 coegisset:
546 343 635 384 aut,
657 337 725 385 (ut
756 332 799 373 in
824 331 986 373 Saufeii
1019 345 1129 382 eam,
1151 329 1476 384 relinquamque
1496 327 1606 369 Tus-

158 390 334 433 culanas
357 391 687 448 disputationes,
709 391 761 431 ad
792 405 897 445 quas
933 399 977 430 tu
1008 390 1140 430 etiam
1177 387 1426 428 Vestorium
1460 385 1607 426 horta-

158 447 252 499 ris‚)
274 449 336 490 ita
358 449 535 506 gratiosi
554 462 723 488 eramus
745 447 858 504 apud
883 446 1018 498 illum,
1037 460 1165 502 quem
1188 445 1248 486 dii
1270 454 1491 485 mortuum
1513 457 1608 498 per-

158 504 308 549 duint!
343 517 391 547 ut
411 510 449 541 47
466 517 624 547 nostrae
645 505 781 557 aetati,
800 504 1005 560 quoniam
1030 502 1260 545 interfecto
1283 502 1461 544 domino
1484 500 1607 541 liberi

159 576 245 604 non
270 578 431 615 sumus,
455 579 541 604 non
569 561 698 604 fuerit
719 563 921 604 dominus
944 561 1013 602 ille
1047 560 1294 618 fugiendus.
1326 560 1475 610 rubeo,
1499 557 1609 599 mihi

158 621 299 662 crede.
332 621 514 676 sedjam
551 622 831 677 scripseram3
863 619 1003 661 delere
1026 619 1159 660 nolui.
1222 618 1290 659 De
1328 616 1609 667 Menedemo,

159 674 311 719 'vellem
337 693 485 720 verum
514 678 679 720 fuisset.
743 678 810 719 De
833 678 996 733 regina,
1017 677 1144 718 velim
1177 690 1323 717 verum
1348 675 1418 716 sit.
1480 673 1610 715 Cete-

159 748 208 780 ra
229 750 390 788 coram,
418 745 461 777 et
485 737 690 787 maxime,
712 736 814 792 quid
839 735 995 776 nostris
1019 733 1267 775 faciendum
1300 733 1381 784 sit3
1419 732 1523 788 quid
1546 742 1611 772 et-

158 791 244 833 iam
269 794 410 846 nobis,
445 795 478 836 si
512 794 731 836 Antonius
765 792 975 834 militibus
1010 793 1262 833 obsessurus
1296 800 1362 831 est
1397 798 1610 831 senatum.

159 848 292 893 Hanc
313 852 544 908 epistolam
579 852 612 893 si
638 851 749 893 illius
781 850 1004 893 tabellario
1038 850 1266 900 dedissem,
1302 849 1461 889 veritus
1499 863 1609 897 sum,

157 922 214 949 ne
236 909 434 951 solveret.
459 911 607 965 itaque
640 909 735 950 misi
760 908 908 951 dedita
929 921 1076 964 opera.
1108 916 1199 948 erat
1221 907 1336 947 euim
1371 906 1609 947 rescriben-

160 966 265 1007 dum
290 968 389 1008 tuis.
453 968 596 1014 Quam
621 967 789 1019 vellem,
814 966 951 1007 Bruto
975 965 1165 1006 studium
1198 975 1319 1006 tuum
1346 978 1502 1005 navare
1534 979 1612 1020 po-

164 1024 346 1068 tuisses!
380 1039 463 1081 ego
491 1026 625 1082 igitur
660 1026 712 1066 ad
743 1039 842 1065 eum
874 1024 1052 1065 litteras.
1083 1023 1153 1063 Ad
1184 1022 1455 1064 Dolabellam
1487 1019 1613 1062 Tiro:

162 1095 260 1123 nem
286 1083 382 1123 misi
406 1098 504 1124 cum
531 1082 745 1124 mandatis
778 1092 822 1123 et
843 1081 1014 1123 litteris.
1046 1095 1142 1121 eum
1167 1081 1220 1121 ad
1255 1091 1297 1121 te
1322 1079 1523 1131 vocabis3
1555 1088 1613 1130 et,

165 1139 199 1180 si
240 1140 343 1195 quid
381 1140 576 1191 habebis,
615 1141 731 1196 quod
771 1140 953 1197 placeat,
990 1139 1165 1180 scribes.
1228 1136 1343 1178 Ecce
1381 1148 1525 1178 autem
1561 1137 1615 1178 de

164 1203 408 1240 transverso
458 1198 507 1240 L.
549 1198 710 1250 Caesar,
752 1208 801 1239 ut
842 1198 1009 1238 veniam
1057 1197 1110 1238 ad
1152 1210 1210 1244 se,
1252 1205 1394 1251 rogat,
1439 1195 1480 1235 in
1528 1194 1615 1235 Ne-
1628 1197 1660 1229 b-

166 1268 289 1307 mus;
322 1266 396 1297 aut
418 1256 619 1307 scribam,
641 1271 727 1311 quo
753 1270 797 1296 se
820 1256 963 1296 venire
989 1254 1141 1296 velim:
1175 1253 1312 1294 Bruto
1335 1253 1448 1293 enim
1475 1253 1617 1308 place-

164 1325 225 1363 re,
248 1328 292 1354 se
325 1329 350 1354 a
383 1329 450 1355 me
480 1314 717 1356 conveniri.
754 1329 780 1354 o
814 1327 902 1354 rem
937 1313 1131 1354 odiosam
1163 1322 1207 1352 et
1237 1310 1615 1366 inexplicabilem!

201 1381 274 1411 uto
306 1386 375 1412 me
395 1386 500 1429 ergo
532 1372 708 1422 iturum,
732 1381 775 1412 et
798 1371 898 1411 inde
934 1370 1148 1420 Romam3
1182 1369 1261 1410 nisi
1295 1369 1401 1424 quid
1432 1378 1618 1410 mutato,

165 1384 430 1470 gummatim
461 1429 603 1471 adhuc
625 1430 677 1470 ad
712 1439 766 1470 te.
798 1428 1013 1470 nihildum
1035 1427 1149 1468 enim
1173 1442 1198 1468 a
1232 1426 1386 1468 Balbo.
1418 1435 1512 1467 tuas
1536 1426 1619 1482 igi-

164 1494 234 1526 tur
256 1498 480 1543 exspecto,
502 1501 582 1529 nec
603 1497 796 1528 actorum
818 1486 972 1538 solum,
996 1486 1067 1527 sed
1087 1485 1219 1526 etiam
1243 1484 1503 1526 futurorum.

344 1642 348 1647 ,
597 1594 835 1636 CICERO
866 1593 1098 1636 ATTICO
1131 1594 1176 1635 S.
1629 1589 1654 1626 5

169 1650 220 1704 A
247 1661 460 1704 BRUTO
493 1663 739 1705 tabellarius
771 1663 923 1705 rediit:
957 1662 1104 1704 attulit
1134 1674 1177 1703 et
1208 1663 1263 1703 ab
1293 1678 1360 1714 eo,
1382 1671 1426 1704 et
1449 1662 1617 1705 Cassio.

168 1720 398 1763 eonsilium
436 1736 579 1763 meum
616 1735 879 1778 magnopere
916 1721 1177 1776 exquirunt:
1229 1721 1389 1762 Brutus
1427 1721 1619 1776 quidem,

168 1781 210 1811 48
226 1787 368 1819 utrum
404 1779 457 1820 de
491 1779 677 1821 duobus.
710 1795 736 1820 o
776 1794 865 1820 rem
896 1778 1124 1820 miseram!
1177 1777 1302 1835 plane
1345 1794 1430 1819 non
1462 1779 1620 1830 habeo,

163 1837 207 1870 49
221 1836 336 1891 quod
360 1837 562 1878 scribam.
587 1838 732 1893 itaque
754 1837 925 1877 silentio
952 1847 1056 1892 puto
1078 1850 1148 1877 me
1171 1851 1374 1889 usurum3
1412 1837 1492 1878 nisi
1515 1837 1620 1893 quid

165 1892 282 1935 aliud
320 1894 400 1935 tibi
435 1895 618 1936 videtur.
651 1896 716 1936 sin
756 1895 836 1935 tibi
874 1895 977 1949 quid
1013 1895 1131 1936 venit
1168 1894 1209 1934 in
1246 1905 1450 1946 mentem,
1480 1896 1622 1937 scribe

165 1958 330 2006 quaeso'.
393 1951 569 1993 Cassius
603 1967 704 1994 vero
739 1953 1016 1993 vehementer
1047 1963 1141 1993 orat
1174 1967 1224 1992 ac
1263 1953 1386 2009 petit,
1432 1962 1481 1994 ut
1514 1953 1621 1994 Hir-

167 2008 276 2049 tium
301 2024 430 2064 quam
448 2011 663 2066 optimum
678 2010 852 2054 faciam.
884 2024 1034 2051 sanum
1051 2012 1204 2066 putas?
1234 2014 1411 2061 ὁογνοιφεὺς
1428 2015 1621 2068 inv-Qunam

165 2066 395 2123 epistolam
433 2068 512 2109 tibi
542 2068 655 2109 misi.
711 2068 772 2110 Ut
805 2078 851 2109 tu
884 2068 938 2109 de
977 2067 1203 2124 provincia
1243 2067 1368 2109 Bruti
1400 2079 1442 2110 et
1480 2069 1621 2111 Cassii

164 2138 242 2181 per
274 2135 446 2166 senatus
486 2126 749 2178 consultum,
781 2126 842 2167 ita
883 2126 1036 2167 scribit
1066 2137 1110 2167 et
1145 2124 1307 2167 Balbus
1339 2136 1383 2167 et
1421 2126 1619 2169 Hirtius:

168 2182 244 2238 qui
278 2182 469 2238 quidem,
508 2198 553 2224 se
585 2192 799 2226 actutum.
839 2184 1002 2225 etenim
1039 2183 1133 2239 jam
1178 2184 1221 2224 in
1252 2183 1498 2227 Tusculano
1530 2196 1620 2228 est:

169 2240 381 2296 mihique,
420 2251 468 2282 ut
508 2242 663 2294 absim,
707 2241 984 2283 vehementer
1014 2251 1166 2283 auctor
1204 2250 1299 2284 est:
1347 2253 1392 2283 et
1421 2243 1493 2284 ille
1527 2245 1625 2300 qui·

169 2297 268 2339 dem
303 2297 481 2354 periculi
526 2315 681 2352 causa3
731 2299 847 2355 quod
892 2299 975 2341 sibi
1017 2299 1149 2340 etiam
1184 2299 1317 2341 fuisse
1359 2300 1487 2342 dicit:
1539 2316 1623 2358 ego

169 2364 331 2407 autem,
372 2357 503 2398 etiam
561 2366 609 2399 ut
653 2356 819 2399 nullum
867 2357 1109 2413 periculum
1149 2357 1229 2400 sit:
1275 2366 1444 2399 tantum
1486 2358 1623 2411 abest,

170 2423 221 2454 ut
264 2413 447 2455 Antonii
490 2415 782 2472 suspicionem
818 2414 970 2471 fugere
1012 2430 1128 2456 nunc
1177 2429 1339 2467 curem,
1383 2431 1436 2457 ne
1479 2417 1625 2458 videar

170 2470 265 2526 ejus
310 2472 510 2514 secundis
551 2474 678 2514 rebus
722 2487 809 2514 uon
856 2473 1075 2525 delectari,
1126 2482 1174 2514 ut
1228 2473 1334 2514 mihi
1376 2489 1506 2516 causa
1553 2475 1624 2527 sit,

169 2542 249 2570 cur
288 2528 478 2572 Romam
516 2531 662 2573 venire
696 2530 847 2583 nolim,
878 2545 931 2572 ne
970 2531 1087 2572 illum
1128 2531 1312 2572 videam.
1374 2532 1512 2574 Varro
1550 2549 1627 2575 au-

173 2686 315 2728 putabat
359 2689 568 2720 scribendum
606 2693 786 2720 maneant.-
831 2688 878 2720 sic
963 2692 1004 2724 47
1039 2694 1156 2722 nostroe
1191 2690 1295 2731 oetati]
1333 2691 1399 2732 Qui
1435 2700 1528 2722 senes
1552 2691 1625 2731 jam

172 2728 272 2769 plane
294 2733 345 2760 est
367 2731 401 2761 in
417 2731 469 2762 ed.
493 2733 589 2763 Rom.
604 2737 740 2763 manent
761 2738 879 2763 tamen
921 2741 1048 2765 sumus.

173 2771 256 2803 mihi
274 2773 378 2812 magis
394 2774 513 2814 placet.
963 2777 1004 2806 48
1028 2779 1146 2806 utrum
1171 2776 1210 2806 de
1232 2775 1368 2815 duobus]
1396 2774 1551 2808 Consiliis
1577 2786 1627 2808 se-

214 2814 257 2845 46
278 2815 335 2845 ille
361 2817 449 2847 enim
474 2826 648 2857 nunquam
677 2817 873 2856 revertisset]
920 2822 1059 2858 quatur:
1084 2818 1201 2848 Romae
1217 2819 1271 2854 sit,
1288 2828 1329 2848 an
1345 2822 1438 2848 extra
1455 2818 1584 2850 urbem.

174 2857 204 2889 E
227 2856 314 2889 bello
329 2858 497 2898 Parthico,
511 2859 552 2891 ad
575 2860 663 2900 quod
677 2861 767 2892 abire
788 2861 878 2899 cogi·
962 2863 1005 2894 49
1020 2860 1106 2900 quod
1117 2861 1275 2900 scribam]
1294 2861 1347 2891 Sic
1364 2865 1452 2892 recte
1467 2860 1518 2891 ed.
1533 2862 1629 2892 Rom.

173 2902 280 2942 tabat.
921 2911 987 2933 non
1005 2903 1095 2943 quid,
1111 2907 1148 2933 ut
1164 2908 1283 2936 ceterae
1300 2902 1375 2934 inde
1391 2914 1409 2935 a
1424 2904 1582 2935 Jensono.

809 2950 942 2987 3114
