1940 3231
718 121 921 159 LIBER
955 122 985 158 Ι,
1498 119 1574 153 885

136 224 349 281 ejusmodi
384 234 548 283 partem
583 226 830 282 reipublicae
864 225 991 280 geris,
1016 223 1056 264 in
1081 237 1165 278 qua
1188 220 1360 262 fortuna
1380 219 1575 261 domine-

134 292 218 334 tur,
241 284 312 324 sed
338 285 380 325 in
403 299 488 339 qua
511 284 737 340 plurimum
764 283 871 323 ratio
893 282 1043 337 possit,
1066 291 1109 320 et
1131 279 1371 335 diligentia.
1406 278 1574 324 Quodsi

135 341 232 392 tibi,
254 340 410 382 bellum
442 341 613 396 aliquod
641 355 843 396 magnum
866 351 910 380 et
931 337 1215 395 periculosum
1241 335 1576 385 administranti,

134 408 417 454 prorogatum
440 399 667 454 imperium
691 398 905 447 videremg
938 407 1160 437 tremerem
1185 394 1346 443 animo,
1365 392 1478 447 quod
1503 406 1575 455 eo-

133 454 231 496 dem
257 466 448 511 tempore
470 469 560 496 esse
583 454 866 511 intelligerem
890 455 1017 495 etiam
1041 454 1222 493 fortuncc
1249 460 1506 506 potestatem
1531 463 1574 489 111

136 526 216 568 uos
241 522 532 568 prorogatam.
593 513 723 554 Nunc
748 528 847 553 vero
880 527 930 552 ea
952 526 1047 567 pars
1071 510 1148 550 tibi
1174 507 1422 564 reipublicae
1456 520 1575 570 com-

134 569 266 611 missa
297 579 375 621 est,
398 570 441 610 in
469 585 554 625 qua
584 581 658 611 aut
689 569 863 620 nullam,
885 579 959 610 aut
983 569 1259 624 perexiguam
1288 576 1450 621 partem
1478 564 1573 627 'ior-

134 636 242 668 tuna
265 636 396 677 tenet,
419 636 462 667 et
495 642 592 683 quae
616 628 721 668 mihi
746 637 838 668 tota
859 628 901 667 in
932 637 1005 667 tua
1028 626 1184 670 virtute
1207 640 1256 664 ac
1279 623 1573 664 moderatione

133 684 265 725 animi
289 684 430 740 posita
451 699 542 725 esse
567 686 775 727 videatur.
838 683 1003 734 NullaS,
1027 693 1074 723 ut
1107 682 1275 738 opinor,
1298 681 1474 722 insidias
1497 679 1575 721 lto-

133 741 278 792 stium‚
297 741 456 783 nullam
488 743 621 798 przelii
651 743 989 792 dimicationem,
1019 740 1177 781 nullam
1197 739 1483 781 defectionem
1509 751 1578 776 so-

131 799 314 848 ciorum,
337 800 496 840 nullam
520 801 710 856 inopiam
733 800 952 856 stipendii,
975 808 1048 839 aut
1068 800 1127 839 rei
1151 796 1459 846 frumentariae,
1485 794 1578 834 nul-

132 856 216 897 lam
242 857 498 898 seditionem
520 859 735 899 exercitus
771 857 1112 914 pertimescimus
1134 872 1142 897 z
1175 869 1271 910 quae
1298 866 1489 910 persaepe
1512 867 1579 892 sa-

134 914 414 970 pientissimis
437 915 539 957 viris
562 916 825 966 acciderunt,
847 926 909 966 ut,
929 913 1292 969 quemadmodum
1317 912 1580 966 gubernato-

133 985 199 1023 res
221 972 377 1029 optimi
407 973 492 1014 vim
530 974 816 1030 tempestatis,
848 974 908 1014 sic
931 971 989 1012 illi
1015 971 1200 1012 fortunae
1221 970 1432 1025 impetum
1455 982 1580 1024 supe-

135 1044 227 1080 rare
245 1044 330 1079 non
349 1041 539 1087 possent.
562 1030 660 1072 Tibi
680 1031 781 1072 data
798 1041 863 1070 est
882 1044 1049 1070 summa
1069 1044 1169 1084 pax,
1188 1042 1355 1070 summa
1374 1025 1581 1081 tranquil-.-

134 1086 256 1132 litasz
290 1087 350 1138 ita
373 1098 532 1138 tamen,
555 1098 603 1130 ut
620 1104 671 1130 ea
699 1088 985 1129 dormientem
1013 1087 1347 1142 gubernatorem
1372 1086 1389 1114 5
1407 1084 1470 1124 vel
1503 1084 1582 1124 ob-

134 1159 269 1194 ruere,
290 1146 544 1201 vigilantem
573 1147 703 1187 etiam
733 1145 945 1187 delectare
968 1144 1118 1200 possit.
1172 1142 1358 1184 Constat
1386 1142 1499 1181 enim
1533 1156 1583 1186 ea

137 1203 362 1258 provincia
384 1204 570 1259 primum
594 1218 647 1245 ex
672 1218 723 1244 eo
762 1217 917 1260 genere
951 1202 1181 1251 sociorum,
1205 1200 1321 1256 quod
1344 1209 1408 1239 est
1430 1213 1483 1239 ex
1504 1198 1583 1262 ho-

136 1262 300 1301 minum
321 1261 439 1303 omni
459 1275 615 1317 genere
634 1261 1019 1302 humanissimum:
1044 1259 1198 1300 deinde
1215 1274 1267 1299 cx
1287 1272 1337 1298 eo
1353 1271 1508 1312 genere
1522 1271 1584 1298 ct·

137 1317 268 1368 vium,
284 1319 356 1375 qui
377 1332 465 1370 aut,
483 1319 597 1374 quod
617 1319 835 1375 publicani
859 1328 972 1368 sunt,
989 1332 1064 1358 nos
1083 1331 1250 1361 summa
1268 1314 1584 1357 necessitudine

135 1375 379 1431 attingunt:
398 1387 486 1427 aut,
505 1377 621 1431 quod
643 1379 701 1417 ita
721 1377 1012 1433 negotiantur,
1031 1385 1078 1415 ut
1095 1373 1330 1429 locupletes
1350 1373 1449 1423 sint,
1473 1372 1584 1413 6no-

136 1433 211 1473 stri
235 1433 482 1475 consulatus
507 1435 718 1475 beneficio
741 1450 785 1476 se
809 1435 1044 1475 incolumes
1068 1432 1260 1473 fortunas
1294 1431 1448 1472 habere
1468 1429 1582 1471 arbi-

135 1500 317 1532 trantur.
340 1492 401 1532 At
422 1491 535 1533 enim
556 1492 666 1534 inter
686 1493 762 1534 lios
786 1493 900 1548 ipsos
923 1491 1136 1532 exsistunt
1161 1504 1311 1544 graves
1334 1498 1581 1529 controver-

136 1549 228 1599 siae,
253 1547 399 1590 multae
431 1559 666 1591 nascuntur
689 1550 875 1605 injuriae,
902 1564 1070 1605 magnae
1103 1547 1404 1588 contentiones
1435 1561 1586 1587 conse-

136 1615 341 1661 quuntur.
366 1607 530 1654 7Quasi
550 1622 650 1648 vero
664 1622 746 1663 ego
769 1607 812 1649 id
830 1617 994 1664 putem,
1009 1620 1094 1646 non
1113 1615 1154 1646 te
1171 1604 1436 1659 aliquantum
1453 1619 1587 1660 nego-

144 1663 191 1703 tii
209 1663 433 1705 sustinere.
455 1664 674 1722 Intelligo,
689 1679 970 1722 permagnum
986 1678 1077 1705 esse
1092 1663 1386 1719 negotium,et
1406 1662 1586 1703 maximi

140 1721 324 1762 consilii.
347 1722 420 1764 sed
441 1734 676 1775 memento,
699 1723 867 1764 consilii
888 1737 957 1764 me
976 1721 1060 1763 hoc
1082 1720 1309 1778 negotium
1332 1734 1424 1761 esse
1446 1720 1584 1776 magis

139 1778 376 1834 aliquanto,
390 1795 517 1836 quam
535 1780 735 1832 fortunae,
751 1791 915 1837 putare.
940 1780 1057 1827 Quid
1077 1790 1142 1820 est
1155 1779 1267 1820 enim
1286 1777 1465 1834 negotii,
1480 1793 1584 1822 con-

137 1836 274 1877 tinere
293 1851 381 1889 eos,
402 1838 559 1893 quibus
584 1839 747 1895 praesiS,
770 1839 803 1879 si
829 1849 870 1879 te
890 1839 981 1894 ipse
1002 1837 1256 1879 contineas?
1289 1835 1337 1879 Id
1361 1845 1505 1879 autem
1528 1835 1582 1876 sit

138 1909 346 1950 magnum
369 1905 412 1936 et
433 1896 610 1937 difficile
631 1897 799 1948 ceteris,
833 1897 944 1938 sicut
976 1904 1041 1936 est
1073 1894 1402 1939 difficillimum:
1436 1893 1515 1934 tibi
1540 1904 1584 1934 et
1618 1905 1625 1913 ·

138 1951 222 1992 fuit
238 1952 319 1993 hoc
338 1967 505 2010 semper
519 1953 787 2006 facillimum,
804 1964 848 1996 et
865 1968 965 1995 vero
985 1967 1074 1994 esse
1088 1953 1264 2003 debuit;
1287 1952 1410 2007 cujus
1431 1960 1585 1992 natura

140 2009 237 2050 talis
259 2019 338 2063 est,
361 2020 409 2052 ut
431 2011 560 2051 etiam
585 2012 676 2054 sine
705 2012 903 2053 doctrina
927 2011 1121 2053 videatur
1151 2009 1373 2050 moderata
1394 2023 1484 2050 esse
1508 2024 1586 2065 po-

140 2067 298 2109 tuisse:
337 2082 386 2109 ea
408 2078 551 2109 autem
576 2069 772 2111 adhibita
794 2070 992 2111 doctrina
1013 2079 1092 2119 est,
1116 2071 1132 2099 8
1147 2082 1245 2123 quae
1269 2067 1336 2108 vel
1358 2067 1585 2108 vitiosissi-

139 2139 255 2166 mam
278 2135 472 2167 naturam
497 2127 695 2168 excolere
719 2130 868 2184 possit.
927 2126 991 2168 Tu
1015 2141 1114 2167 cum
1140 2125 1350 2181 pecunia‘,
1374 2140 1471 2165 cum
1512 2140 1586 2166 vo-

137 2181 309 2237 luptati,
346 2199 442 2224 cum
473 2185 667 2225 omnium
699 2200 837 2226 reruni
871 2183 1101 2240 cupiditati
1135 2184 1318 2231 resistes,
1363 2192 1410 2222 ut
1452 2183 1583 2225 facis:

138 2240 233 2291 erit,
256 2240 400 2292 credo,
433 2242 687 2298 periculum,
718 2257 771 2283 ne
803 2243 1050 2298 improbum
1087 2242 1418 2296 negotiatorem,
1441 2241 1585 2296 paullo

140 2297 407 2354 cupidiorem
454 2299 734 2355 publicanum
786 2301 1071 2356 comprimere
1124 2314 1210 2339 uon
1254 2298 1407 2354 possis.
1470 2298 1586 2340 Nam

141 2354 285 2396 Graeei
310 2356 484 2411 quidem
509 2357 569 2397 sic
596 2368 636 2397 te
655 2358 716 2398 ita
740 2358 954 2399 viventem
979 2358 1277 2405 intuebuntur,
1301 2366 1347 2396 ut
1369 2356 1585 2411 quendam

139 2426 193 2453 ex
225 2413 443 2454 annalium
474 2415 698 2466 memoria,
720 2424 796 2456 aut
824 2416 955 2456 etiam
980 2415 1033 2456 de
1070 2414 1185 2456 coelo
1217 2414 1412 2454 divinum
1444 2413 1586 2455 homi-

138 2483 238 2512 nem
261 2485 351 2512 esse
373 2471 417 2514 in
437 2472 705 2528 provinciam
728 2473 949 2531 delapsum
974 2481 1141 2529 putent.
1172 2470 1319 2526 Atque
1338 2471 1433 2512 haec
1456 2486 1586 2525 nunc,

186 2587 204 2615 5
227 2586 278 2615 vel
305 2585 451 2627 obruere]
483 2588 537 2617 vel
556 2586 619 2617 hoe
641 2586 714 2617 loco
741 2588 841 2629 plane
883 2588 980 2629 plane
1011 2587 1185 2623 redundat,
1212 2590 1246 2617 et
1271 2585 1436 2617 duriorem
1462 2587 1584 2618 oratio-

140 2626 287 2657 alienum
310 2632 372 2665 est,
389 2628 532 2668 adeoque
554 2628 729 2661 delendum
753 2630 842 2661 vide·
884 2641 959 2661 nem
977 2631 1068 2662 facit.

140 2676 208 2699 tur.
254 2669 355 2701 Aldus
369 2672 422 2701 vel
437 2673 537 2702 ctiam
552 2678 631 2702 ante
646 2673 842 2712 vigilantem
927 2676 945 2703 8
968 2682 1039 2713 quoe
1052 2675 1105 2704 vel
1123 2683 1154 2704 v.
1170 2677 1330 2703 naturam
1353 2672 1503 2701 attollere
1509 2681 1584 2712 pos-

140 2710 277 2742 addidit.
882 2715 938 2756 sit]
957 2717 1105 2746 attollere
1120 2720 1170 2746 est
1186 2725 1225 2746 ex
1238 2714 1287 2745 ed.
1302 2713 1393 2744 Jens.
1412 2714 1509 2744 Rom.
1526 2714 1586 2744 ha—

184 2754 204 2784 6
226 2755 328 2784 nostri
351 2764 432 2785 cons.
450 2755 597 2797 beneficio
611 2767 644 2787 se
665 2758 842 2788 incolumes
884 2759 942 2789 bet
971 2760 1124 2796 accolere,
1143 2758 1194 2788 ed.
1223 2768 1249 2788 s.
1273 2756 1296 2787 l.
1320 2763 1354 2786 et
1378 2767 1405 2787 a.
1430 2758 1585 2793 arc-olere,

133 2793 220 2836 fort.
244 2798 276 2826 ἧ.
300 2796 350 2836 α.]
375 2797 461 2837 Quia
483 2799 516 2829 in
540 2800 715 2831 consulatu
738 2801 842 2840 impe-
884 2801 971 2839 quod
1000 2801 1100 2832 etiam
1123 2800 1226 2831 Aldus
1251 2803 1286 2830 et
1309 2799 1378 2836 alii,
1407 2798 1587 2836 Victorius,

142 2838 248 2869 dierat
259 2839 389 2869 tabutas
405 2849 517 2873 novas.
532 2841 596 2872 hoe
610 2843 745 2873 nomine
757 2852 843 2883 saepe
886 2844 1034 2873 Graevius
1050 2843 1155 2875 secuti
1169 2847 1261 2880 sunt,
1278 2851 1400 2882 nosque
1415 2846 1449 2874 et
1465 2841 1524 2886 ipsi
1539 2851 1589 2876 ro-

143 2880 310 2921 gloriatur
323 2882 450 2913 Cicero.
887 2886 1044 2926 cepimus.

163 2939 165 2941 ¹
182 2926 200 2957 ἴ
223 2923 332 2967 ‚Quasi
353 2934 428 2955 vero
445 2935 504 2964 ego
525 2926 562 2956 id
566 2931 683 2968 putem
708 2927 784 2968 &c.]
809 2928 847 2957 id

809 2976 832 3014 3
861 2983 884 3014 L
908 2976 932 3013 3

1597 1840 1717 1877 pflnt.
