1940 3231
720 115 938 155 LIBER
979 116 1069 154 XV.
1545 119 1620 159 857

177 230 427 266 mutassem.
450 221 524 264 sed
557 221 661 264 illud
694 222 914 278 praeclare,
941 219 1058 276 quod
1096 229 1140 260 te
1170 218 1395 260 consolata
1426 227 1490 261 est
1523 231 1620 277 spes

178 281 299 324 brevi
333 291 527 337 tempore
559 279 894 335 congrediendi:
927 292 1024 334 quae
1052 276 1227 332 quidem
1257 277 1528 333 exspectatio
1552 293 1621 320 me

177 340 372 381 maxime
399 347 624 380 sustentat.
648 351 756 378 meae
779 337 857 377 tibi
882 336 1036 378 litterae
1059 349 1147 376 non
1169 335 1365 375 deerunt.
1420 333 1486 374 De
1510 334 1622 376 Bru-

182 406 245 447 to,
266 397 452 438 scribam
478 396 531 437 ad
561 405 604 436 te
625 394 784 435 omnia.
839 394 1018 435 Librum
1046 393 1127 434 tibi
1150 392 1344 433 celeriter
1373 391 1546 432 mittam
1568 393 1621 433 de

181 454 349 496 Gloria.
370 454 584 495 excudam
605 452 768 507 aliquid
787 452 1029 507 Ἡρακλείδην,
1053 450 1169 506 quod
1191 449 1322 490 lateat
1344 450 1387 490 in
1410 449 1621 491 thesauris

179 511 280 553 tuis.
344 512 412 553 De
452 510 627 560 Planco,
664 509 858 551 memini.
909 507 1059 550 Attica
1081 508 1184 564 jure
1216 507 1425 562 queritur,
1487 506 1622 552 Quod

179 582 251 610 me
273 569 315 603 69
328 569 380 609 de
414 567 648 619 Bacchide,
676 568 729 609 de
759 576 997 608 statuarum
1020 566 1191 607 coronis
1213 565 1441 606 certiorem
1463 563 1623 617 fecisti,

181 625 306 668 valde
327 633 524 682 gratum:
556 640 636 666 nec
669 625 907 681 quidquam
939 623 1137 679 posthac,
1164 636 1250 663 non
1282 622 1413 663 modo
1437 631 1622 673 tantum,

136 684 139 687 ’
182 683 257 725 sed
289 697 344 724 ne
381 682 597 724 tantulum
630 683 804 739 quidem
846 681 1120 738 praeterieriS.
1183 679 1240 720 Et
1275 680 1328 721 de
1368 679 1545 722 Herode
1580 689 1757 730 eth250.

183 740 350 782 Mettio
372 741 624 792 meminero,
654 754 698 782 et
723 741 776 781 de
798 739 1016 790 omnibus,
1042 753 1139 794 quae
1170 747 1213 778 te
1243 737 1351 778 velle
1373 738 1667 794 suspicabora·

183 798 330 839 modo.
353 814 379 840 0
402 807 573 855 turpem
596 799 752 840 sororis
777 807 862 838 tuae
883 796 1034 847 filium,
1052 810 1150 837 cum
1170 795 1267 837 haec
1287 795 1533 837 scriberem.
1553 797 1628 838 ad-

183 857 391 898 ventabat
411 866 557 898 autem
577 859 715 906 βελῖισ-ει
739 855 994 897 cenantibus
1018 853 1160 895 nobis.

623 944 860 987 CICERO
889 942 1121 985 ATTICO
1154 943 1198 984 S.

187 999 348 1066 EGO,
371 1023 420 1055 ut
449 1014 502 1056 ad
530 1001 588 1055 te¹
604 1014 744 1070 pridie
767 1013 1036 1069 scripseram,
1061 1010 1203 1053 Nonis
1226 1010 1537 1052 constitueram
1558 1026 1634 1054 ve-

186 1070 280 1113 nire
301 1072 401 1113 70in
422 1071 731 1113 Tusculanum.
766 1071 827 1112 ibi
861 1070 998 1126 igitur
1026 1069 1222 1124 quotidie
1254 1077 1348 1109 tuas
1370 1068 1534 1110 litteras
1556 1084 1634 1111 ex-

190 1130 413 1185 spectabo,
435 1138 479 1171 et
499 1130 690 1171 maxime
721 1133 759 1164 7¹
776 1129 829 1170 de
860 1128 998 1180 ludis;
1028 1128 1082 1169 de
1111 1127 1268 1182 quibus
1290 1126 1420 1167 etiam
1445 1127 1498 1167 ad
1522 1126 1634 1169 Bru-

187 1194 282 1228 tum
306 1188 387 1228 tibi
412 1187 692 1229 scribendum
716 1197 795 1228 est.
818 1186 944 1242 cujus
965 1185 1178 1242 epistolae,
1206 1198 1336 1240 quam
1360 1185 1633 1240 interpretari

189 1243 283 1300 ipse
305 1245 379 1286 vix
416 1255 624 1301 poteram,
657 1245 906 1301 exemplum
937 1243 1076 1301 pridie
1099 1242 1181 1284 tibi
1203 1242 1418 1284 miseram.
1470 1241 1634 1285 Atticae

189 1315 300 1343 meae
323 1302 452 1344 velim
473 1317 544 1344 me
566 1304 627 1344 ita
651 1317 846 1353 excuses,
865 1312 914 1343 ut
935 1316 1108 1343 omnem
1128 1299 1300 1356 culpam
1322 1304 1362 1334 72
1376 1301 1420 1341 in
1440 1309 1482 1341 te
1498 1309 1636 1342 trans-

190 1357 318 1411 feras,
340 1369 383 1401 et
412 1360 452 1401 ei
482 1371 628 1402 tamen
655 1360 901 1412 confirmes,
923 1363 962 1394 73
978 1374 1047 1401 me
1074 1358 1253 1401 minime
1281 1366 1421 1400 totum
1445 1372 1637 1400 amorem

190 1430 242 1459 eo
264 1432 436 1460 mecum
459 1418 668 1460 attulisse.

627 1507 864 1550 CICERO
895 1504 1125 1547 ATTICO
1158 1505 1203 1546 S.

194 1562 400 1617 BRUTI
438 1576 492 1618 ad
528 1585 570 1617 te
603 1577 832 1633 epistolam
865 1575 980 1616 misi.
1011 1574 1070 1615 dii
1104 1574 1224 1625 boui,
1247 1581 1409 1629 quanta
1436 1576 1632 1626 ἇμηχαηέιῐ

194 1647 448 1688 cognosceS,
478 1649 577 1676 cuin
608 1634 777 1691 legeris.
841 1633 909 1675 De
939 1632 1228 1674 celebratione
1262 1631 1462 1672 ludorum
1498 1630 1639 1682 Bruti,

194 1690 272 1732 tibi
298 1692 522 1733 assentior.
583 1692 652 1734 Ad
687 1693 753 1734 M.
778 1691 942 1733 sElium
965 1689 1156 1731 74nullus
1180 1700 1223 1730 tu
1249 1689 1422 1745 quidem
1445 1688 1639 1740 domum,

197 1749 270 1790 sed
295 1750 432 1790 sicubi
466 1749 681 1792 inciderit.
742 1754 781 1785 75
795 1749 862 1790 De
883 1748 1081 1790 Tulliano
1114 1749 1302 1798 semisse,
1326 1746 1394 1787 Μ.
1416 1746 1640 1787 Axianum

196 1806 439 1859 adhibebis,
470 1817 518 1848 ut
550 1809 716 1849 scribis.
779 1807 910 1855 Quod
942 1821 1041 1848 cum
1075 1805 1263 1847 Cosiauo
1295 1805 1438 1860 egisti,
1460 1805 1640 1861 optime.

200 1865 332 1912 Quod
364 1880 451 1906 non
482 1865 620 1906 solum
652 1881 762 1916 mea,
790 1880 938 1907 verum
970 1864 1100 1904 etiarn
1132 1873 1206 1904 tua
1236 1863 1431 1919 expediS,
1454 1871 1641 1918 gratum.

201 1922 486 1979 Legationem
518 1925 691 1980 probari
721 1938 877 1974 meam,
909 1923 1092 1979 gaudeo.
1155 1922 1284 1968 Quod
1319 1920 1552 1977 promittis,
1583 1921 1643 1962 dii

201 1979 361 2022 faxint.
384 1981 488 2036 quid
514 1982 630 2024 enim
661 1981 768 2023 mihi
801 1981 908 2022 meis
933 1979 1205 2035 jucundius?
1238 1980 1311 2020 sed
1347 1979 1490 2029 istam,
1512 1993 1644 2034 quam

201 2046 250 2079 tu
287 2038 470 2095 excipis,
508 2049 671 2080 metuo.
733 2039 919 2080 Brutum
957 2052 1056 2079 cum
1088 2051 1346 2087 convenero,
1383 2038 1644 2092 perscribam

201 2096 363 2137 omnia.
427 2095 495 2137 De
518 2095 696 2150 Planco,
718 2106 763 2138 et
786 2096 987 2148 Decimo,
1008 2110 1110 2137 sane
1132 2094 1275 2136 velim.
1336 2094 1518 2135 Sextum
1551 2109 1646 2136 scu-

1641 943 1696 981 28

1647 1511 1703 1552 29

243 2219 285 2254 69
307 2220 347 2251 de
358 2220 538 2258 Bacchide,
559 2223 598 2252 de
621 2223 695 2263 &c.]
722 2223 776 2253 Sic
790 2233 807 2253 e
823 2221 901 2254 Bal-
987 2224 1027 2255 72
1049 2222 1085 2252 in
1111 2225 1142 2251 te
1167 2219 1303 2260 transf]
1329 2219 1412 2250 Edd.
1436 2219 1534 2250 Rom.
1556 2220 1650 2251 Jens.

200 2261 273 2293 liol.
290 2263 355 2294 Ms.
370 2264 488 2304 corrigi
508 2264 638 2295 volebat
665 2266 832 2296 Graevius:
856 2266 902 2295 sic
945 2264 981 2294 z'n
1013 2273 1084 2294 me.-
1111 2263 1198 2303 quod
1226 2265 1268 2303 τῷ
1295 2268 1407 2294 tamen
1430 2263 1538 2303 aptius
1562 2263 1650 2294 vide-

201 2310 237 2336 et
260 2305 296 2335 in
314 2305 399 2336 libro
413 2314 523 2338 vetere
544 2316 578 2337 se
592 2308 748 2349 reperisse
763 2312 905 2339 testatus

199 2352 252 2378 est
270 2348 422 2379 Ursinus.
444 2354 479 2380 at
501 2351 628 2387 sicjam
642 2350 768 2381 editum
784 2355 855 2381 erat
871 2351 907 2381 in

201 2391 355 2431 exemplo
367 2391 532 2430 Romano,
546 2393 755 2432 Ascensiano,
771 2393 845 2424 Ald.
859 2393 907 2423 al·

203 2436 278 2464 tera
293 2433 351 2465 illa
367 2434 466 2466 lectio
488 2436 528 2466 de
538 2435 668 2466 Bacchi
690 2446 730 2466 ex
744 2435 795 2466 ed.
811 2436 904 2467 Jens.

203 2475 312 2507 fluxit.
347 2477 486 2509 Bacchis
509 2479 612 2508 mima
626 2477 701 2508 fuit.
714 2482 907 2510 statuarum

203 2527 328 2550 coronoe
353 2524 444 2557 sunt,
473 2530 546 2560 quae
572 2521 691 2551 statuis
713 2521 908 2560 quibusdam

204 2560 371 2600 impositae
397 2568 488 2600 sunt,
526 2563 567 2594 ad
596 2563 808 2594 indicandum
839 2564 909 2594 ani-

205 2613 300 2634 mum
317 2608 351 2635 et
365 2614 497 2637 sensum
513 2607 546 2636 in
564 2606 691 2646 republ.

249 2648 291 2679 70
312 2648 348 2677 in
366 2646 607 2688 Tusculanum]
637 2647 844 2688 Mongaltius
861 2658 910 2678 re-

207 2694 262 2721 cte
278 2690 485 2722 scribendum
509 2693 650 2732 putabat
671 2692 911 2728 Puteolanum,

208 2735 298 2773 quod
322 2737 357 2763 et
383 2735 507 2775 recepit
527 2733 749 2765 Alemannus:
774 2743 852 2765 nam
873 2744 913 2764 eo

207 2787 242 2809 se
256 2780 435 2808 venturum
451 2781 528 2808 ante
542 2777 674 2818 scripsit
688 2787 738 2818 ep.
755 2777 809 2808 26.

254 2823 292 2854 71
318 2820 357 2850 de
372 2818 469 2859 ludis]
495 2819 605 2856 Bruti,
620 2820 660 2850 de
675 2819 792 2859 quibus
807 2828 916 2859 supra.

212 2872 328 2893 eorum
350 2871 464 2892 euram
487 2862 671 2892 sustinebat
692 2863 823 2893 Atticus
846 2871 916 2892 ma-

211 2915 279 2947 gna
291 2916 333 2938 ex
347 2909 441 2946 parte
454 2916 461 2935 :
478 2914 544 2944 quo
558 2910 592 2937 et
603 2914 741 2944 sequens
756 2904 914 2946 pertinet.

945 2312 1013 2337 tur.

989 2351 1031 2384 73
1053 2358 1105 2378 me
1124 2348 1337 2379 minime—eo
1359 2359 1403 2379 m.
1426 2347 1473 2387 a.]
1504 2348 1579 2379 Hoc
1600 2352 1651 2379 est

949 2391 1018 2423 sine
1034 2390 1132 2422 dubio
1148 2392 1323 2422 vitiosum:
1340 2401 1400 2422 nec
1415 2390 1579 2430 intelligo,
1594 2390 1651 2422 sed

948 2433 1032 2465 nihil
1047 2433 1163 2464 melius
1180 2434 1212 2464 in
1227 2433 1318 2464 libris
1332 2443 1394 2464 scr.
1409 2439 1444 2464 et
1458 2432 1529 2464 edd.
1542 2444 1652 2475 reper-

948 2482 1035 2513 tum,
1052 2477 1135 2507 mire
1150 2477 1274 2507 vitiosis
1290 2476 1344 2506 hic
1358 2476 1522 2507 omnibus.

993 2522 1035 2554 74
1056 2521 1171 2549 nullus
1186 2523 1223 2549 tu
1238 2519 1368 2559 quidem
1391 2518 1538 2558 domum]
1563 2518 1653 2550 Nam

950 2568 989 2593 tu
1013 2560 1142 2601 quidem
1172 2561 1309 2592 domum
1339 2562 1414 2599 ibis,
1436 2566 1476 2592 ut
1506 2572 1583 2592 curn
1613 2572 1652 2592 eo

953 2614 1048 2644 agas:
1073 2603 1119 2634 sic
1133 2611 1166 2634 et
1183 2609 1283 2635 antea
1304 2605 1462 2642 occurrit,
1477 2604 1533 2634 sed
1555 2615 1653 2645 expe·
1678 2620 1679 2624 =

953 2646 1070 2683 ctabis,
1086 2646 1163 2676 dum
1178 2647 1241 2677 tibi
1257 2656 1333 2677 casu
1348 2651 1511 2678 occurrat.

996 2693 1038 2724 75
1052 2688 1116 2720 ·De
1140 2688 1295 2720 Tulliano
1314 2690 1456 2730 semisse]
1483 2690 1588 2728 Supra
1602 2698 1655 2728 ep.

955 2732 1008 2764 26.
1025 2735 1074 2763 est
1089 2731 1128 2762 de
1140 2731 1298 2762 Tulliano
1320 2733 1440 2772 capite.
1463 2734 1587 2772 putant
1608 2730 1656 2761 dj-

957 2780 1048 2805 ctum
1064 2774 1105 2804 ab
1120 2775 1218 2806 modo
1233 2784 1406 2805 usurarum
1423 2786 1430 2804 ε
1455 2783 1528 2813 quae
1542 2773 1656 2804 semis-

958 2827 1008 2848 ses
1020 2817 1155 2848 suerint.
1202 2817 1264 2848 Sed
1278 2818 1324 2847 sic
1340 2816 1453 2847 Latini
1470 2826 1536 2847 non
1552 2816 1658 2858 expri-

957 2865 1057 2893 munt
1073 2869 1116 2891 aes
1131 2859 1287 2892 alienum.
1304 2869 1372 2890 non
1388 2859 1553 2899 intelligo.
