1940 3231
0 3071 9 3231 --.
0 2889 8 3059 A———L
5 2860 7 2879 ‚⁴
5 2827 6 2830 „

727 139 932 179 LIBER
967 139 1040 176 IX.
1531 147 1607 181 0⁴85

176 245 483 289 confidentiam
504 246 718 297 hominis;
750 243 856 285 adde
887 240 1227 283 imbecillitatem
1259 242 1468 285 bonorum
1493 247 1605 290 viro-

176 314 296 356 rum3
327 307 400 361 qui
428 305 615 361 quidem,
647 301 762 357 quod
796 300 914 340 illum
949 299 1029 339 sibi
1063 298 1218 339 merito
1249 299 1403 340 iratum
1437 313 1604 356 putant,

177 363 219 394 92
231 362 428 414 oderunt,
453 373 499 403 ut
531 371 574 401 tu
606 359 771 408 scribis,
795 357 955 398 ludum.
986 359 1026 391 93
1040 370 1091 397 ac
1116 355 1279 406 vellem,
1302 357 1468 408 scribis,
1489 362 1606 414 quis-

175 431 276 459 nam
315 419 386 461 hic
423 417 721 475 significasset.
759 415 832 455 sed
869 423 913 455 et
948 414 1043 464 iste,
1076 413 1176 468 quia
1213 413 1306 469 plus
1344 415 1604 467 ostenderat,

176 489 306 529 quam
339 476 457 526 fecit,
489 473 709 528 [amatu1·,]
744 482 788 513 et
825 471 954 527 vulgo
993 470 1112 512 illum
1150 471 1224 526 qui
1265 481 1477 523 amarunt,
1519 488 1606 514 non

174 542 335 573 amant.
367 530 602 586 municipia
631 544 744 581 vero,
768 540 812 570 et
842 527 990 569 rustici
1024 527 1210 570 Romani
1242 527 1361 570 illum
1393 541 1606 583 metuunt,

175 588 289 630 hunc
310 589 449 630 adhuc
470 587 672 643 diligunt.
695 601 825 643 quare
848 586 909 626 ita
942 595 1113 641 paratus
1135 595 1213 636 est,
1236 595 1299 636 ut,
1320 586 1488 628 etiamsi
1514 587 1607 629 vin-

174 660 270 686 cere
292 660 376 686 non
400 645 549 701 possit,
571 659 657 699 quo
681 646 810 686 modo
835 654 976 684 tamen
1001 643 1113 683 vinci
1146 643 1236 698 ipse
1262 644 1410 699 possit,
1434 659 1519 686 non
1544 645 1608 686 vi-

175 702 312 743 deam.
353 716 436 757 ego
477 715 621 743 autem
665 717 751 743 non
793 712 880 742 tam
928 703 1074 749 γοητείαν
1117 699 1244 756 hujus
1289 701 1434 752 timeo,
1476 717 1606 758 quam

172 762 407 808 τειθιιναίγκην.
426 764 465 800 αἱ
481 765 549 815 γὰξ
567 764 626 798 τόν
644 764 800 815 τυράννων
818 760 943 803 Ben‘oem,
968 756 1110 810 lnquit
1131 760 1287 804 Πλάτων,
1306 761 1389 798 οἷο-θ’
1407 763 1455 799 ‘dra
1479 778 1605 812 μεμιγ-

168 819 262 866 μέναι
280 818 455 864 ἀνάγκαις,
515 819 556 850 94
569 815 646 856 Illa
665 821 806 868 ἀλίμενα
829 814 952 854 video
979 813 1056 854 tibi
1085 828 1171 854 non
1204 815 1399 870 probari:
1432 830 1530 870 quae
1555 831 1607 857 ne

173 871 278 912 mihi
299 872 473 927 quidem
499 873 750 929 placebant:
783 871 854 912 sed
879 871 1088 912 habebam
1116 872 1157 912 in
1185 872 1263 912 illis
1285 881 1329 912 et
1351 873 1607 914 occultatio-

175 942 272 970 nem
303 939 346 969 et
377 935 546 985 ὑπηρεσίαν
572 930 763 971 fidelem:
796 944 893 984 quae
917 930 957 962 95
969 928 1002 968 si
1026 927 1132 969 mihi
1166 928 1382 970 Brundisii
1407 941 1607 987 suppete-

173 995 283 1036 rent,
307 986 490 1027 mallem.
525 987 595 1028 sed
631 987 690 1028 ibi
724 985 957 1028 occultatio
991 985 1106 1026 nulla
1137 995 1215 1027 est.
1251 1001 1411 1038 verum,
1432 997 1479 1028 ut
1505 988 1610 1030 scri-

174 1043 367 1093 bis‚cum
382 1043 616 1085 scierimus.
646 1044 688 1078 96
700 1044 812 1084 Viris
836 1042 960 1084 bonis
978 1056 1144 1083 menon
1164 1044 1290 1084 nimis
1305 1058 1480 1085 excuso.
1503 1060 1608 1101 quas

174 1101 290 1141 enim
321 1115 394 1142 eos
425 1116 551 1142 cenas
581 1112 624 1142 et
647 1100 790 1143 facere
813 1111 857 1141 et
887 1099 1008 1141 obire
1039 1100 1210 1155 scripsit
1238 1101 1291 1141 ad
1323 1115 1392 1142 me
1422 1101 1610 1145 Sextus}

176 1172 304 1213 quam
316 1157 482 1200 lautas?
503 1173 632 1214 quam
651 1157 957 1214 tempestivas?
979 1156 1052 1197 sed
1071 1157 1155 1198 sint
1169 1158 1365 1212 quamvis
1388 1159 1505 1209 boni,
1523 1174 1609 1201 non

177 1225 276 1256 sunt
300 1215 508 1265 meliores,
530 1230 656 1270 quarn
683 1230 787 1258 nos:
820 1223 1043 1256 moverent
1071 1228 1152 1265 me,
1176 1215 1208 1255 si
1232 1225 1373 1256 essent
1395 1215 1608 1257 fortiores.

177 1272 245 1314 De
269 1272 465 1313 Lanuino
498 1272 716 1324 Pbameae,
738 1272 902 1314 erravi:
932 1270 1219 1327 97Trojanum
1252 1272 1534 1315 somniabam.
1568 1274 1609 1315 id

173 1343 258 1387 ego
278 1331 320 1363 98
335 1329 450 1370 volui
487 1328 545 1371 D.
568 1329 640 1371 sed
664 1330 796 1386 pluris
817 1339 895 1371 est.
918 1328 1083 1370 99istud
1107 1339 1249 1370 tamen
1272 1344 1474 1385 cuperem
1495 1345 1612 1372 eme-

174 1402 234 1438 re,
255 1387 290 1428 si
323 1386 451 1427 ullam
483 1401 601 1443 spem
635 1387 803 1429 fruendi
837 1387 1039 1427 viderem.
1103 1386 1193 1427 Nos
1221 1390 1387 1442 ¹00quae
1422 1400 1613 1430 monstra

174 1444 369 1500 quotidie
392 1444 696 1500 intelligamus,
719 1460 770 1487 ex
799 1444 870 1485 illo
895 1443 1051 1493 libello,
1075 1443 1147 1499 qui
1181 1445 1221 1484 in
1254 1444 1480 1499 epistolam
1509 1461 1613 1487 con-

168 1502 313 1557 jectus
337 1512 415 1542 est.
479 1501 682 1542 Lentulus
707 1513 850 1544 noster
874 1500 1066 1542 Puteolis
1088 1511 1152 1541 est
1173 1504 1345 1554 ἀδημονῶυ,
1372 1512 1417 1542 ut
1441 1502 1611 1545 Caecius

176 1568 333 1610 narrat,
363 1559 492 1614 ¹quitl
511 1569 635 1614 agat:
659 1561 833 1614 διατξοπὲν
849 1558 1160 1599 Corfiniensem
1183 1558 1455 1601 reformidat:
1483 1560 1614 1601 Pom*

175 1617 273 1673 peio
301 1630 413 1656 nunc
446 1626 570 1672 putat
600 1615 894 1657 satisfactum:
929 1615 1140 1657 beneficio
1173 1614 1357 1657 Caesaris
1391 1628 1611 1670 movetur3

174 1673 246 1715 sed
269 1677 445 1714 2tamen
470 1684 666 1715 movetur
688 1674 826 1730 magis
851 1683 1074 1730 perspecta
1097 1687 1154 1714 re.
1215 1672 1332 1713 Tene
1358 1672 1454 1716 haec
1485 1690 1612 1732 posse

216 1801 257 1832 92
280 1798 429 1835 oderunt,
457 1803 495 1829 ut
522 1802 559 1829 ίιι
582 1801 707 1835 scribis,
739 1798 869 1837 ludum]

174 1840 315 1882 Nempe,
333 1841 357 1871 si
373 1851 448 1871 vera
463 1847 512 1872 est
527 1841 638 1878 lectio,
656 1843 742 1872 bunc
758 1841 873 1871 ludum

173 1883 266 1920 belli,
293 1884 383 1922 cujus
410 1884 555 1914 incertus
582 1890 631 1915 est
655 1884 774 1921 exitus,
798 1884 874 1922 quia

173 1925 295 1956 timent
320 1926 511 1966 Pompeium
538 1927 598 1957 sibi
625 1927 759 1962 iratum,
784 1925 871 1965 quod

174 1978 250 1998 euni
269 1977 335 1998 non
350 1970 452 1998 secuti
470 1974 577 2000 erant.

216 2012 256 2044 93
274 2019 313 2040 ac
328 2011 453 2045 vellem,
469 2009 867 2051 scribis,-sign{s1'casset]

177 2051 251 2083 Hoc
267 2062 334 2082 non
351 2052 512 2091 intelligo.
530 2063 589 2083 nee
608 2055 808 2091 conjecturae
825 2053 870 2082 vi-

174 2105 285 2125 rorum
316 2094 488 2125 doctorum
518 2096 734 2126 satisfaciunt.
779 2096 870 2125 Grae-

173 2137 258 2167 vius:
282 2147 322 2167 ac
335 2139 462 2173 vellem,
478 2139 612 2176 qainam.
628 2140 672 2174 hi,
688 2139 871 2179 signg'ficus-

171 2189 229 2210 ses.
246 2188 320 2210 mox
337 2188 395 2219 pro
412 2179 545 2218 vulgato
569 2180 664 2211 hodie
685 2181 783 2216 sedet,
800 2180 870 2210 red-

172 2221 239 2252 didi
255 2233 294 2252 ex
317 2221 389 2252 edd.
406 2232 454 2261 pr.
468 2223 526 2252 sed
545 2227 588 2258 et,
607 2229 643 2252 ut
667 2228 700 2252 et
723 2224 870 2252 Graevius

171 2263 256 2301 vult,
273 2274 333 2295 nec
348 2264 498 2304 displicet
513 2268 584 2304 ejus
600 2268 802 2304 conjectura,
818 2276 872 2295 ex-

173 2306 288 2337 cidisse
303 2311 441 2338 amalur
458 2313 530 2347 post
540 2307 649 2347 fecit:
674 2307 768 2346 idque
791 2307 871 2338 adeo

174 2349 295 2386 addidi,
312 2349 367 2379 sed
391 2358 465 2379 cum
489 2356 580 2386 nota,
597 2356 635 2380 ut
659 2349 800 2389 intelligi
825 2349 871 2379 lo-

173 2401 230 2422 cus
254 2396 374 2432 posset,
419 2394 539 2423 Sensus
561 2399 632 2423 est:
657 2394 728 2429 iste,
749 2392 871 2431 Caesar,

173 2438 318 2470 amatur,
329 2434 382 2474 qni
398 2444 471 2472 quae
483 2435 627 2465 minatus
643 2439 726 2471 erat,
742 2444 808 2464 non
824 2435 870 2466 fe-

173 2475 233 2514 cit,
262 2476 317 2506 sed
349 2477 464 2507 mitem
496 2487 530 2507 se
563 2478 723 2517 praebuit:
762 2478 869 2514 illum,

175 2518 367 2558 Pompeium
399 2528 464 2548 non
494 2525 622 2555 amant,
653 2529 769 2559 nempe
796 2520 872 2558 quia

174 2561 325 2592 omnibus
349 2562 508 2600 minatur,
528 2563 582 2602 qui
605 2572 679 2593 euin
706 2571 770 2592 non
794 2567 872 2592 sunt

176 2603 294 2633 secuti.

218 2648 262 2678 94
285 2645 353 2675 Illa
367 2645 508 2685 ἀλίμενα]
535 2657 563 2676 ν.
581 2647 696 2676 Graeca
712 2647 744 2676 in
761 2645 872 2677 Clave.

217 2690 258 2721 95
286 2689 313 2717 si
344 2690 422 2718 ηιίΙιὶ
457 2688 522 2719 Br.
550 2689 741 2729 suppetunt]
782 2689 871 2719 Male

178 2729 287 2768 vulg-g.
311 2734 505 2769 suppetunt.-
527 2732 599 2762 edd.
620 2742 670 2772 pr.
683 2736 870 2771 suppetant,

175 2771 286 2812 paullo
320 2773 455 2802 melius:
488 2773 544 2803 sed
566 2775 746 2804 necessario
769 2775 870 2804 corri-

175 2813 318 2853 gendum
333 2820 381 2844 est
396 2820 611 2854 suppeterent,
627 2820 685 2846 aut
702 2821 775 2856 post
793 2827 869 2856 sup-

169 2860 287 2898 petant
303 2866 363 2887 scr.
382 2858 505 2887 malim.
537 2858 622 2888 lllud
636 2864 766 2888 secutus
781 2868 867 2889 sum.

218 2900 259 2934 96
284 2899 370 2930 Viris
387 2900 473 2930 bonis
496 2900 568 2939 &e.]
597 2900 701 2931 Locus
725 2903 869 2941 pertinet

917 1798 957 1829 ad
973 1797 1134 1838 malignos
1150 1798 1317 1829 lautorum
1341 1808 1506 1829 sermones
1522 1799 1560 1830 de
1580 1810 1613 1830 se

917 1841 951 1871 in
968 1842 1137 1879 conviviis,
1154 1842 1192 1872 de
1209 1841 1405 1880 quibusjam
1424 1851 1522 1882 supra
1536 1845 1613 1873 scri-

918 1885 983 1924 psit
999 1894 1050 1924 ep.
1072 1886 1098 1914 l.

956 1929 995 1961 97
1023 1924 1221 1966 Trojanmn]
1244 1936 1272 1955 v.
1289 1925 1381 1956 Clav.
1397 1925 1520 1965 Geogr.

957 1971 996 2003 98
1020 1970 1106 1999 volui
1119 1968 1183 2006 D.]
1203 1978 1233 1998 ν.
1251 1977 1349 2007 supra
1363 1967 1402 1999 ad
1417 1978 1467 2008 ep.
1483 1973 1514 2001 9.

957 2015 997 2045 99
1021 2012 1104 2041 istuc
1119 2016 1144 2041 t.
1160 2020 1311 2050 euperem
1325 2011 1459 2050 emeres]
1483 2011 1521 2041 ln
1538 2010 1610 2041 edd.

916 2063 964 2093 pr.
996 2060 1030 2083 et
1056 2063 1117 2084 scr.
1147 2053 1227 2083 mire
1251 2053 1385 2083 vitiatus
1408 2060 1458 2084 est
1483 2053 1534 2083 hic
1563 2054 1611 2085 lo-

915 2105 983 2126 cus.
1000 2097 1086 2126 istuc
1101 2101 1150 2126 est
1168 2105 1225 2135 pro
1242 2096 1341 2133 istud,
1359 2101 1396 2125 ut
1413 2100 1447 2125 et
1469 2096 1540 2127 aliis
1563 2096 1610 2126 lo-

915 2139 972 2168 cis.
988 2139 1042 2177 qni
1065 2148 1185 2169 emeres
1207 2138 1336 2174 dedere,
1356 2145 1543 2178 spectavere
1567 2138 1610 2175 id,

913 2180 1000 2219 quod
1014 2191 1112 2221 snpra
1135 2181 1249 2211 Cicero
1268 2180 1379 2211 Attico
1401 2181 1610 2211 commenda·

915 2231 1006 2253 verat
1020 2224 1052 2253 id
1070 2223 1240 2263 praedium.
1271 2223 1333 2253 Sed
1349 2223 1446 2254 verba
1462 2232 1612 2262 cuperem

915 2272 948 2295 et
966 2266 1109 2296 viderem
1131 2265 1217 2296 clare
1241 2265 1400 2301 indicant,
1418 2266 1609 2296 Ciceronem

914 2308 1053 2347 cupiisse
1081 2318 1208 2338 emere:
1243 2309 1352 2347 itaque
1380 2317 1485 2338 emere
1512 2308 1609 2343 edidi,

915 2361 953 2380 eo
962 2351 1051 2388 jure,
1067 2361 1131 2390 quo
1147 2350 1201 2381 alii
1217 2360 1351 2380 emeres.

962 2395 1019 2422 100
1042 2403 1071 2432 q.
1088 2403 1131 2423 m.
1148 2403 1177 2432 q.
1193 2394 1432 2431 intelligamu5‚
1448 2403 1488 2423 ex
1503 2394 1558 2423 illo
1573 2395 1611 2424 li-

916 2434 1008 2474 bello]
1026 2444 1073 2466 sc,
1088 2435 1252 2474 intelliges
1266 2442 1300 2465 et
1315 2441 1352 2465 tu
1366 2447 1373 2463 :
1397 2436 1424 2465 si
1436 2441 1550 2466 tamen
1566 2436 1612 2466 le-

913 2476 979 2507 ctio
999 2483 1087 2508 reeta
1101 2483 1163 2515 est,
1182 2477 1269 2516 quod
1291 2478 1371 2508 mihi
1389 2486 1455 2508 non
1472 2478 1610 2509 videtur.

962 2523 971 2549 l
992 2520 1072 2559 quitl
1085 2520 1180 2559 agac]
1201 2520 1348 2550 Graevius
1363 2520 1508 2560 sejungit
1523 2532 1542 2551 a
1555 2531 1609 2551 su-

915 2562 1114 2601 perioribus:
1138 2563 1232 2604 ‚Quid
1252 2564 1362 2601 agat?
1386 2562 1466 2592 mibi
1489 2563 1611 2601 glosse-

915 2614 968 2634 ma
984 2604 1125 2641 videtur,
1141 2605 1308 2644 pertinens
1323 2605 1363 2635 ad
1378 2603 1532 2645 ἀδημονῦν.
1576 2608 1609 2637 Si

914 2657 932 2676 a
944 2647 1101 2677 Cicerone
1115 2653 1177 2684 est,
1189 2648 1454 2687 conjungendum
1470 2655 1519 2679 est
1534 2659 1608 2679 cnm

913 2687 1003 2727 ἑδημ.
1020 2690 1085 2719 sic:
1109 2689 1156 2720 ita
1178 2689 1339 2720 sollicitus
1360 2696 1410 2721 est
1432 2691 1555 2728 animo,
1571 2697 1608 2720 ut

915 2733 1037 2762 nesciat
1054 2732 1130 2771 quid
1146 2736 1234 2771 agat.

956 2777 975 2806 2
998 2779 1110 2804 tamen
1124 2779 1269 2804 movetur
1284 2776 1391 2814 magis
1402 2785 1436 2812 p.
1453 2773 1500 2813 r.]
1523 2774 1608 2804 Puto

911 2817 1118 2847 scribendum
1143 2818 1342 2848 movebitur:
1367 2827 1440 2848 nani
1465 2817 1608 2857 pertinet

913 2859 953 2889 ad
970 2860 1120 2890 futurum
1137 2864 1279 2900 tempus.
