1940 3231
394 130 473 170 770
812 131 997 169 EPIST.
1023 132 1104 170 AD
1130 133 1414 181 ATTICUM,

397 236 617 276 vincemus
641 235 865 278 facultates
889 237 1076 279 Othonis
1100 248 1245 279 nostra
1267 239 1521 294 cupiditate.
1578 239 1690 283 Nam
1714 239 1829 298 quod

397 293 449 333 ad
474 307 540 334 me
562 293 614 334 de
640 293 820 334 Lentulo
845 294 1008 344 scribis,
1031 298 1066 325 4¹
1087 310 1168 336 non
1194 306 1258 336 est
1282 297 1323 336 in
1347 312 1411 337 eo.
1475 297 1712 339 Faberiana
1742 315 1832 341 mo-

397 349 453 390 do
476 364 540 390 res
562 360 678 392 certa
711 351 780 400 sit,
805 360 935 405 tuque
965 352 1141 403 enitare,
1165 353 1279 407 quod
1314 353 1418 394 facis
1440 371 1450 405 ;
1481 356 1593 409 quocl
1621 355 1832 407 volumus,

397 420 725 462 consequemur.
788 407 915 453 Quod
949 408 1120 462 quaeriS‚
1142 424 1270 464 quam
1303 411 1374 451 diu
1411 411 1505 456 hic:
1538 426 1697 467 paucos
1728 413 1833 454 dies.

400 463 472 505 sed
494 474 658 505 certum
682 477 766 503 non
791 464 944 504 habeo.
970 464 1092 504 simul
1117 480 1166 505 ac
1189 468 1470 517 constituero,
1488 468 1538 509 ad
1565 481 1605 509 te
1624 469 1831 511 scribam:

401 530 444 562 et
467 531 510 561 tu
534 521 585 561 ad
610 535 692 571 me,
716 534 844 575 quam
874 520 947 561 diu
983 521 1023 560 in
1060 522 1306 564 suburbano
1340 526 1395 565 sis
1430 524 1611 566 futurus.
1645 541 1730 581 quo
1763 526 1834 567 die

357 590 388 620 b.
402 592 485 633 ego
507 578 558 617 ad
585 587 625 617 te
648 577 741 618 baec
766 577 875 626 misi,
899 577 951 617 de
977 577 1086 618 Pilia
1107 589 1150 618 et
1171 579 1320 621 Attica
1352 582 1455 622 mihi
1478 597 1649 638 quoque
1669 583 1835 637 eadem,

403 649 498 689 quae
523 634 690 685 scribis,
713 643 756 674 et
778 635 1038 685 scribuntur,
1060 645 1103 676 et
1126 637 1391 678 nuntiantur.

334 718 382 755 41
834 723 1068 765 CICERO
1100 723 1329 766 ATTICO
1361 726 1405 767 S.

405 777 603 832 NIHIL
633 801 737 842 erat,
769 792 881 847 quod
924 792 1168 833 scriberem.
1202 793 1308 834 scire
1339 803 1481 835 tamen
1513 796 1724 847 volebam,
1756 794 1830 837 ubi

393 862 531 900 esses;
563 849 596 889 si
630 850 745 899 abes,
780 859 854 890 aut
887 849 1112 890 abfuturus
1150 864 1208 900 eS‚
1247 851 1419 904 quando
1459 853 1668 895 rediturus
1703 867 1830 894 esses.

395 904 526 946 facies
550 906 682 962 igitur
705 920 772 946 me
794 907 1037 947 certiorem.
1104 906 1172 957 Et,
1195 908 1308 961 quod
1343 918 1386 948 tu
1413 910 1519 949 scire
1543 911 1727 962 volebas,
1749 924 1833 966 ego

395 963 567 1017 quando
589 978 642 1004 ex
667 963 751 1004 hoc
774 964 894 1015 10003
928 963 1134 1019 postridie
1164 963 1257 1004 idus
1292 965 1472 1006 Lanuvii
1505 967 1710 1009 constitui·
1743 979 1833 1007 ma-

394 1033 520 1072 nere;
554 1021 651 1061 inde
683 1020 889 1076 postridie
921 1021 962 1061 in
994 1020 1254 1072 Tusculano,
1278 1033 1351 1063 aut
1386 1022 1553 1064 Romae.
1586 1034 1728 1065 utrum
1751 1023 1831 1064 sim

395 1076 601 1129 facturus,
624 1093 674 1119 eo
701 1078 793 1134 ipso
833 1078 901 1118 die
934 1078 1054 1118 scies.
1117 1078 1226 1127 Scis,
1248 1094 1373 1134 quam
1405 1081 1459 1120 sit
1480 1083 1643 1129 φιλαίτιον
1662 1081 1828 1135 συμφοςά·

394 1134 573 1175 minime
607 1135 647 1175 in
687 1146 726 1175 te
758 1136 956 1190 quidem:
991 1135 1062 1176 sed
1103 1145 1246 1176 tamen
1280 1137 1403 1176 avide
1443 1151 1535 1177 sum
1569 1136 1747 1177 affectus
1779 1136 1832 1176 de

395 1191 524 1233 fano:
557 1193 670 1248 quod
705 1193 799 1243 nisi,
825 1208 908 1232 non
942 1192 1056 1243 dico,
1078 1192 1281 1233 effectum
1313 1194 1407 1242 erit,
1439 1194 1508 1234 sed
1543 1193 1631 1234 fieri
1661 1193 1833 1244 vider0;

396 1249 564 1289 audebo
597 1249 679 1290 hoc
711 1250 852 1290 dicere
883 1254 945 1301 (et
978 1259 1037 1299 tu,
1069 1260 1116 1290 ut
1148 1250 1269 1300 soles,
1295 1251 1498 1306 accipies)
1522 1250 1757 1292 incursabit
1788 1249 1832 1289 in

397 1315 438 1346 te
470 1306 590 1347 dolor
623 1321 755 1357 meus,
779 1322 862 1347 non
888 1307 987 1361 jure
1018 1306 1087 1347 ille
1110 1307 1313 1361 quidem3
1348 1309 1419 1349 sed
1444 1319 1583 1349 tamen
1612 1307 1719 1348 feres
1750 1306 1833 1347 hoc

395 1362 552 1418 ipsum,
575 1364 690 1418 quod
727 1365 883 1414 scribo,
918 1373 963 1404 ut
995 1365 1141 1405 omnia
1172 1379 1267 1404 mea
1299 1365 1382 1406 fers
1417 1379 1466 1406 ac
1503 1364 1650 1406 tulisti.
1684 1378 1835 1405 omnes

395 1429 490 1460 tuas
527 1421 842 1462 consolationes
882 1436 1009 1462 unam
1044 1421 1155 1462 hanc
1189 1422 1231 1462 in
1271 1436 1356 1462 rem
1393 1423 1516 1463 velim
1553 1421 1762 1463 conferas.
1798 1420 1832 1461 si

394 1478 683 1533 quaeris,quid
705 1489 871 1534 optem:
899 1479 1081 1534 primum
1103 1478 1482 1534 Scapiilae‚deinde
1498 1478 1690 1530 Clodiae3
1715 1487 1834 1534 post-

392 1548 456 1584 ea,
480 1536 513 1575 si
545 1536 672 1576 Silius
705 1536 836 1586 nolet,
857 1539 897 1566 42
911 1535 1075 1576 Drusus
1108 1546 1208 1592 aget
1240 1536 1423 1591 injuste;
1457 1536 1624 1577 Cusinii
1656 1546 1699 1576 et
1729 1534 1833 1576 Tre-

394 1592 529 1633 bonii.
555 1603 659 1648 puto
682 1592 932 1633 Terentium
955 1607 1045 1633 esse
1070 1593 1308 1644 dominum,
1337 1594 1536 1635 Rebilum
1561 1593 1690 1634 fuisse
1713 1602 1832 1634 certo

392 1649 498 1690 scio.
523 1650 587 1690 sin
611 1660 752 1690 autem
779 1651 856 1691 tibi
880 1649 1169 1690 Tusculanum
1204 1650 1356 1705 placet,
1380 1661 1428 1691 ut
1460 1650 1712 1706 significasti
1736 1649 1831 1704 qui·-

395 1707 574 1747 busdam
607 1706 774 1757 litteris,
800 1708 874 1748 tibi
910 1707 1130 1748 assentiar.
1161 1707 1295 1748 43hoc
1319 1708 1491 1763 quidem
1524 1708 1672 1762 utique
1705 1705 1832 1762 perfi-

392 1763 494 1814 cies,
530 1765 564 1805 si
599 1779 666 1805 me
700 1764 827 1805 levari
865 1765 952 1816 vis3
985 1778 1110 1819 quem
1144 1764 1237 1819 jam
1271 1767 1401 1806 etiam
1436 1765 1608 1820 gravius
1641 1778 1833 1814 accusas,

393 1835 519 1875 quam
555 1821 717 1876 patitur
749 1831 821 1862 tua
852 1821 1143 1863 consuetudo:
1177 1821 1248 1862 sed
1282 1821 1386 1863 facis
1418 1835 1585 1863 summo
1607 1835 1766 1871 amore,
1787 1830 1833 1861 et

395 1877 533 1919 victus
556 1878 736 1919 fortasse
760 1879 866 1919 vitio
891 1893 1010 1920 meo:
1044 1878 1115 1918 sed
1140 1888 1297 1928 tamen,
1321 1880 1353 1920 si
1383 1892 1450 1920 me
1480 1879 1607 1919 levari
1634 1878 1712 1928 vis,
1735 1877 1830 1919 haec

393 1944 458 1975 est
481 1951 648 1977 summa
671 1936 852 1977 levatio:
877 1936 939 1976 vel
966 1936 1018 1989 (si
1045 1950 1188 1976 verum
1214 1937 1321 1977 scire
1345 1937 1426 1987 vis)
1451 1951 1547 1977 una.
1582 1935 1716 1976 Hirtii
1739 1935 1830 1990 epi-

396 1992 547 2033 stolam
584 1994 616 2033 si
653 1993 819 2046 legeris,
843 2008 940 2048 quae
974 1992 1080 2033 mihi
1126 1994 1246 2047 quasi
1289 1997 1504 2049 πςόπλαο-μκ
1539 1993 1708 2033 videtur
1737 1992 1831 2047 ejus

397 2049 740 2106 vituperationis,
782 2065 910 2106 quam
957 2050 1102 2091 Caesar
1142 2050 1313 2106 scripsit
1360 2050 1412 2091 de
1457 2050 1650 2101 Catone3
1700 2049 1830 2090 facies

397 2121 479 2158 me,
511 2108 611 2163 quid
648 2108 726 2148 tibi
765 2109 900 2148 visum
936 2107 1003 2158 sit,
1036 2107 1068 2147 si
1104 2107 1182 2147 tibi
1229 2108 1310 2148 erit
1351 2107 1642 2158 commodum,
1676 2105 1832 2147 certio-

397 2178 497 2205 rem.
564 2165 712 2206 Redeo
746 2166 798 2206 ad
834 2164 996 2205 fanum.
1040 2164 1121 2205 nisi
1156 2164 1236 2205 hac
1269 2174 1418 2205 aestate
1449 2164 1693 2205 absolutum
1735 2163 1831 2214 erit,

395 2236 525 2277 quam
551 2223 666 2263 vides
698 2223 914 2279 integram
946 2231 1117 2273 restare,
1146 2224 1188 2252 4⁴
1202 2222 1357 2262 scelere
1389 2236 1456 2262 me
1485 2222 1714 2263 liberatum
1744 2235 1830 2261 non

395 2280 576 2335 putabo.

332 2356 387 2393 42
834 2350 1068 2393 CICERO
1100 2349 1328 2393 ATTICO
1361 2351 1409 2392 S,

266 2407 734 2461 P·20¹·⁴5NULLUM
774 2435 799 2460 a
836 2429 878 2460 te
914 2419 1152 2460 desideravi
1188 2419 1301 2460 diem
1340 2419 1590 2460 litterarum.
1631 2417 1832 2460 videbam

355 2472 513 2517 ἰἐτηίῑῐι
545 2491 641 2532 quae
673 2477 848 2518 scribis:
887 2487 930 2518 et
962 2488 1103 2517 tamen
1141 2477 1405 2532 suspicabar,
1436 2475 1500 2518 vel
1532 2474 1675 2531 potius
1706 2474 1833 2516 intel-

439 2634 477 2663 41
503 2642 566 2663 non
581 2637 626 2663 est
642 2633 675 2662 in
688 2632 736 2672 eo]
753 2633 830 2663 Non
847 2633 901 2663 ille
917 2637 1026 2673 potest
1039 2643 1095 2674 pe·
1178 2634 1220 2662 44
1253 2633 1368 2662 scelere
1394 2641 1445 2661 me
1477 2630 1652 2662 liberatum
1685 2641 1749 2662 non
1776 2632 1829 2673 μ]

399 2675 528 2705 cuniam
545 2675 620 2705 dare
638 2675 730 2704 nobis
747 2675 786 2705 ad
802 2676 988 2705 emendum.
1137 2674 1233 2713 Quod
1248 2674 1467 2704 commiserim
1486 2680 1563 2704 voto
1586 2683 1652 2704 non
1674 2674 1830 2705 solvendo

440 2719 482 2747 42
505 2717 639 2747 Drusus
653 2723 730 2755 aget
752 2716 889 2757 injuste]
910 2719 943 2748 Si
968 2718 1095 2747 Drusus
1137 2716 1176 2746 de
1191 2716 1267 2746 fano
1284 2715 1486 2746 edificando,
1503 2726 1533 2747 v.
1548 2726 1599 2756 ep.
1615 2719 1668 2747 43.

398 2760 470 2800 plus
482 2760 575 2797 justo
592 2770 649 2799 pro
666 2759 770 2789 hortis
786 2760 928 2799 petierit,
945 2766 984 2790 ut
1006 2770 1093 2790 eme·
1177 2760 1218 2788 45
1243 2758 1622 2797 Nullum—literarum]
1648 2758 1734 2788 Puto
1749 2766 1830 2795 esse,

399 2812 431 2832 te
448 2812 512 2831 non
532 2803 662 2839 possim.
1136 2799 1228 2829 nullo
1243 2799 1294 2829 die
1316 2810 1335 2830 a
1358 2806 1391 2830 te
1414 2801 1583 2840 expectavi
1605 2801 1728 2831 literas.
1744 2801 1829 2830 ratio

438 2847 478 2874 43
502 2846 558 2873 hoe
580 2844 708 2884 quidem
731 2853 766 2874 u.
787 2843 949 2885 perficies]
977 2843 1024 2874 Ut
1045 2843 1092 2874 sa-
1135 2842 1327 2881 subjicitur:
1351 2842 1428 2881 quia
1454 2841 1601 2872 videbam
1629 2847 1663 2872 te
1691 2851 1830 2882 occupa-

397 2895 475 2917 num
494 2886 614 2927 possim
629 2892 795 2918 exstruere
811 2886 900 2916 filiae.
1134 2884 1301 2914 tissimum
1313 2892 1382 2915 esse
1395 2884 1565 2915 scribendo
1580 2883 1656 2915 alia.
1677 2889 1751 2914 tum
1772 2883 1828 2915 ad·
