1940 3231
272 139 352 182 732
702 138 876 176 EPIST.
905 138 984 176 AD
1012 136 1300 182 ATTICUM,

271 257 374 285 nam
405 249 449 284 et
479 257 652 298 aequum
684 243 930 300 postulant;
960 253 1018 295 et,
1041 243 1251 299 quidquid
1283 243 1458 299 egisseS,
1480 250 1595 286 recte
1625 259 1716 288 esse

272 311 419 342 actum
445 312 655 356 putarem.
707 301 744 332 61
759 301 827 342 De
850 300 985 342 fundo
1008 276 1223 342 Frusinati
1248 301 1531 343 redimendo
1513 316 1607 357 Jam
1630 304 1718 358 pri-

271 358 370 399 dem
390 357 640 399 intellexisti
658 358 922 399 voluntatem
943 373 1106 400 meam:
1131 359 1210 399 etsi
1231 369 1321 400 turn
1343 358 1516 399 meliore
1535 358 1631 400 loco
1650 373 1716 401 res

268 424 393 456 eiant
415 425 588 465 nostrae,
611 416 652 445 62
668 430 805 470 neque
835 415 1102 472 desperaturi
1130 416 1235 457 mihi
1259 416 1320 457 ita
1343 416 1618 468 videbamur}
1652 425 1716 457 ta-

268 486 369 514 men
395 473 437 513 in
460 473 609 513 eadem
640 487 733 512 sum
759 472 995 513 voluntate.
1018 473 1059 514 id
1083 474 1447 528 quemadmodum
1473 474 1562 523 fiat,
1585 449 1629 514 ti]
1655 474 1719 514 vi-

269 530 407 571 debis.
431 540 474 570 et
497 529 639 579 velim,
662 530 804 584 quoad
837 530 1013 585 poteriS,
1034 531 1294 594 consideres,
1318 541 1365 572 ut
1395 532 1464 580 sit,
1496 531 1608 572 unde
1638 546 1716 572 no-

268 587 336 628 bis
369 586 700 643 suppeditentur
731 596 896 627 sumtus
928 588 1173 628 necessarii.
1197 588 1230 628 si
1252 603 1358 642 quas
1392 589 1620 629 habuimus
1651 587 1717 629 fa-

269 645 467 694 cultates,
491 657 561 683 eas
586 643 798 699 Pompeio
824 654 929 695 tum,
953 659 1052 686 cum
1075 644 1116 685 id
1141 645 1394 686 videbamur
1416 646 1632 710 sapienter
1653 645 1718 686 fa-

269 716 380 752 cere,
403 700 649 742 detulimus.
683 701 828 756 itaque
861 711 952 742 tum
988 711 1031 742 et
1066 717 1092 743 a
1116 711 1191 742 tuo
1226 701 1369 744 villico
1404 718 1648 752 sumS1muS,
1672 714 1717 744 et

269 758 442 799 aliunde
463 759 652 799 mutuati
673 773 834 810 sumus,
853 774 949 800 cum
968 759 1158 806 Quintus
1173 769 1421 814 quereletur
1438 775 1513 824 per
1534 761 1714 811 litteras,

269 816 352 857 sibi
386 830 462 856 nos
502 815 611 856 nihil
650 816 843 867 dedisse3
875 817 949 881 qui
987 831 1127 872 neque
1165 818 1219 857 ab
1257 816 1329 857 illo
1372 817 1511 873 rogati
1552 832 1714 868 sumus,

133 895 165 925 p
185 887 220 918 17
224 886 255 917 9.
268 874 307 904 63
323 887 461 937 neque
492 872 575 929 ipsi
606 888 701 914 eam
733 875 962 938 pecuniam
993 874 1257 930 aspeximus.
1290 874 1361 915 sed
1398 875 1519 915 velim
1556 876 1715 926 videas,

223 931 368 986 &quid
394 931 464 982 sit,
486 931 601 985 quod
635 931 792 973 confici
825 932 976 996 possit
999 932 1188 986 quidque
1212 931 1318 972 mihi
1341 932 1393 973 de
1416 932 1616 973 omnibus
1638 933 1712 974 des

265 988 461 1030 consilii:
494 998 538 1028 et
559 1003 731 1029 causam
758 999 853 1030 nost
860 989 886 1030 i.
951 989 1014 1029 Pl·
1008 1004 1081 1030 ura
1104 1004 1156 1029 ne
1181 989 1382 1041 scribam,
1405 988 1584 1030 dolore
1575 1005 1711 1054 impe·

263 1045 373 1087 dior.
408 1046 443 1086 si
471 1045 576 1100 quid
609 1047 705 1097 erit,
727 1047 842 1102 quod
877 1046 930 1088 ad
953 1061 1060 1103 quos
1095 1046 1369 1087 scribendum
1406 1062 1502 1087 meo
1536 1049 1710 1088 nomine

263 1112 405 1159 puteS‚
420 1103 563 1154 velim,
586 1113 634 1144 ut
656 1104 780 1154 soles,
803 1103 961 1146 facias:
995 1104 1301 1159 64quotiesque
1323 1104 1519 1156 habebis,
1541 1105 1612 1146 cui
1634 1105 1708 1146 des

265 1161 318 1202 ad
342 1174 409 1202 me
432 1160 611 1213 litteras,
635 1161 767 1202 nolim
793 1162 1114 1217 praetermittas.
1176 1161 1296 1203 Vale.

199 1266 252 1304 14
702 1255 939 1298 CICERO
970 1256 1200 1298 ATTICO
1233 1257 1278 1298 S.

264 1312 418 1368 NON
440 1340 509 1367 me
532 1324 716 1366 offendit
733 1325 888 1366 veritas
910 1325 1149 1366 litterarum
1170 1334 1357 1376 tuarum,
1377 1325 1492 1381 quod
1511 1340 1595 1377 me,
1611 1341 1711 1368 cum

258 1383 581 1434 communibus,
606 1393 698 1423 tum
728 1383 960 1439 praecipuis
986 1383 1109 1424 malis
1132 1398 1402 1439 oppressum,
1423 1384 1464 1414 65
1479 1398 1531 1425 ne
1553 1384 1708 1440 incipis

259 1441 451 1496 quidem,
486 1450 535 1481 ut
568 1440 750 1491 solebas,
786 1441 1015 1491 consolari,
1049 1440 1283 1497 faterisque
1314 1441 1357 1481 id
1391 1440 1481 1482 fieri
1507 1441 1600 1497 jam
1623 1456 1709 1483 uon

259 1513 402 1555 posse.
439 1513 519 1539 nec
553 1498 667 1539 enim
703 1512 753 1538 ea
786 1509 900 1549 sunt,
930 1513 1027 1553 quae
1061 1508 1183 1539 erant
1219 1507 1360 1549 antea,
1391 1513 1507 1549 cum,
1532 1508 1580 1539 ut
1601 1498 1710 1541 nihil

260 1555 392 1607 aliud,
415 1556 457 1587 66
470 1556 651 1597 comites
675 1570 743 1596 me
764 1565 807 1595 et
830 1556 969 1597 socios
995 1556 1152 1597 habere
1176 1556 1397 1612 putabam.
1420 1570 1570 1597 omncs
1592 1557 1708 1598 enim

260 1614 300 1647 67
314 1613 498 1655 Achaici
521 1613 835 1669 deprecatores,
860 1613 963 1654 item
996 1614 1070 1677 qui
1105 1613 1148 1654 in
1182 1613 1302 1664 Asia,
1328 1613 1485 1669 quibus
1509 1628 1595 1654 non
1618 1623 1710 1655 erat

258 1670 478 1727 ignotum,
508 1671 639 1711 etiam
674 1670 831 1726 quibus
865 1680 971 1722 erat,
1005 1686 1047 1712 111
1080 1670 1276 1712 Africam
1304 1670 1507 1711 dicuntur
1529 1671 1710 1727 naviga-

258 1728 358 1769 turi.
394 1728 456 1769 ita
489 1737 645 1784 praeter
683 1728 880 1793 Laelium,
917 1728 1136 1769 nerninem
1169 1727 1310 1769 habeo
1343 1727 1484 1785 culpae
1513 1728 1706 1771 socium:

258 1785 333 1840 qui
356 1794 501 1826 tamen
524 1785 608 1827 hoc
631 1785 839 1827 meliore
829 1801 876 1826 111
897 1801 997 1826 caus
1003 1801 1026 1826 a
1047 1794 1126 1836 est,
1156 1784 1305 1840 quod
1287 1799 1384 1840 Jam
1406 1794 1470 1826 est
1491 1795 1705 1843 receptus.

257 1843 312 1883 de
343 1857 413 1883 me
442 1852 603 1907 autem,
626 1857 714 1883 non
737 1843 907 1907 dubito,
932 1844 1038 1899 quin
1067 1844 1121 1884 ad
1152 1843 1338 1884 Balbum
1367 1852 1412 1883 et
1433 1842 1487 1884 ad
1512 1842 1708 1900 Oppium

256 1900 500 1956 scripserit:
534 1915 559 1941 a
588 1901 760 1956 quibuS‚
783 1901 817 1941 51
849 1901 954 1956 quid
984 1911 1096 1942 esset
1118 1900 1274 1951 laetius,
1296 1900 1454 1942 celtior
1479 1899 1618 1942 factus
1638 1915 1706 1942 es-

256 1971 371 1999 sem:
405 1966 548 1999 tecum
567 1959 698 1999 etiam
721 1967 864 2000 essent
882 1958 1042 2001 locuti:
1074 1958 1335 2014 quibuscum
1358 1966 1405 2000 tu
1427 1957 1480 1998 de
1502 1957 1617 2000 hoc
1608 1973 1705 2015 ipso

255 2015 502 2071 colloquare
524 2015 667 2067 1011111,
689 2026 734 2057 et
763 2016 815 2057 ad
838 2031 922 2067 me,
945 2016 1059 2082 quid
1071 2015 1151 2057 tibi
1173 2014 1490 2072 responderint,
1514 2017 1703 2058 scribas:

253 2086 343 2113 non
366 2072 482 2128 quod
509 2074 564 2114 ab
586 2073 670 2114 isto
696 2073 807 2114 salus
829 2074 931 2115 data
958 2074 1195 2130 quidquam
1217 2072 1422 2114 habitura
1443 2073 1498 2115 sit
1520 2072 1706 2115 firmitu-

254 2129 396 2182 dinis;
428 2130 502 2172 sed
535 2141 679 2172 tamen
717 2131 878 2186 aliquid
911 2131 1078 2172 consuli
1115 2140 1159 2172 et
1192 2130 1382 2187 prospici
1415 2130 1589 2186 poterit.
1620 2130 1702 2173 etsi

253 2187 450 2229 omnium
471 2198 753 2244 conspectum
778 2188 947 2239 horreo,
970 2203 1129 2245 praesei
1134 2198 1209 2230 tim
1229 2188 1314 2230 hoc
1333 2202 1518 2252 genero;
1541 2196 1702 2240 tamen,

252 2244 296 2286 in
316 2246 446 2287 tantis
469 2245 592 2287 malis
614 2246 719 2302 quid
742 2246 856 2287 aliud
880 2246 1024 2299 velim,
1047 2261 1134 2288 non
1157 2246 1339 2303 reperio.
1393 2245 1586 2293 Quintus
1605 2259 1700 2303 per-

295 2398 333 2428 61
359 2397 414 2429 De
417 2397 531 2438 fundo
547 2398 734 2439 Frusinati]
754 2410 785 2430 v.
802 2410 854 2440 ep.
872 2402 900 2431 5.
1040 2399 1082 2430 64
1109 2400 1291 2440 quotiesque
1319 2397 1408 2438 hab]
1440 2397 1513 2429 edd.
1545 2407 1597 2438 pr.
1624 2407 1700 2438 quo-

295 2441 337 2471 62
359 2451 459 2480 neque
473 2442 680 2481 desperatur&
694 2443 775 2472 mihi
797 2443 847 2473 ita
868 2443 954 2473 vide·
997 2442 1195 2482 ties-cunque,
1209 2441 1296 2480 quod
1310 2446 1344 2472 et
1359 2441 1506 2472 Graevius
1523 2441 1670 2471 restituit
1682 2450 1700 2470 e

253 2483 387 2522 bamur]
416 2483 496 2514 Haec
517 2492 567 2514 est
586 2485 685 2514 lectio
700 2485 751 2515 ed.
768 2485 866 2516 Rom.
883 2494 956 2524 quae
999 2484 1101 2515 Codd.
1117 2485 1195 2515 suis.
1212 2483 1268 2514 sed
1281 2485 1462 2523 quotiesque
1476 2482 1594 2513 melius
1608 2483 1698 2513 vide-

252 2524 335 2555 mihi
359 2525 430 2555 aliis
453 2525 581 2556 facilior
603 2531 637 2556 et
660 2527 777 2557 melior
799 2528 868 2558 visa
889 2534 950 2558 est.
994 2530 1061 2557 tur.
1088 2536 1165 2557 nam
1190 2526 1238 2557 ita
1262 2527 1477 2566 conjungitur
1501 2534 1578 2555 cum
1604 2530 1698 2557 ante-

251 2566 398 2607 Vulgata
413 2567 520 2603 hodie,
537 2578 638 2608 neque
659 2574 729 2600 tam
747 2571 828 2600 mihi
844 2571 952 2610 despe-
996 2569 1188 2599 cedentibus
1203 2569 1323 2609 aptius.

250 2614 368 2641 ratum
392 2610 438 2640 iri
462 2611 671 2649 videbantur,
695 2617 745 2642 est
768 2623 787 2642 a
813 2613 910 2642 Bosio
934 2623 953 2643 e
1039 2612 1079 2641 65
1113 2622 1153 2642 ne
1182 2612 1296 2650 inczpis
1323 2609 1467 2651 quidem]
1506 2608 1585 2639 Non
1619 2609 1700 2640 satis

252 2652 356 2683 Codd.
373 2653 454 2692 ejus.
491 2652 639 2683 Graevius
655 2664 672 2684 e
687 2655 832 2693 vestigiis
847 2654 950 2686 Codd.
995 2653 1104 2695 placet
1118 2654 1152 2684 τὸ
1165 2654 1293 2693 ane-ipis,
1310 2662 1369 2693 pro
1381 2652 1541 2689 instituis,
1556 2651 1695 2682 conaris.

250 2703 386 2725 suorum
402 2694 517 2726 edidit:
542 2705 644 2734 neque
659 2700 730 2726 tum
747 2698 829 2726 mihi
843 2698 950 2737 despe-
1038 2697 1080 2727 66
1101 2697 1231 2727 comites
1244 2700 1275 2725 et
1287 2694 1397 2734 socios]
1422 2674 1559 2725 Reditiis
1577 2695 1613 2725 in
1628 2694 1699 2725 lta-

249 2741 366 2768 ratum
380 2739 430 2768 ita
448 2737 643 2768 videbatur:
666 2739 699 2768 in
715 2749 778 2777 quo
801 2740 951 2778 despera
995 2739 1089 2769 liam.

249 2782 324 2809 tum
345 2781 391 2811 sic
412 2780 607 2821 simpliciter
620 2781 766 2821 positum
789 2791 856 2811 non
878 2782 950 2822 pla-
1035 2781 1076 2814 67
1092 2778 1472 2820 Αεήαἱεὶᾱερνεραὶονεε]
1492 2779 1697 2820 Pompeiani,

249 2826 314 2851 cet.
994 2824 1047 2863 qui
1065 2824 1100 2853 in
1114 2822 1239 2854 Achaia
1262 2826 1370 2859 erant,
1384 2826 1419 2851 et
1437 2821 1568 2852 veniam
1584 2831 1604 2852 a
1625 2821 1697 2852 Cae-

290 2863 331 2894 63
355 2873 394 2893 ne
396 2874 456 2904 que
477 2864 538 2904 ipsi
559 2874 634 2895 eam
651 2875 721 2905 pec.
745 2865 946 2906 aspeximus]
993 2875 1064 2896 sare
1078 2866 1247 2906 petebant,
1263 2876 1293 2894 v.
1317 2874 1369 2906 ep.
1389 2864 1437 2893 16.
1453 2873 1553 2902 quam
1568 2868 1602 2896 et
1619 2862 1695 2895 ade-

246 2902 364 2937 Nam<
349 2907 465 2938 statim
479 2911 553 2939 tota
569 2908 726 2950 Pompeio
741 2908 819 2941 data
833 2912 916 2940 erat.
993 2909 1042 2949 pti
1057 2913 1148 2940 sunt.
1164 2918 1194 2940 ν.
1211 2908 1251 2940 ad
1266 2907 1343 2941 Div.
1360 2906 1435 2945 XV,
1454 2908 1504 2938 15.
