1940 3231
339 129 418 168 '700
772 120 951 160 EPIST.
978 121 1056 160 AD
1082 121 1361 166 ATTICUM,

339 243 447 280 rere,
484 227 675 270 maxime
712 227 828 283 quod
859 226 1031 268 lictores
1063 227 1282 269 haberem.
1315 225 1506 270 laudavit
1538 226 1776 271 consilium.

341 287 447 343 quid
468 301 588 343 ergo,
610 286 815 341 inquam?
845 299 945 325 nam
967 285 1073 327 mihi
1097 300 1244 326 cursus
1264 285 1307 325 in
1329 283 1546 326 Graeciam
1571 299 1646 340 per
1664 294 1780 327 tuam

343 344 615 402 provinciam
653 353 742 384 est:
774 342 979 397 quoniam
1012 342 1063 383 ad
1099 357 1216 383 mare
1248 356 1446 398 superum
1481 342 1640 383 milites
1667 352 1782 384 sunt.

343 402 450 458 quid
481 402 606 451 mihi,
638 399 796 455 inquit,
817 399 1036 454 optatius?
1069 399 1270 441 hocloco
1292 398 1428 441 multa
1459 399 1784 456 perliberaliter.

343 462 386 491 38
402 474 508 516 ergo
530 459 614 500 hoc
636 457 811 512 quidem
844 465 909 496 est
942 455 1202 511 profectum,
1226 467 1274 497 ut
1305 472 1393 498 non
1426 457 1557 498 modo
1579 464 1690 508 tuto,
1712 470 1786 497 ve-

344 531 441 558 rum
473 516 605 558 etiam
639 513 780 570 palam
810 513 1128 568 navigaremus.
1161 514 1324 570 reliqua
1356 514 1399 556 in
1429 523 1648 571 posterum
1670 513 1787 555 diem

344 574 539 616 distulit:
571 587 626 613 ex
662 571 820 626 quibus
853 571 1037 611 scribam
1071 572 1123 612 ad
1152 579 1209 622 te,
1232 573 1266 612 si
1288 572 1390 627 quid
1413 572 1494 613 erit
1515 570 1699 629 epistola
1720 571 1786 611 di-

343 646 496 688 gnum.
528 630 639 671 Sunt
661 637 822 679 autem,
842 642 940 682 quae
960 629 1145 683 praeterii
1163 645 1172 669 :
1205 629 1555 685 interregnumne
1576 639 1688 670 esset
1708 642 1786 669 ex-

344 697 641 744 spectaturus3
672 688 713 720 39
727 701 796 736 au,
826 685 1046 740 quomodo
1068 686 1227 727 dixerit
1258 685 1328 726 ille
1357 688 1547 742 quidem,
1569 687 1623 728 ad
1647 701 1691 727 se
1713 685 1787 726 de-

343 745 445 786 ferri
475 744 763 794 consulatum,
794 742 866 783 sed
899 756 943 782 se
970 742 1082 784 nolle
1104 744 1146 784 in
1172 743 1419 799 proximum
1443 759 1618 785 annum.
1641 754 1684 784 et
1706 742 1790 784 alia

344 813 460 853 sunt,
482 817 580 858 quae
603 801 843 856 exquiram.
902 799 1088 841 Jurabat
1108 800 1161 842 ad
1185 815 1412 852 summam,
1435 802 1551 857 quod
1575 801 1690 843 nullo
1714 815 1789 841 ne-

346 860 468 917 gotio
507 859 683 910 faceret,
710 856 1073 899 40amicissimum
1107 858 1213 899 mihi
1248 857 1480 900 Caesarem.
1515 873 1607 900 esse
1641 859 1788 900 debet-

300 918 449 974 b·quid
472 918 603 968 enim,
625 917 818 971 inquam,
841 915 1012 970 scripsit
1031 915 1082 956 ad
1107 929 1175 956 me
1204 914 1452 957 Dolabella?
1473 918 1510 946 41
1527 916 1640 967 dico,
1657 915 1788 971 quid?

344 976 605 1026 affirmabat,
631 988 731 1015 cum
759 973 1014 1028 scripsisset,
1036 973 1153 1028 quod
1176 987 1245 1014 me
1266 982 1444 1029 cuperet
1465 972 1517 1014 ad
1541 974 1691 1014 urbem
1713 987 1787 1013 ve-

342 1034 451 1084 nire,
483 1033 602 1074 illum
631 1031 806 1088 quidem
840 1030 1001 1087 gratias
1034 1045 1162 1087 agere
1194 1030 1422 1081 maximam,
1456 1040 1501 1071 et
1534 1045 1621 1071 non
1656 1030 1787 1071 modo

342 1092 543 1148 probare,
576 1090 649 1131 sed
686 1089 817 1130 etiam
851 1087 1052 1143 gaudere.
1085 1088 1191 1143 quid
1223 1088 1409 1143 quaeris?
1439 1090 1480 1119 42
1493 1087 1706 1143 acquievi.
1728 1087 1787 1128 le-

343 1157 445 1191 vata
465 1161 530 1189 est
551 1148 668 1189 enim
693 1145 882 1202 suspicio
904 1145 977 1186 illa
997 1146 1224 1190 domestici
1247 1145 1365 1196 mali,
1385 1154 1430 1186 et
1450 1144 1658 1187 sermonis
1682 1143 1788 1185 Hir-

343 1208 467 1248 tiani.
489 1220 618 1262 quam
642 1204 771 1260 cupio
791 1202 908 1244 illum
933 1203 1116 1260 dignum
1137 1218 1228 1244 esse
1249 1203 1400 1244 nobis:
1424 1212 1469 1243 et
1489 1205 1529 1233 43
1543 1216 1673 1258 quam
1693 1202 1785 1257 ipse

340 1279 413 1306 me
448 1264 603 1314 invito,
636 1277 723 1318 qua
757 1276 835 1318 pro
874 1261 946 1301 illo
981 1262 1037 1302 sit
1069 1261 1424 1317 supplicandum!
1459 1260 1530 1301 sed
1564 1274 1673 1316 opus
1704 1259 1790 1300 fuit

342 1321 496 1364 Hirtio
517 1331 749 1363 convento.
771 1328 835 1359 est
857 1317 1054 1374 profecto
1073 1319 1218 1360 nescio
1241 1318 1370 1374 quid:
1395 1318 1467 1359 sed
1490 1317 1615 1359 velim
1638 1331 1790 1373 quam-

339 1379 540 1421 minimo.
563 1387 607 1420 et
628 1387 773 1419 tamen
801 1390 899 1417 eum
928 1376 1123 1418 nondum
1156 1376 1314 1417 redisse
1346 1375 1566 1417 miramur.
1590 1375 1663 1416 sed
1692 1373 1789 1415 haec

339 1437 602 1479 videbimus.
660 1434 728 1476 Tu
763 1434 932 1490 Oppios
965 1433 1180 1477 Terentiae
1214 1433 1352 1475 dabis.
1388 1433 1484 1489 jam
1521 1432 1637 1474 enirn
1670 1431 1790 1473 urbis
1849 1483 1852 1486 ἢ

341 1510 476 1536 unum
511 1493 751 1551 periculum
786 1501 864 1533 est.
926 1491 1005 1533 Me
1033 1501 1177 1533 tamen
1204 1491 1527 1547 consiliojuva,
1550 1489 1790 1547 pedibusue

283 1556 289 1561 “
342 1551 582 1609 Rhegium,
624 1566 678 1592 an
720 1549 823 1591 hinc
861 1549 1008 1590 statim
1050 1549 1093 1590 in
1135 1563 1304 1590 navem.
1343 1557 1549 1599 ceterum,
1581 1547 1789 1604 quoniam

341 1625 603 1660 commoror,
636 1623 719 1665 ego
743 1608 796 1648 ad
830 1615 873 1647 te
907 1607 1054 1648 statim
1089 1606 1275 1658 habebo,
1297 1605 1413 1662 quod
1436 1605 1637 1656 scribam,
1659 1602 1788 1646 simul

339 1677 391 1709 ut
423 1667 572 1709 videro
595 1666 847 1708 Curionem.
901 1664 969 1706 De
999 1663 1160 1706 Tirone
1191 1678 1309 1717 cura,
1339 1678 1502 1720 quaeso,
1524 1662 1641 1719 quod
1662 1660 1787 1713 facis,

340 1733 391 1767 ut
412 1725 561 1778 sciam,
583 1724 688 1781 quid
711 1723 745 1764 is
768 1730 884 1779 agat.

381 1875 422 1904 38
445 1882 472 1903 e.
488 1873 545 1902 hoc
560 1872 689 1912 quidem
703 1874 750 1901 est
760 1879 872 1900 verum
881 1867 1041 1910 prqfecto]
1087 1872 1122 1899 et
1136 1877 1201 1899 esse
1213 1867 1302 1899 debet
1317 1867 1397 1899 mihi
1412 1867 1558 1906 amicus3
1575 1875 1643 1898 non
1656 1875 1790 1907 possum

340 1915 415 1946 Hoc
426 1915 520 1945 nihili
535 1920 596 1945 est.
607 1914 773 1944 verissime
786 1913 959 1943 Manutius
972 1921 1044 1942 cor·
1087 1911 1185 1942 aliter
1199 1910 1238 1942 de
1252 1912 1321 1951 ejus
1336 1911 1448 1942 animo
1471 1912 1507 1940 in
1521 1920 1575 1941 me
1588 1910 1791 1945 existimare,

339 1958 425 1989 rexit
433 1956 633 1998 prqfectum,
651 1955 737 1996 quod
753 1965 820 1985 non
833 1954 978 1985 dubitavi
995 1964 1045 1984 re·
1087 1954 1139 1984 vel
1162 1959 1297 1994 propter
1320 1965 1371 1991 ea,
1387 1962 1460 1993 quae
1475 1952 1514 1983 de
1530 1963 1570 1983 eo
1584 1951 1666 1983 mihi
1689 1960 1792 1990 gener

339 2001 461 2041 cipere,
487 2005 526 2030 ut
549 2004 584 2030 et
606 1999 662 2029 alii
678 2003 756 2029 ante
775 1997 891 2028 fecere.
930 1996 992 2027 Sed
1007 2000 1041 2027 et

338 2053 456 2074 rernm
480 2042 596 2073 delevi.
620 2051 699 2073 nam
724 2040 757 2070 id
773 2044 883 2070 ortum
901 2046 951 2071 est
967 2044 1043 2079 post

338 2085 574 2126 corruptelam.

382 2132 423 2163 39
446 2138 504 2165 tm,
520 2126 674 2168 quomodo
689 2125 809 2155 dixerit
828 2126 884 2155 ille
898 2124 1041 2166 quidem,

339 2172 384 2201 ad
397 2182 430 2201 se
446 2170 510 2211 def.
525 2170 568 2209 ca]
594 2170 647 2200 Sic
660 2167 747 2198 edidi
762 2168 885 2208 partim
907 2178 946 2198 ex
966 2165 1040 2197 edd.

337 2214 520 2254 primarum
537 2212 696 2251 vestigiis,
711 2211 833 2250 partim
849 2221 866 2240 e
887 2209 1043 2241 correcti-

337 2266 414 2287 one.
430 2256 573 2296 pritnum
590 2254 674 2285 illud
687 2263 733 2283 an
744 2263 774 2292 q.
789 2254 823 2284 d.
837 2254 892 2283 ille
901 2253 1042 2293 quidem,

337 2302 389 2328 est
404 2299 439 2329 in
454 2298 506 2328 ed.
522 2298 620 2329 Rom.
633 2297 726 2327 Jens.
742 2296 801 2326 ἃς.
816 2295 878 2326 nisi
890 2295 978 2335 quod
991 2295 1041 2325 di-

336 2342 426 2372 :rerz't
449 2340 523 2371 dedi
549 2350 607 2380 pro
622 2339 777 2374 (laverim,
799 2342 838 2369 ut
862 2338 988 2379 placuit
1006 2342 1041 2368 et

337 2384 482 2455 gnraevim
505 2382 591 2423 quod
614 2381 749 2412 evidens
770 2386 821 2412 est
842 2380 890 2412 ita
903 2389 972 2411 esse
988 2381 1041 2412 de-

361 2436 425 2456 ere.

381 2471 422 2498 40
444 2467 680 2497 amicissimum
694 2467 775 2496 mihi
792 2465 950 2497 Caesarem
964 2464 1040 2504 δια]

339 2509 405 2540 Hic
421 2510 550 2540 variant
564 2508 652 2544 libri,
670 2513 704 2539 et
719 2511 919 2549 conjecturae
933 2507 1040 2538 erudi-

335 2557 462 2583 torum.
507 2551 578 2590 Ego
604 2551 778 2591 vulgatum
802 2561 915 2582 verum
937 2554 1041 2590 puto:

337 2594 440 2625 habet
464 2603 598 2624 sensum
621 2593 852 2623 commodum:
878 2593 985 2633 primo
1007 2593 1041 2622 in

337 2637 575 2668 amicissimum
601 2635 682 2665 mihi
710 2634 868 2666 Coesarem
890 2634 1041 2674 intelligo

324 2678 420 2718 sore.
456 2679 576 2710 Sensus
591 2682 662 2715 est3
680 2682 719 2708 ut
733 2678 822 2708 brevi
837 2677 957 2713 dicam,
973 2678 1040 2707 Cu-

338 2722 387 2752 rio
405 2721 557 2762 jurabat,
581 2720 746 2751 Caesarem
767 2720 847 2750 mihi
864 2720 933 2750 fore
948 2719 1041 2750 valde

337 2764 496 2800 amicum,
522 2763 620 2802 idque
645 2772 679 2793 se
706 2761 803 2793 facile
829 2762 1039 2792 effecturum.

335 2806 423 2838 Tum
439 2806 653 2848 responderat
667 2805 801 2837 Cicero:
822 2804 937 2836 credo:
963 2813 1041 2835 nam

1083 1996 1258 2027 Dolabella
1273 1996 1414 2037 scripsit.
1451 1995 1518 2026 Alii
1533 1994 1647 2025 omnia
1661 1993 1733 2024 haec
1747 1992 1790 2024 ad

1086 2039 1264 2070 Curionem
1281 2039 1439 2074 referunt,
1454 2043 1488 2068 et
1502 2037 1582 2069 hinc
1595 2037 1713 2077 legunt
1725 2045 1792 2067 esse

1085 2082 1207 2117 debere,
1222 2080 1318 2120 idque
1334 2091 1410 2111 cum
1423 2080 1694 2112 antecedentibus
1707 2087 1787 2109 con-

1085 2128 1227 2154 nectunt
1240 2134 1247 2152 :
1276 2123 1393 2154 deinde
1420 2133 1480 2165 pro
1507 2123 1647 2164 inquam
1671 2121 1790 2161 legunt

1083 2168 1203 2207 inquit,
1221 2175 1318 2206 porro
1331 2176 1407 2196 eum
1421 2166 1584 2206 scripsisse
1598 2167 1661 2196 διο.

1125 2212 1163 2240 41
1189 2210 1271 2246 dico,
1297 2210 1378 2249 quid
1385 2208 1417 2249 ?]
1455 2208 1541 2241 Dico
1567 2206 1651 2239 mihi
1677 2213 1791 2245 suspe-

1085 2256 1178 2282 ctum
1194 2256 1255 2288 est,
1270 2256 1305 2283 et
1321 2262 1340 2283 a
1365 2251 1547 2291 glossatore
1569 2253 1681 2282 ortum
1697 2246 1787 2278 vide-

1084 2300 1153 2325 tur.

1125 2339 1167 2368 42
1188 2337 1344 2377 acquievi.
1363 2338 1471 2368 mata
1483 2340 1530 2367 est
1549 2333 1638 2365 enim
1650 2333 1788 2374 suspicio

1086 2379 1161 2419 &c.]
1187 2379 1282 2411 Nihil
1297 2379 1438 2421 amplius
1455 2377 1599 2418 quaesivi.
1628 2375 1693 2407 Sed
1707 2385 1785 2406 cum

1085 2422 1148 2453 hoc
1167 2431 1235 2452 non
1249 2421 1418 2453 cohaerent
1433 2419 1618 2461 sequentia.
1655 2418 1788 2449 Levam

1086 2468 1133 2494 est
1147 2465 1234 2495 enim
1246 2477 1254 2494 .-
1269 2465 1453 2506 suspicatus
1464 2473 1551 2499 sum,
1565 2470 1626 2502 pro
1638 2462 1725 2492 enim
1738 2460 1787 2491 le-

1083 2506 1228 2547 gendum
1253 2517 1322 2539 esse
1348 2508 1460 2538 etiam.
1477 2503 1687 2536 domesticum
1713 2512 1788 2534 ma-

1084 2551 1154 2580 lum
1169 2550 1314 2590 pertinet
1327 2549 1369 2580 ad
1381 2549 1498 2589 Quinti
1509 2547 1630 2584 filium,
1643 2545 1786 2586 quicum

1085 2592 1198 2623 Hirtio
1213 2597 1247 2622 et
1265 2593 1392 2623 Caesare
1405 2591 1535 2621 locutus
1549 2593 1640 2620 erat:
1665 2588 1704 2620 de
1720 2597 1786 2628 quo

1084 2644 1183 2675 supra
1198 2635 1357 2674 scriptum
1373 2639 1435 2664 est.

1126 2679 1167 2707 43
1189 2677 1322 2717 quami.
1339 2686 1391 2707 me
1403 2675 1517 2710 invito,
1530 2683 1596 2714 qua
1609 2672 1686 2713 &c.]
1705 2671 1788 2704 Haee

1084 2723 1164 2749 sunt
1189 2719 1308 2750 vitiosa
1331 2723 1364 2748 et
1380 2718 1531 2754 obscura,
1550 2725 1611 2747 nec
1625 2715 1787 2747 correctio

1084 2762 1155 2792 sine
1179 2761 1272 2794 libris
1291 2760 1481 2794 melioribus
1506 2758 1685 2801 excogitari
1710 2761 1786 2800 pot·

1084 2809 1146 2836 est.
