<?xml version="1.0" encoding="UTF-8"?>
<!DOCTYPE html PUBLIC "-//W3C//DTD XHTML 1.0 Transitional//EN"
    "http://www.w3.org/TR/xhtml1/DTD/xhtml1-transitional.dtd">
<html xmlns="http://www.w3.org/1999/xhtml" xml:lang="en" lang="en">
 <head>
  <title>
</title>
<meta http-equiv="Content-Type" content="text/html;charset=utf-8" />
  <meta name='ocr-system' content='tesseract 3.04.00' />
  <meta name='ocr-capabilities' content='ocr_page ocr_carea ocr_par ocr_line ocrx_word'/>
</head>
<body>
  <div class='ocr_page' id='page_1' title='image "./p2operaomnia03ciceuoft_0332.png"; bbox 0 0 1940 3231; ppageno 0'>
   <div class='ocr_carea' id='block_1_1' title="bbox 331 118 1358 164">
    <p class='ocr_par' dir='ltr' id='par_1_1' title="bbox 331 118 1358 164">
     <span class='ocr_line' id='line_1_1' title="bbox 331 118 1358 164; baseline -0.003 -4"><span class='ocrx_word' id='word_1_1' title='bbox 331 125 410 163; x_wconf 77' lang='grc'>756</span> <span class='ocrx_word' id='word_1_2' title='bbox 761 120 942 159; x_wconf 88' lang='lat' dir='ltr'>EPIST.</span> <span class='ocrx_word' id='word_1_3' title='bbox 970 120 1049 158; x_wconf 93' lang='lat' dir='ltr'>AD</span> <span class='ocrx_word' id='word_1_4' title='bbox 1074 118 1358 164; x_wconf 88' lang='lat' dir='ltr'>ATTICUM,</span> 
     </span>
    </p>
   </div>
   <div class='ocr_carea' id='block_1_2' title="bbox 268 223 1341 278">
    <p class='ocr_par' dir='ltr' id='par_1_2' title="bbox 268 223 1341 278">
     <span class='ocr_line' id='line_1_2' title="bbox 268 223 1341 278; baseline -0.003 -10"><span class='ocrx_word' id='word_1_5' title='bbox 268 242 325 278; x_wconf 75' lang='lat'>00</span> <span class='ocrx_word' id='word_1_6' title='bbox 770 225 1005 267; x_wconf 85' lang='lat' dir='ltr'>CICERO</span> <span class='ocrx_word' id='word_1_7' title='bbox 1035 223 1263 266; x_wconf 86' lang='lat' dir='ltr'>ATTICO</span> <span class='ocrx_word' id='word_1_8' title='bbox 1297 224 1341 264; x_wconf 90' lang='lat' dir='ltr'>S.</span> 
     </span>
    </p>
   </div>
   <div class='ocr_carea' id='block_1_3' title="bbox 316 280 1785 2427">
    <p class='ocr_par' dir='ltr' id='par_1_3' title="bbox 333 280 1782 1204">
     <span class='ocr_line' id='line_1_3' title="bbox 340 280 1774 348; baseline -0.002 -16"><span class='ocrx_word' id='word_1_9' title='bbox 340 280 637 333; x_wconf 85' lang='lat' dir='ltr'>NONDUM</span> <span class='ocrx_word' id='word_1_10' title='bbox 679 291 833 333; x_wconf 84' lang='lat' dir='ltr'>videris</span> <span class='ocrx_word' id='word_1_11' title='bbox 871 293 1123 348; x_wconf 79' lang='lat' dir='ltr'>perspicere,</span> <span class='ocrx_word' id='word_1_12' title='bbox 1163 305 1291 347; x_wconf 86' lang='lat' dir='ltr'>quam</span> <span class='ocrx_word' id='word_1_13' title='bbox 1331 303 1399 330; x_wconf 88' lang='lat' dir='ltr'>me</span> <span class='ocrx_word' id='word_1_14' title='bbox 1436 302 1516 330; x_wconf 88' lang='lat' dir='ltr'>nec</span> <span class='ocrx_word' id='word_1_15' title='bbox 1558 285 1774 329; x_wconf 82' lang='lat' dir='ltr'>Antonius</span> 
     </span>
     <span class='ocr_line' id='line_1_4' title="bbox 335 346 1774 404; baseline -0.003 -16"><span class='ocrx_word' id='word_1_16' title='bbox 335 349 635 399; x_wconf 80' lang='lat' dir='ltr'>commoverit,</span> <span class='ocrx_word' id='word_1_17' title='bbox 658 364 736 390; x_wconf 89' lang='lat' dir='ltr'>nec</span> <span class='ocrx_word' id='word_1_18' title='bbox 759 349 995 403; x_wconf 83' lang='lat' dir='ltr'>quidquam</span> <span class='ocrx_word' id='word_1_19' title='bbox 1011 349 1102 404; x_wconf 82' lang='lat' dir='ltr'>jam</span> <span class='ocrx_word' id='word_1_20' title='bbox 1127 347 1339 404; x_wconf 85' lang='lat' dir='ltr'>ejusmodi</span> <span class='ocrx_word' id='word_1_21' title='bbox 1363 346 1499 402; x_wconf 84' lang='lat' dir='ltr'>possit</span> <span class='ocrx_word' id='word_1_22' title='bbox 1528 358 1774 386; x_wconf 88' lang='lat' dir='ltr'>commove-</span> 
     </span>
     <span class='ocr_line' id='line_1_5' title="bbox 335 401 1776 461; baseline -0.003 -15"><span class='ocrx_word' id='word_1_23' title='bbox 335 421 394 447; x_wconf 84' lang='lat' dir='ltr'>re.</span> <span class='ocrx_word' id='word_1_24' title='bbox 416 406 468 446; x_wconf 86' lang='lat' dir='ltr'>de</span> <span class='ocrx_word' id='word_1_25' title='bbox 490 405 693 446; x_wconf 82' lang='lat' dir='ltr'>Terentia</span> <span class='ocrx_word' id='word_1_26' title='bbox 714 417 857 446; x_wconf 86' lang='lat' dir='ltr'>autem</span> <span class='ocrx_word' id='word_1_27' title='bbox 878 406 1026 461; x_wconf 84' lang='lat' dir='ltr'>scripsi</span> <span class='ocrx_word' id='word_1_28' title='bbox 1051 406 1101 446; x_wconf 87' lang='lat' dir='ltr'>ad</span> <span class='ocrx_word' id='word_1_29' title='bbox 1127 415 1168 446; x_wconf 87' lang='lat' dir='ltr'>te</span> <span class='ocrx_word' id='word_1_30' title='bbox 1187 406 1238 446; x_wconf 88' lang='lat' dir='ltr'>iis</span> <span class='ocrx_word' id='word_1_31' title='bbox 1262 405 1428 454; x_wconf 89' lang='lat' dir='ltr'>litteris,</span> <span class='ocrx_word' id='word_1_32' title='bbox 1449 417 1552 458; x_wconf 88' lang='lat' dir='ltr'>quas</span> <span class='ocrx_word' id='word_1_33' title='bbox 1575 401 1776 443; x_wconf 82' lang='lat' dir='ltr'>dederam</span> 
     </span>
     <span class='ocr_line' id='line_1_6' title="bbox 335 458 1778 519; baseline -0.003 -15"><span class='ocrx_word' id='word_1_34' title='bbox 335 463 488 519; x_wconf 79' lang='lat' dir='ltr'>pridie.</span> <span class='ocrx_word' id='word_1_35' title='bbox 552 463 681 509; x_wconf 83' lang='lat' dir='ltr'>Quod</span> <span class='ocrx_word' id='word_1_36' title='bbox 706 477 774 502; x_wconf 86' lang='lat' dir='ltr'>me</span> <span class='ocrx_word' id='word_1_37' title='bbox 807 462 1005 513; x_wconf 79' lang='lat' dir='ltr'>hortaris,</span> <span class='ocrx_word' id='word_1_38' title='bbox 1028 463 1157 517; x_wconf 89' lang='lat' dir='ltr'>idque</span> <span class='ocrx_word' id='word_1_39' title='bbox 1180 478 1204 503; x_wconf 82' lang='lat' dir='ltr'>a</span> <span class='ocrx_word' id='word_1_40' title='bbox 1232 462 1384 503; x_wconf 87' lang='lat' dir='ltr'>ceteris</span> <span class='ocrx_word' id='word_1_41' title='bbox 1418 458 1649 501; x_wconf 78' lang='lat' dir='ltr'>desiderari</span> <span class='ocrx_word' id='word_1_42' title='bbox 1672 459 1778 499; x_wconf 86' lang='lat' dir='ltr'>scri-</span> 
     </span>
     <span class='ocr_line' id='line_1_7' title="bbox 334 519 1777 574; baseline -0.005 -13"><span class='ocrx_word' id='word_1_43' title='bbox 334 521 416 571; x_wconf 86' lang='lat' dir='ltr'>bis,</span> <span class='ocrx_word' id='word_1_44' title='bbox 456 531 501 559; x_wconf 91' lang='lat' dir='ltr'>ut</span> <span class='ocrx_word' id='word_1_45' title='bbox 542 519 825 570; x_wconf 81' lang='lat' dir='ltr'>dissimulem,</span> <span class='ocrx_word' id='word_1_46' title='bbox 868 534 936 559; x_wconf 88' lang='lat' dir='ltr'>me</span> <span class='ocrx_word' id='word_1_47' title='bbox 974 529 1062 560; x_wconf 86' lang='lat' dir='ltr'>tam</span> <span class='ocrx_word' id='word_1_48' title='bbox 1103 520 1289 574; x_wconf 84' lang='lat' dir='ltr'>graviter</span> <span class='ocrx_word' id='word_1_49' title='bbox 1330 519 1502 569; x_wconf 78' lang='lat' dir='ltr'>dolere3</span> <span class='ocrx_word' id='word_1_50' title='bbox 1544 527 1777 572; x_wconf 83' lang='lat' dir='ltr'>possumne</span> 
     </span>
     <span class='ocr_line' id='line_1_8' title="bbox 334 572 1778 632; baseline -0.005 -14"><span class='ocrx_word' id='word_1_51' title='bbox 334 577 542 632; x_wconf 73' lang='lat' dir='ltr'>72111agis‚</span> <span class='ocrx_word' id='word_1_52' title='bbox 574 577 648 630; x_wconf 87' lang='lat' dir='ltr'>qui</span> <span class='ocrx_word' id='word_1_53' title='bbox 672 586 786 616; x_wconf 77' lang='lat' dir='ltr'>totos</span> <span class='ocrx_word' id='word_1_54' title='bbox 810 576 899 616; x_wconf 87' lang='lat' dir='ltr'>dies</span> <span class='ocrx_word' id='word_1_55' title='bbox 922 591 1131 617; x_wconf 85' lang='lat' dir='ltr'>consumo</span> <span class='ocrx_word' id='word_1_56' title='bbox 1162 577 1206 616; x_wconf 93' lang='lat' dir='ltr'>in</span> <span class='ocrx_word' id='word_1_57' title='bbox 1229 577 1408 617; x_wconf 82' lang='lat' dir='ltr'>litteris?</span> <span class='ocrx_word' id='word_1_58' title='bbox 1447 575 1562 630; x_wconf 90' lang='lat' dir='ltr'>quod</span> <span class='ocrx_word' id='word_1_59' title='bbox 1585 572 1666 613; x_wconf 88' lang='lat' dir='ltr'>etsi</span> <span class='ocrx_word' id='word_1_60' title='bbox 1688 585 1778 612; x_wconf 89' lang='lat' dir='ltr'>non</span> 
     </span>
     <span class='ocr_line' id='line_1_9' title="bbox 333 631 1779 688; baseline -0.005 -13"><span class='ocrx_word' id='word_1_61' title='bbox 333 633 704 683; x_wconf 71' lang='lat' dir='ltr'>dissimulationis,</span> <span class='ocrx_word' id='word_1_62' title='bbox 728 633 800 673; x_wconf 87' lang='lat' dir='ltr'>sed</span> <span class='ocrx_word' id='word_1_63' title='bbox 833 633 976 688; x_wconf 84' lang='lat' dir='ltr'>potius</span> <span class='ocrx_word' id='word_1_64' title='bbox 1000 633 1183 674; x_wconf 88' lang='lat' dir='ltr'>leniendi</span> <span class='ocrx_word' id='word_1_65' title='bbox 1209 644 1251 674; x_wconf 80' lang='lat' dir='ltr'>et</span> <span class='ocrx_word' id='word_1_66' title='bbox 1284 632 1458 674; x_wconf 85' lang='lat' dir='ltr'>sanandi</span> <span class='ocrx_word' id='word_1_67' title='bbox 1483 631 1614 673; x_wconf 83' lang='lat' dir='ltr'>animi</span> <span class='ocrx_word' id='word_1_68' title='bbox 1649 642 1779 678; x_wconf 71' lang='lat' dir='ltr'>causa</span> 
     </span>
     <span class='ocr_line' id='line_1_10' title="bbox 334 684 1780 746; baseline -0.004 -15"><span class='ocrx_word' id='word_1_69' title='bbox 334 692 471 732; x_wconf 79' lang='lat' dir='ltr'>facio:</span> <span class='ocrx_word' id='word_1_70' title='bbox 498 700 655 740; x_wconf 82' lang='lat' dir='ltr'>tamen,</span> <span class='ocrx_word' id='word_1_71' title='bbox 675 690 706 730; x_wconf 90' lang='lat' dir='ltr'>si</span> <span class='ocrx_word' id='word_1_72' title='bbox 732 691 838 731; x_wconf 78' lang='lat' dir='ltr'>mihi</span> <span class='ocrx_word' id='word_1_73' title='bbox 862 691 1002 731; x_wconf 84' lang='lat' dir='ltr'>minus</span> <span class='ocrx_word' id='word_1_74' title='bbox 1027 689 1222 746; x_wconf 82' lang='lat' dir='ltr'>proficio,</span> <span class='ocrx_word' id='word_1_75' title='bbox 1244 693 1284 723; x_wconf 76' lang='lat'>73</span> <span class='ocrx_word' id='word_1_76' title='bbox 1299 689 1562 730; x_wconf 82' lang='lat' dir='ltr'>simulationi</span> <span class='ocrx_word' id='word_1_77' title='bbox 1580 695 1695 728; x_wconf 89' lang='lat' dir='ltr'>certe</span> <span class='ocrx_word' id='word_1_78' title='bbox 1715 684 1780 726; x_wconf 88' lang='lat' dir='ltr'>fa-</span> 
     </span>
     <span class='ocr_line' id='line_1_11' title="bbox 334 744 1780 803; baseline -0.003 -15"><span class='ocrx_word' id='word_1_79' title='bbox 334 749 402 788; x_wconf 86' lang='lat' dir='ltr'>cio</span> <span class='ocrx_word' id='word_1_80' title='bbox 438 747 554 788; x_wconf 88' lang='lat' dir='ltr'>satis.</span> <span class='ocrx_word' id='word_1_81' title='bbox 619 746 770 788; x_wconf 83' lang='lat' dir='ltr'>Minus</span> <span class='ocrx_word' id='word_1_82' title='bbox 802 747 938 788; x_wconf 86' lang='lat' dir='ltr'>multa</span> <span class='ocrx_word' id='word_1_83' title='bbox 968 748 1019 788; x_wconf 79' lang='lat' dir='ltr'>ad</span> <span class='ocrx_word' id='word_1_84' title='bbox 1053 757 1094 787; x_wconf 90' lang='lat' dir='ltr'>te</span> <span class='ocrx_word' id='word_1_85' title='bbox 1126 747 1291 803; x_wconf 83' lang='lat' dir='ltr'>scripsi,</span> <span class='ocrx_word' id='word_1_86' title='bbox 1323 746 1437 801; x_wconf 87' lang='lat' dir='ltr'>quod</span> <span class='ocrx_word' id='word_1_87' title='bbox 1469 744 1780 801; x_wconf 81' lang='lat' dir='ltr'>exspectabam</span> 
     </span>
     <span class='ocr_line' id='line_1_12' title="bbox 334 801 1782 860; baseline -0.003 -15"><span class='ocrx_word' id='word_1_88' title='bbox 334 815 427 845; x_wconf 83' lang='lat' dir='ltr'>tuas</span> <span class='ocrx_word' id='word_1_89' title='bbox 453 805 614 845; x_wconf 79' lang='lat' dir='ltr'>litteras</span> <span class='ocrx_word' id='word_1_90' title='bbox 637 804 688 844; x_wconf 86' lang='lat' dir='ltr'>ad</span> <span class='ocrx_word' id='word_1_91' title='bbox 712 819 797 854; x_wconf 83' lang='lat' dir='ltr'>eas,</span> <span class='ocrx_word' id='word_1_92' title='bbox 813 819 918 859; x_wconf 85' lang='lat' dir='ltr'>quas</span> <span class='ocrx_word' id='word_1_93' title='bbox 941 806 992 846; x_wconf 88' lang='lat' dir='ltr'>ad</span> <span class='ocrx_word' id='word_1_94' title='bbox 1018 815 1058 845; x_wconf 90' lang='lat' dir='ltr'>te</span> <span class='ocrx_word' id='word_1_95' title='bbox 1077 805 1214 860; x_wconf 82' lang='lat' dir='ltr'>pridie</span> <span class='ocrx_word' id='word_1_96' title='bbox 1235 804 1450 844; x_wconf 83' lang='lat' dir='ltr'>dederam.</span> <span class='ocrx_word' id='word_1_97' title='bbox 1473 801 1782 858; x_wconf 79' lang='lat' dir='ltr'>exspectabam</span> 
     </span>
     <span class='ocr_line' id='line_1_13' title="bbox 333 858 1780 912; baseline -0.002 -10"><span class='ocrx_word' id='word_1_98' title='bbox 333 873 476 903; x_wconf 78' lang='lat' dir='ltr'>autem</span> <span class='ocrx_word' id='word_1_99' title='bbox 512 861 699 902; x_wconf 82' lang='lat' dir='ltr'>maxime</span> <span class='ocrx_word' id='word_1_100' title='bbox 721 862 773 902; x_wconf 86' lang='lat' dir='ltr'>de</span> <span class='ocrx_word' id='word_1_101' title='bbox 797 862 913 912; x_wconf 85' lang='lat' dir='ltr'>fano,</span> <span class='ocrx_word' id='word_1_102' title='bbox 933 877 1019 902; x_wconf 88' lang='lat' dir='ltr'>non</span> <span class='ocrx_word' id='word_1_103' title='bbox 1052 861 1160 902; x_wconf 87' lang='lat' dir='ltr'>nihil</span> <span class='ocrx_word' id='word_1_104' title='bbox 1180 862 1309 902; x_wconf 86' lang='lat' dir='ltr'>etiam</span> <span class='ocrx_word' id='word_1_105' title='bbox 1333 861 1385 901; x_wconf 93' lang='lat' dir='ltr'>de</span> <span class='ocrx_word' id='word_1_106' title='bbox 1418 859 1633 901; x_wconf 82' lang='lat' dir='ltr'>Terentia.</span> <span class='ocrx_word' id='word_1_107' title='bbox 1693 858 1780 899; x_wconf 87' lang='lat' dir='ltr'>Ve-</span> 
     </span>
     <span class='ocr_line' id='line_1_14' title="bbox 333 916 1780 975; baseline -0.003 -15"><span class='ocrx_word' id='word_1_108' title='bbox 333 919 408 960; x_wconf 87' lang='lat' dir='ltr'>lim</span> <span class='ocrx_word' id='word_1_109' title='bbox 434 934 500 960; x_wconf 86' lang='lat' dir='ltr'>me</span> <span class='ocrx_word' id='word_1_110' title='bbox 524 918 654 959; x_wconf 83' lang='lat' dir='ltr'>facias</span> <span class='ocrx_word' id='word_1_111' title='bbox 688 919 915 960; x_wconf 85' lang='lat' dir='ltr'>certiorem</span> <span class='ocrx_word' id='word_1_112' title='bbox 947 919 1157 975; x_wconf 85' lang='lat' dir='ltr'>proximis</span> <span class='ocrx_word' id='word_1_113' title='bbox 1190 918 1357 968; x_wconf 89' lang='lat' dir='ltr'>litteris,</span> <span class='ocrx_word' id='word_1_114' title='bbox 1382 917 1464 958; x_wconf 91' lang='lat' dir='ltr'>Cn.</span> <span class='ocrx_word' id='word_1_115' title='bbox 1489 916 1658 972; x_wconf 87' lang='lat' dir='ltr'>Caepio,</span> <span class='ocrx_word' id='word_1_116' title='bbox 1682 916 1780 956; x_wconf 88' lang='lat' dir='ltr'>Ser-</span> 
     </span>
     <span class='ocr_line' id='line_1_15' title="bbox 336 972 1781 1032; baseline -0.002 -15"><span class='ocrx_word' id='word_1_117' title='bbox 336 977 451 1017; x_wconf 75' lang='lat' dir='ltr'>viliae</span> <span class='ocrx_word' id='word_1_118' title='bbox 477 975 648 1017; x_wconf 75' lang='lat' dir='ltr'>Claudii</span> <span class='ocrx_word' id='word_1_119' title='bbox 685 987 819 1032; x_wconf 84' lang='lat' dir='ltr'>pater,</span> <span class='ocrx_word' id='word_1_120' title='bbox 844 977 999 1017; x_wconf 80' lang='lat' dir='ltr'>vivone</span> <span class='ocrx_word' id='word_1_121' title='bbox 1025 981 1144 1032; x_wconf 84' lang='lat' dir='ltr'>patre</span> <span class='ocrx_word' id='word_1_122' title='bbox 1166 992 1242 1017; x_wconf 91' lang='lat' dir='ltr'>suo</span> <span class='ocrx_word' id='word_1_123' title='bbox 1267 974 1492 1030; x_wconf 84' lang='lat' dir='ltr'>naufragio</span> <span class='ocrx_word' id='word_1_124' title='bbox 1517 972 1704 1030; x_wconf 88' lang='lat' dir='ltr'>perierit,</span> <span class='ocrx_word' id='word_1_125' title='bbox 1725 987 1781 1014; x_wconf 85' lang='lat' dir='ltr'>an</span> 
     </span>
     <span class='ocr_line' id='line_1_16' title="bbox 334 1032 1782 1084; baseline -0.002 -10"><span class='ocrx_word' id='word_1_126' title='bbox 334 1045 532 1084; x_wconf 79' lang='lat' dir='ltr'>mortu03</span> <span class='ocrx_word' id='word_1_127' title='bbox 565 1033 668 1073; x_wconf 90' lang='lat' dir='ltr'>item</span> <span class='ocrx_word' id='word_1_128' title='bbox 695 1033 861 1074; x_wconf 80' lang='lat' dir='ltr'>Rutilia</span> <span class='ocrx_word' id='word_1_129' title='bbox 894 1034 1050 1076; x_wconf 90' lang='lat' dir='ltr'>vivone</span> <span class='ocrx_word' id='word_1_130' title='bbox 1085 1033 1136 1074; x_wconf 87' lang='lat' dir='ltr'>C.</span> <span class='ocrx_word' id='word_1_131' title='bbox 1174 1034 1321 1083; x_wconf 88' lang='lat' dir='ltr'>Cotta,</span> <span class='ocrx_word' id='word_1_132' title='bbox 1363 1032 1451 1072; x_wconf 86' lang='lat' dir='ltr'>filio</span> <span class='ocrx_word' id='word_1_133' title='bbox 1481 1046 1573 1082; x_wconf 89' lang='lat' dir='ltr'>suo,</span> <span class='ocrx_word' id='word_1_134' title='bbox 1611 1039 1782 1072; x_wconf 83' lang='lat' dir='ltr'>mortua</span> 
     </span>
     <span class='ocr_line' id='line_1_17' title="bbox 336 1087 1781 1147; baseline -0.003 -16"><span class='ocrx_word' id='word_1_135' title='bbox 336 1092 406 1141; x_wconf 78' lang='lat' dir='ltr'>sit,</span> <span class='ocrx_word' id='word_1_136' title='bbox 428 1106 480 1132; x_wconf 85' lang='lat' dir='ltr'>an</span> <span class='ocrx_word' id='word_1_137' title='bbox 519 1100 704 1131; x_wconf 89' lang='lat' dir='ltr'>mortuo.</span> <span class='ocrx_word' id='word_1_138' title='bbox 739 1091 956 1147; x_wconf 79' lang='lat' dir='ltr'>pertinent</span> <span class='ocrx_word' id='word_1_139' title='bbox 991 1091 1045 1132; x_wconf 86' lang='lat' dir='ltr'>ad</span> <span class='ocrx_word' id='word_1_140' title='bbox 1075 1105 1173 1132; x_wconf 86' lang='lat' dir='ltr'>eum</span> <span class='ocrx_word' id='word_1_141' title='bbox 1210 1091 1383 1141; x_wconf 88' lang='lat' dir='ltr'>librum,</span> <span class='ocrx_word' id='word_1_142' title='bbox 1408 1103 1536 1145; x_wconf 89' lang='lat' dir='ltr'>quem</span> <span class='ocrx_word' id='word_1_143' title='bbox 1572 1087 1625 1129; x_wconf 91' lang='lat' dir='ltr'>de</span> <span class='ocrx_word' id='word_1_144' title='bbox 1660 1087 1781 1128; x_wconf 91' lang='lat' dir='ltr'>luctu</span> 
     </span>
     <span class='ocr_line' id='line_1_18' title="bbox 336 1148 859 1204; baseline -0.002 -15"><span class='ocrx_word' id='word_1_145' title='bbox 336 1148 571 1189; x_wconf 83' lang='lat' dir='ltr'>minuendo</span> <span class='ocrx_word' id='word_1_146' title='bbox 595 1148 859 1204; x_wconf 83' lang='lat' dir='ltr'>scripsimus.</span> 
     </span>
    </p>

    <p class='ocr_par' dir='ltr' id='par_1_4' title="bbox 316 1215 1785 2427">
     <span class='ocr_line' id='line_1_19' title="bbox 775 1215 1350 1257; baseline 0 0"><span class='ocrx_word' id='word_1_147' title='bbox 775 1215 1010 1257; x_wconf 83' lang='lat' dir='ltr'>CICERO</span> <span class='ocrx_word' id='word_1_148' title='bbox 1046 1215 1272 1257; x_wconf 88' lang='lat' dir='ltr'>ATTICO</span> <span class='ocrx_word' id='word_1_149' title='bbox 1305 1216 1350 1257; x_wconf 91' lang='lat' dir='ltr'>S.</span> 
     </span>
     <span class='ocr_line' id='line_1_20' title="bbox 338 1273 1781 1340; baseline -0.003 -14"><span class='ocrx_word' id='word_1_150' title='bbox 338 1273 500 1326; x_wconf 83' lang='lat' dir='ltr'>LEGI</span> <span class='ocrx_word' id='word_1_151' title='bbox 541 1284 667 1326; x_wconf 83' lang='lat' dir='ltr'>Bruti</span> <span class='ocrx_word' id='word_1_152' title='bbox 708 1284 951 1340; x_wconf 85' lang='lat' dir='ltr'>epistolam,</span> <span class='ocrx_word' id='word_1_153' title='bbox 987 1298 1167 1339; x_wconf 84' lang='lat' dir='ltr'>eamque</span> <span class='ocrx_word' id='word_1_154' title='bbox 1202 1284 1279 1324; x_wconf 84' lang='lat' dir='ltr'>tibi</span> <span class='ocrx_word' id='word_1_155' title='bbox 1322 1281 1480 1332; x_wconf 76' lang='lat' dir='ltr'>remisi,</span> <span class='ocrx_word' id='word_1_156' title='bbox 1512 1283 1666 1323; x_wconf 82' lang='lat' dir='ltr'>74sane</span> <span class='ocrx_word' id='word_1_157' title='bbox 1692 1295 1781 1322; x_wconf 87' lang='lat' dir='ltr'>non</span> 
     </span>
     <span class='ocr_line' id='line_1_21' title="bbox 335 1338 1783 1397; baseline -0.003 -15"><span class='ocrx_word' id='word_1_158' title='bbox 335 1343 568 1397; x_wconf 81' lang='lat' dir='ltr'>prudenter</span> <span class='ocrx_word' id='word_1_159' title='bbox 592 1342 844 1397; x_wconf 84' lang='lat' dir='ltr'>rescriptam</span> <span class='ocrx_word' id='word_1_160' title='bbox 867 1341 920 1382; x_wconf 86' lang='lat' dir='ltr'>ad</span> <span class='ocrx_word' id='word_1_161' title='bbox 942 1356 1007 1391; x_wconf 86' lang='lat' dir='ltr'>ea,</span> <span class='ocrx_word' id='word_1_162' title='bbox 1032 1356 1129 1396; x_wconf 79' lang='lat' dir='ltr'>quae</span> <span class='ocrx_word' id='word_1_163' title='bbox 1151 1341 1418 1396; x_wconf 81' lang='lat' dir='ltr'>requisieraS.</span> <span class='ocrx_word' id='word_1_164' title='bbox 1451 1339 1524 1379; x_wconf 85' lang='lat' dir='ltr'>sed</span> <span class='ocrx_word' id='word_1_165' title='bbox 1548 1339 1638 1395; x_wconf 89' lang='lat' dir='ltr'>ipse</span> <span class='ocrx_word' id='word_1_166' title='bbox 1663 1338 1783 1379; x_wconf 89' lang='lat' dir='ltr'>vide-</span> 
     </span>
     <span class='ocr_line' id='line_1_22' title="bbox 334 1396 1780 1454; baseline -0.003 -14"><span class='ocrx_word' id='word_1_167' title='bbox 334 1400 416 1440; x_wconf 81' lang='lat' dir='ltr'>rit:</span> <span class='ocrx_word' id='word_1_168' title='bbox 449 1414 708 1454; x_wconf 81' lang='lat' dir='ltr'>quamquam</span> <span class='ocrx_word' id='word_1_169' title='bbox 745 1399 847 1440; x_wconf 92' lang='lat' dir='ltr'>illud</span> <span class='ocrx_word' id='word_1_170' title='bbox 880 1398 1062 1454; x_wconf 86' lang='lat' dir='ltr'>turpiter</span> <span class='ocrx_word' id='word_1_171' title='bbox 1096 1399 1298 1454; x_wconf 48' lang='lat' dir='ltr'>ignorum</span> <span class='ocrx_word' id='word_1_172' title='bbox 1345 1398 1556 1438; x_wconf 89' lang='lat' dir='ltr'>Catonem</span> <span class='ocrx_word' id='word_1_173' title='bbox 1591 1396 1780 1452; x_wconf 89' lang='lat' dir='ltr'>primum</span> 
     </span>
     <span class='ocr_line' id='line_1_23' title="bbox 335 1455 1780 1512; baseline -0.003 -15"><span class='ocrx_word' id='word_1_174' title='bbox 335 1458 593 1497; x_wconf 84' lang='lat' dir='ltr'>sententiam</span> <span class='ocrx_word' id='word_1_175' title='bbox 617 1466 742 1512; x_wconf 79' lang='lat' dir='ltr'>putat</span> <span class='ocrx_word' id='word_1_176' title='bbox 765 1457 817 1496; x_wconf 90' lang='lat' dir='ltr'>de</span> <span class='ocrx_word' id='word_1_177' title='bbox 848 1456 1219 1497; x_wconf 83' lang='lat' dir='ltr'>animadversione</span> <span class='ocrx_word' id='word_1_178' title='bbox 1250 1455 1436 1505; x_wconf 78' lang='lat' dir='ltr'>dixisse3</span> <span class='ocrx_word' id='word_1_179' title='bbox 1470 1468 1596 1508; x_wconf 86' lang='lat' dir='ltr'>quam</span> <span class='ocrx_word' id='word_1_180' title='bbox 1631 1467 1780 1494; x_wconf 89' lang='lat' dir='ltr'>omnes</span> 
     </span>
     <span class='ocr_line' id='line_1_24' title="bbox 337 1510 1780 1569; baseline -0.003 -15"><span class='ocrx_word' id='word_1_181' title='bbox 337 1525 437 1554; x_wconf 88' lang='lat' dir='ltr'>ante</span> <span class='ocrx_word' id='word_1_182' title='bbox 459 1515 673 1565; x_wconf 79' lang='lat' dir='ltr'>dixerant,</span> <span class='ocrx_word' id='word_1_183' title='bbox 695 1523 850 1569; x_wconf 80' lang='lat' dir='ltr'>praeter</span> <span class='ocrx_word' id='word_1_184' title='bbox 874 1512 1116 1554; x_wconf 61' lang='lat' dir='ltr'>Caesarem:</span> <span class='ocrx_word' id='word_1_185' title='bbox 1141 1522 1183 1553; x_wconf 91' lang='lat' dir='ltr'>et</span> <span class='ocrx_word' id='word_1_186' title='bbox 1206 1527 1303 1553; x_wconf 83' lang='lat' dir='ltr'>culn</span> <span class='ocrx_word' id='word_1_187' title='bbox 1328 1512 1461 1567; x_wconf 87' lang='lat' dir='ltr'>ipsius</span> <span class='ocrx_word' id='word_1_188' title='bbox 1483 1510 1667 1552; x_wconf 82' lang='lat' dir='ltr'>Caesaris</span> <span class='ocrx_word' id='word_1_189' title='bbox 1690 1520 1780 1551; x_wconf 84' lang='lat' dir='ltr'>tam</span> 
     </span>
     <span class='ocr_line' id='line_1_25' title="bbox 338 1567 1782 1625; baseline -0.002 -13"><span class='ocrx_word' id='word_1_190' title='bbox 338 1585 485 1612; x_wconf 80' lang='lat' dir='ltr'>severa</span> <span class='ocrx_word' id='word_1_191' title='bbox 519 1571 662 1621; x_wconf 83' lang='lat' dir='ltr'>fuerit,</span> <span class='ocrx_word' id='word_1_192' title='bbox 685 1572 758 1625; x_wconf 88' lang='lat' dir='ltr'>qui</span> <span class='ocrx_word' id='word_1_193' title='bbox 794 1581 882 1611; x_wconf 88' lang='lat' dir='ltr'>tum</span> <span class='ocrx_word' id='word_1_194' title='bbox 916 1571 1120 1625; x_wconf 84' lang='lat' dir='ltr'>praetorio</span> <span class='ocrx_word' id='word_1_195' title='bbox 1154 1571 1248 1610; x_wconf 92' lang='lat' dir='ltr'>loco</span> <span class='ocrx_word' id='word_1_196' title='bbox 1285 1569 1459 1618; x_wconf 85' lang='lat' dir='ltr'>dixerit,</span> <span class='ocrx_word' id='word_1_197' title='bbox 1490 1567 1782 1609; x_wconf 83' lang='lat' dir='ltr'>consularium</span> 
     </span>
     <span class='ocr_line' id='line_1_26' title="bbox 316 1624 1783 1685; baseline -0.003 -15"><span class='ocrx_word' id='word_1_198' title='bbox 316 1639 463 1685; x_wconf 82' lang='lat' dir='ltr'>,putat</span> <span class='ocrx_word' id='word_1_199' title='bbox 487 1629 667 1669; x_wconf 81' lang='lat' dir='ltr'>leniores</span> <span class='ocrx_word' id='word_1_200' title='bbox 693 1628 841 1678; x_wconf 72' lang='lat' dir='ltr'>fuisse,</span> <span class='ocrx_word' id='word_1_201' title='bbox 877 1627 1037 1677; x_wconf 86' lang='lat' dir='ltr'>Catuli,</span> <span class='ocrx_word' id='word_1_202' title='bbox 1073 1627 1258 1676; x_wconf 83' lang='lat' dir='ltr'>Servilii,</span> <span class='ocrx_word' id='word_1_203' title='bbox 1296 1625 1588 1675; x_wconf 86' lang='lat' dir='ltr'>Lucullorum,</span> <span class='ocrx_word' id='word_1_204' title='bbox 1626 1624 1783 1665; x_wconf 87' lang='lat' dir='ltr'>Curio-</span> 
     </span>
     <span class='ocr_line' id='line_1_27' title="bbox 338 1681 1780 1741; baseline -0.003 -15"><span class='ocrx_word' id='word_1_205' title='bbox 338 1687 418 1736; x_wconf 72' lang='lat' dir='ltr'>nis,</span> <span class='ocrx_word' id='word_1_206' title='bbox 451 1685 676 1741; x_wconf 80' lang='lat' dir='ltr'>Torquati,</span> <span class='ocrx_word' id='word_1_207' title='bbox 714 1685 878 1740; x_wconf 90' lang='lat' dir='ltr'>Lepidi,</span> <span class='ocrx_word' id='word_1_208' title='bbox 916 1684 1063 1733; x_wconf 89' lang='lat' dir='ltr'>Gellii,</span> <span class='ocrx_word' id='word_1_209' title='bbox 1097 1683 1300 1733; x_wconf 86' lang='lat' dir='ltr'>Volcatii,</span> <span class='ocrx_word' id='word_1_210' title='bbox 1337 1683 1494 1738; x_wconf 83' lang='lat' dir='ltr'>Figuli,</span> <span class='ocrx_word' id='word_1_211' title='bbox 1533 1681 1694 1732; x_wconf 84' lang='lat' dir='ltr'>Cottae,</span> <span class='ocrx_word' id='word_1_212' title='bbox 1730 1681 1780 1723; x_wconf 87' lang='lat' dir='ltr'>L.</span> 
     </span>
     <span class='ocr_line' id='line_1_28' title="bbox 339 1738 1783 1793; baseline -0.003 -9"><span class='ocrx_word' id='word_1_213' title='bbox 339 1743 540 1793; x_wconf 59' lang='lat' dir='ltr'>Caesaris,</span> <span class='ocrx_word' id='word_1_214' title='bbox 559 1743 610 1784; x_wconf 90' lang='lat' dir='ltr'>C.</span> <span class='ocrx_word' id='word_1_215' title='bbox 638 1742 966 1792; x_wconf 80' lang='lat' dir='ltr'>Pisonis,etiam</span> <span class='ocrx_word' id='word_1_216' title='bbox 994 1741 1073 1781; x_wconf 84' lang='grc' dir='ltr'>Μ’.</span> <span class='ocrx_word' id='word_1_217' title='bbox 1102 1740 1366 1790; x_wconf 80' lang='lat' dir='ltr'>Glabrionis,</span> <span class='ocrx_word' id='word_1_218' title='bbox 1392 1739 1540 1790; x_wconf 67' lang='lat' dir='ltr'>Silani,</span> <span class='ocrx_word' id='word_1_219' title='bbox 1566 1738 1783 1789; x_wconf 89' lang='lat' dir='ltr'>Murenae,</span> 
     </span>
     <span class='ocr_line' id='line_1_29' title="bbox 334 1796 1781 1855; baseline -0.001 -15"><span class='ocrx_word' id='word_1_220' title='bbox 334 1800 662 1855; x_wconf 75' lang='lat' dir='ltr'>‘designatorum</span> <span class='ocrx_word' id='word_1_221' title='bbox 695 1800 936 1840; x_wconf 85' lang='lat' dir='ltr'>consulum.</span> <span class='ocrx_word' id='word_1_222' title='bbox 968 1813 1043 1839; x_wconf 89' lang='lat' dir='ltr'>cur</span> <span class='ocrx_word' id='word_1_223' title='bbox 1071 1813 1174 1853; x_wconf 77' lang='lat' dir='ltr'>ergo</span> <span class='ocrx_word' id='word_1_224' title='bbox 1209 1798 1255 1838; x_wconf 88' lang='lat' dir='ltr'>in</span> <span class='ocrx_word' id='word_1_225' title='bbox 1277 1798 1534 1838; x_wconf 85' lang='lat' dir='ltr'>sententiam</span> <span class='ocrx_word' id='word_1_226' title='bbox 1570 1796 1781 1838; x_wconf 78' lang='lat' dir='ltr'>Catonis?</span> 
     </span>
     <span class='ocr_line' id='line_1_30' title="bbox 337 1855 1784 1913; baseline -0.003 -15"><span class='ocrx_word' id='word_1_227' title='bbox 337 1857 438 1913; x_wconf 84' lang='lat' dir='ltr'>quia</span> <span class='ocrx_word' id='word_1_228' title='bbox 462 1857 601 1898; x_wconf 82' lang='lat' dir='ltr'>verbis</span> <span class='ocrx_word' id='word_1_229' title='bbox 623 1856 979 1897; x_wconf 86' lang='lat' dir='ltr'>luculentioribus</span> <span class='ocrx_word' id='word_1_230' title='bbox 997 1865 1042 1895; x_wconf 86' lang='lat' dir='ltr'>et</span> <span class='ocrx_word' id='word_1_231' title='bbox 1065 1855 1256 1910; x_wconf 80' lang='lat' dir='ltr'>pluribus</span> <span class='ocrx_word' id='word_1_232' title='bbox 1278 1870 1367 1895; x_wconf 84' lang='lat' dir='ltr'>rem</span> <span class='ocrx_word' id='word_1_233' title='bbox 1384 1855 1562 1895; x_wconf 85' lang='lat' dir='ltr'>eandem</span> <span class='ocrx_word' id='word_1_234' title='bbox 1585 1868 1784 1909; x_wconf 88' lang='lat' dir='ltr'>compre-</span> 
     </span>
     <span class='ocr_line' id='line_1_31' title="bbox 337 1910 1783 1967; baseline -0.002 -13"><span class='ocrx_word' id='word_1_235' title='bbox 337 1914 558 1956; x_wconf 80' lang='lat' dir='ltr'>henderat.</span> <span class='ocrx_word' id='word_1_236' title='bbox 621 1913 700 1954; x_wconf 81' lang='lat' dir='ltr'>Me</span> <span class='ocrx_word' id='word_1_237' title='bbox 721 1925 865 1954; x_wconf 83' lang='lat' dir='ltr'>autem</span> <span class='ocrx_word' id='word_1_238' title='bbox 886 1913 958 1953; x_wconf 89' lang='lat' dir='ltr'>hic</span> <span class='ocrx_word' id='word_1_239' title='bbox 980 1912 1140 1962; x_wconf 80' lang='lat' dir='ltr'>laudat,</span> <span class='ocrx_word' id='word_1_240' title='bbox 1162 1912 1278 1967; x_wconf 87' lang='lat' dir='ltr'>quod</span> <span class='ocrx_word' id='word_1_241' title='bbox 1302 1912 1533 1963; x_wconf 87' lang='lat' dir='ltr'>retulerim,</span> <span class='ocrx_word' id='word_1_242' title='bbox 1558 1925 1642 1951; x_wconf 91' lang='lat' dir='ltr'>non</span> <span class='ocrx_word' id='word_1_243' title='bbox 1665 1910 1783 1965; x_wconf 89' lang='lat' dir='ltr'>quod</span> 
     </span>
     <span class='ocr_line' id='line_1_32' title="bbox 339 1969 1784 2026; baseline -0.002 -15"><span class='ocrx_word' id='word_1_244' title='bbox 339 1972 633 2026; x_wconf 83' lang='lat' dir='ltr'>patefecerim,</span> <span class='ocrx_word' id='word_1_245' title='bbox 653 1971 766 2026; x_wconf 89' lang='lat' dir='ltr'>quod</span> <span class='ocrx_word' id='word_1_246' title='bbox 787 1970 1038 2012; x_wconf 83' lang='lat' dir='ltr'>cohortatus</span> <span class='ocrx_word' id='word_1_247' title='bbox 1059 1970 1153 2019; x_wconf 84' lang='lat' dir='ltr'>sim,</span> <span class='ocrx_word' id='word_1_248' title='bbox 1173 1969 1288 2025; x_wconf 86' lang='lat' dir='ltr'>quod</span> <span class='ocrx_word' id='word_1_249' title='bbox 1311 1970 1495 2023; x_wconf 83' lang='lat' dir='ltr'>denique</span> <span class='ocrx_word' id='word_1_250' title='bbox 1517 1978 1631 2019; x_wconf 79' lang='lat' dir='ltr'>ante,</span> <span class='ocrx_word' id='word_1_251' title='bbox 1650 1982 1784 2023; x_wconf 86' lang='lat' dir='ltr'>quam</span> 
     </span>
     <span class='ocr_line' id='line_1_33' title="bbox 339 2025 1783 2084; baseline -0.002 -15"><span class='ocrx_word' id='word_1_252' title='bbox 339 2029 622 2078; x_wconf 89' lang='lat' dir='ltr'>consulerem,</span> <span class='ocrx_word' id='word_1_253' title='bbox 645 2027 1054 2084; x_wconf 37' lang='lat' dir='ltr'>ipse-judicaverim.</span> <span class='ocrx_word' id='word_1_254' title='bbox 1087 2041 1183 2081; x_wconf 81' lang='lat' dir='ltr'>quae</span> <span class='ocrx_word' id='word_1_255' title='bbox 1207 2027 1367 2077; x_wconf 82' lang='lat' dir='ltr'>onmia,</span> <span class='ocrx_word' id='word_1_256' title='bbox 1387 2027 1488 2082; x_wconf 83' lang='lat' dir='ltr'>quia</span> <span class='ocrx_word' id='word_1_257' title='bbox 1511 2025 1622 2067; x_wconf 80' lang='lat' dir='ltr'>Cato</span> <span class='ocrx_word' id='word_1_258' title='bbox 1646 2025 1783 2066; x_wconf 83' lang='lat' dir='ltr'>laudi-</span> 
     </span>
     <span class='ocr_line' id='line_1_34' title="bbox 339 2083 1782 2140; baseline -0.002 -14"><span class='ocrx_word' id='word_1_259' title='bbox 339 2087 420 2126; x_wconf 86' lang='lat' dir='ltr'>bus</span> <span class='ocrx_word' id='word_1_260' title='bbox 442 2086 656 2126; x_wconf 78' lang='lat' dir='ltr'>extulerat</span> <span class='ocrx_word' id='word_1_261' title='bbox 680 2087 720 2125; x_wconf 89' lang='lat' dir='ltr'>in</span> <span class='ocrx_word' id='word_1_262' title='bbox 744 2085 913 2136; x_wconf 73' lang='lat' dir='ltr'>caelum,</span> <span class='ocrx_word' id='word_1_263' title='bbox 935 2084 1321 2140; x_wconf 80' lang='lat' dir='ltr'>perscribendaque</span> <span class='ocrx_word' id='word_1_264' title='bbox 1339 2092 1587 2134; x_wconf 81' lang='lat' dir='ltr'>censuerat3</span> <span class='ocrx_word' id='word_1_265' title='bbox 1619 2083 1782 2124; x_wconf 88' lang='lat' dir='ltr'>idcirco</span> 
     </span>
     <span class='ocr_line' id='line_1_35' title="bbox 340 2140 1783 2198; baseline -0.001 -15"><span class='ocrx_word' id='word_1_266' title='bbox 340 2143 384 2183; x_wconf 88' lang='lat' dir='ltr'>in</span> <span class='ocrx_word' id='word_1_267' title='bbox 409 2143 501 2198; x_wconf 77' lang='lat' dir='ltr'>ejus</span> <span class='ocrx_word' id='word_1_268' title='bbox 535 2143 791 2183; x_wconf 85' lang='lat' dir='ltr'>sententiam</span> <span class='ocrx_word' id='word_1_269' title='bbox 815 2151 880 2182; x_wconf 84' lang='lat' dir='ltr'>est</span> <span class='ocrx_word' id='word_1_270' title='bbox 908 2141 1024 2182; x_wconf 74' lang='lat' dir='ltr'>faeta</span> <span class='ocrx_word' id='word_1_271' title='bbox 1054 2141 1273 2182; x_wconf 78' lang='lat' dir='ltr'>discessio.</span> <span class='ocrx_word' id='word_1_272' title='bbox 1306 2141 1376 2182; x_wconf 83' lang='lat' dir='ltr'>liic</span> <span class='ocrx_word' id='word_1_273' title='bbox 1408 2151 1552 2182; x_wconf 86' lang='lat' dir='ltr'>autem</span> <span class='ocrx_word' id='word_1_274' title='bbox 1585 2154 1629 2180; x_wconf 91' lang='lat' dir='ltr'>se</span> <span class='ocrx_word' id='word_1_275' title='bbox 1649 2140 1783 2181; x_wconf 77' lang='lat' dir='ltr'>etiam</span> 
     </span>
     <span class='ocr_line' id='line_1_36' title="bbox 340 2197 1785 2254; baseline -0.002 -14"><span class='ocrx_word' id='word_1_276' title='bbox 340 2201 532 2242; x_wconf 86' lang='lat' dir='ltr'>tribuere</span> <span class='ocrx_word' id='word_1_277' title='bbox 564 2199 746 2240; x_wconf 88' lang='lat' dir='ltr'>multum</span> <span class='ocrx_word' id='word_1_278' title='bbox 778 2199 884 2239; x_wconf 83' lang='lat' dir='ltr'>mihi</span> <span class='ocrx_word' id='word_1_279' title='bbox 910 2209 1048 2254; x_wconf 88' lang='lat' dir='ltr'>putat,</span> <span class='ocrx_word' id='word_1_280' title='bbox 1070 2200 1184 2253; x_wconf 86' lang='lat' dir='ltr'>quod</span> <span class='ocrx_word' id='word_1_281' title='bbox 1217 2198 1449 2254; x_wconf 85' lang='lat' dir='ltr'>scripserit,</span> <span class='ocrx_word' id='word_1_282' title='bbox 1472 2197 1667 2253; x_wconf 81' lang='lat' dir='ltr'>optimum</span> <span class='ocrx_word' id='word_1_283' title='bbox 1689 2212 1785 2238; x_wconf 79' lang='lat' dir='ltr'>con-</span> 
     </span>
     <span class='ocr_line' id='line_1_37' title="bbox 339 2255 1782 2312; baseline -0.001 -15"><span class='ocrx_word' id='word_1_284' title='bbox 339 2256 477 2298; x_wconf 84' lang='lat' dir='ltr'>sulem.</span> <span class='ocrx_word' id='word_1_285' title='bbox 501 2258 596 2312; x_wconf 89' lang='lat' dir='ltr'>quis</span> <span class='ocrx_word' id='word_1_286' title='bbox 627 2256 743 2297; x_wconf 90' lang='lat' dir='ltr'>enim</span> <span class='ocrx_word' id='word_1_287' title='bbox 769 2256 963 2312; x_wconf 86' lang='lat' dir='ltr'>jejunius</span> <span class='ocrx_word' id='word_1_288' title='bbox 995 2256 1108 2296; x_wconf 82' lang='lat' dir='ltr'>dixit</span> <span class='ocrx_word' id='word_1_289' title='bbox 1139 2256 1371 2298; x_wconf 80' lang='lat' dir='ltr'>inimicus?</span> <span class='ocrx_word' id='word_1_290' title='bbox 1408 2255 1477 2296; x_wconf 91' lang='lat' dir='ltr'>Ad</span> <span class='ocrx_word' id='word_1_291' title='bbox 1508 2264 1651 2304; x_wconf 74' lang='lat' dir='ltr'>cetera</span> <span class='ocrx_word' id='word_1_292' title='bbox 1682 2268 1782 2295; x_wconf 88' lang='lat' dir='ltr'>vero</span> 
     </span>
     <span class='ocr_line' id='line_1_38' title="bbox 341 2312 1782 2369; baseline -0.003 -14"><span class='ocrx_word' id='word_1_293' title='bbox 341 2315 422 2355; x_wconf 86' lang='lat' dir='ltr'>tibi</span> <span class='ocrx_word' id='word_1_294' title='bbox 463 2313 826 2369; x_wconf 82' lang='lat' dir='ltr'>quemadmodum</span> <span class='ocrx_word' id='word_1_295' title='bbox 863 2313 1107 2368; x_wconf 80' lang='lat' dir='ltr'>rescripsit?</span> <span class='ocrx_word' id='word_1_296' title='bbox 1151 2322 1318 2354; x_wconf 87' lang='lat' dir='ltr'>tantum</span> <span class='ocrx_word' id='word_1_297' title='bbox 1351 2323 1491 2369; x_wconf 82' lang='lat' dir='ltr'>rogat,</span> <span class='ocrx_word' id='word_1_298' title='bbox 1523 2312 1576 2354; x_wconf 91' lang='lat' dir='ltr'>de</span> <span class='ocrx_word' id='word_1_299' title='bbox 1609 2321 1782 2352; x_wconf 84' lang='lat' dir='ltr'>senatus</span> 
     </span>
     <span class='ocr_line' id='line_1_39' title="bbox 342 2368 1784 2427; baseline -0.002 -15"><span class='ocrx_word' id='word_1_300' title='bbox 342 2375 541 2413; x_wconf 88' lang='lat' dir='ltr'>consulto</span> <span class='ocrx_word' id='word_1_301' title='bbox 564 2380 612 2413; x_wconf 90' lang='lat' dir='ltr'>ut</span> <span class='ocrx_word' id='word_1_302' title='bbox 641 2371 846 2427; x_wconf 80' lang='lat' dir='ltr'>corrigas,</span> <span class='ocrx_word' id='word_1_303' title='bbox 879 2370 962 2413; x_wconf 91' lang='lat' dir='ltr'>hoc</span> <span class='ocrx_word' id='word_1_304' title='bbox 985 2370 1159 2426; x_wconf 84' lang='lat' dir='ltr'>quidem</span> <span class='ocrx_word' id='word_1_305' title='bbox 1189 2369 1377 2422; x_wconf 86' lang='lat' dir='ltr'>fecisses,</span> <span class='ocrx_word' id='word_1_306' title='bbox 1400 2373 1439 2404; x_wconf 81' lang='grc'>75</span> <span class='ocrx_word' id='word_1_307' title='bbox 1456 2369 1624 2410; x_wconf 89' lang='lat' dir='ltr'>etiamsi</span> <span class='ocrx_word' id='word_1_308' title='bbox 1647 2384 1672 2410; x_wconf 87' lang='lat' dir='ltr'>a</span> <span class='ocrx_word' id='word_1_309' title='bbox 1694 2368 1784 2413; x_wconf 62' lang='lat' dir='ltr'>Rex-,-</span> 
     </span>
    </p>
   </div>
   <div class='ocr_carea' id='block_1_4' title="bbox 270 1221 321 1255">
    <p class='ocr_par' dir='ltr' id='par_1_5' title="bbox 270 1221 321 1255">
     <span class='ocr_line' id='line_1_40' title="bbox 270 1221 321 1255; baseline 0 0"><span class='ocrx_word' id='word_1_310' title='bbox 270 1221 321 1255; x_wconf 80' lang='lat'>01</span> 
     </span>
    </p>
   </div>
   <div class='ocr_carea' id='block_1_5' title="bbox 272 1245 296 1255">
    <p class='ocr_par' dir='ltr' id='par_1_6' title="bbox 272 1245 296 1255">
     <span class='ocr_line' id='line_1_41' title="bbox 272 1245 296 1255; baseline 0 0"><span class='ocrx_word' id='word_1_311' title='bbox 272 1245 296 1255; x_wconf 60' lang='lat' dir='ltr'>..a</span> 
     </span>
    </p>
   </div>
   <div class='ocr_carea' id='block_1_6' title="bbox 385 2484 1038 2525">
    <p class='ocr_par' dir='ltr' id='par_1_7' title="bbox 385 2484 1038 2525">
     <span class='ocr_line' id='line_1_42' title="bbox 385 2484 1038 2525; baseline -0.003 -7"><span class='ocrx_word' id='word_1_312' title='bbox 385 2488 426 2518; x_wconf 64' lang='lat'>7⁶2</span> <span class='ocrx_word' id='word_1_313' title='bbox 463 2487 585 2524; x_wconf 75' lang='lat' dir='ltr'>magis,</span> <span class='ocrx_word' id='word_1_314' title='bbox 612 2495 713 2525; x_wconf 77' lang='lat' dir='ltr'>quam</span> <span class='ocrx_word' id='word_1_315' title='bbox 743 2486 827 2525; x_wconf 78' lang='lat' dir='ltr'>quod</span> <span class='ocrx_word' id='word_1_316' title='bbox 852 2490 876 2516; x_wconf 82' lang='lat' dir='ltr'>t.</span> <span class='ocrx_word' id='word_1_317' title='bbox 903 2487 934 2516; x_wconf 82' lang='lat' dir='ltr'>d.</span> <span class='ocrx_word' id='word_1_318' title='bbox 965 2484 1038 2524; x_wconf 60' lang='grc' dir='ltr'>δῖα]</span> 
     </span>
    </p>
   </div>
   <div class='ocr_carea' id='block_1_7' title="bbox 343 2482 1787 2568">
    <p class='ocr_par' dir='ltr' id='par_1_8' title="bbox 343 2482 1787 2568">
     <span class='ocr_line' id='line_1_43' title="bbox 1127 2482 1787 2524; baseline -0.003 -9"><span class='ocrx_word' id='word_1_319' title='bbox 1127 2487 1167 2518; x_wconf 78' lang='grc'>73</span> <span class='ocrx_word' id='word_1_320' title='bbox 1189 2484 1406 2524; x_wconf 71' lang='lat' dir='ltr'>simulationi]</span> <span class='ocrx_word' id='word_1_321' title='bbox 1432 2483 1578 2514; x_wconf 80' lang='lat' dir='ltr'>Graevius</span> <span class='ocrx_word' id='word_1_322' title='bbox 1600 2482 1703 2519; x_wconf 83' lang='lat' dir='ltr'>tacite</span> <span class='ocrx_word' id='word_1_323' title='bbox 1728 2482 1787 2523; x_wconf 61' lang='lat' dir='ltr'>de7</span> 
     </span>
     <span class='ocr_line' id='line_1_44' title="bbox 343 2527 1043 2568; baseline -0.001 -10"><span class='ocrx_word' id='word_1_324' title='bbox 343 2527 433 2559; x_wconf 86' lang='lat' dir='ltr'>Olim</span> <span class='ocrx_word' id='word_1_325' title='bbox 449 2529 490 2557; x_wconf 85' lang='lat' dir='ltr'>ab</span> <span class='ocrx_word' id='word_1_326' title='bbox 505 2528 578 2558; x_wconf 81' lang='lat' dir='ltr'>edd.</span> <span class='ocrx_word' id='word_1_327' title='bbox 594 2534 812 2567; x_wconf 66' lang='lat' dir='ltr'>praeterquam</span> <span class='ocrx_word' id='word_1_328' title='bbox 828 2528 925 2559; x_wconf 86' lang='lat' dir='ltr'>Rom.</span> <span class='ocrx_word' id='word_1_329' title='bbox 942 2538 1043 2568; x_wconf 69' lang='lat' dir='ltr'>qnam</span> 
     </span>
    </p>
   </div>
   <div class='ocr_carea' id='block_1_8' title="bbox 1086 2525 1784 2565">
    <p class='ocr_par' dir='ltr' id='par_1_9' title="bbox 1086 2525 1784 2565">
     <span class='ocr_line' id='line_1_45' title="bbox 1086 2525 1784 2565; baseline -0.001 -8"><span class='ocrx_word' id='word_1_330' title='bbox 1086 2526 1135 2556; x_wconf 83' lang='lat' dir='ltr'>dit</span> <span class='ocrx_word' id='word_1_331' title='bbox 1165 2528 1384 2564; x_wconf 76' lang='lat' dir='ltr'>simulatione,</span> <span class='ocrx_word' id='word_1_332' title='bbox 1414 2526 1500 2556; x_wconf 81' lang='lat' dir='ltr'>forte</span> <span class='ocrx_word' id='word_1_333' title='bbox 1528 2535 1595 2555; x_wconf 84' lang='lat' dir='ltr'>non</span> <span class='ocrx_word' id='word_1_334' title='bbox 1625 2526 1704 2565; x_wconf 85' lang='lat' dir='ltr'>ipse,</span> <span class='ocrx_word' id='word_1_335' title='bbox 1727 2525 1784 2556; x_wconf 80' lang='lat' dir='ltr'>sed</span> 
     </span>
    </p>
   </div>
   <div class='ocr_carea' id='block_1_9' title="bbox 343 2569 1045 2939">
    <p class='ocr_par' dir='ltr' id='par_1_10' title="bbox 343 2569 1045 2939">
     <span class='ocr_line' id='line_1_46' title="bbox 343 2569 1042 2606; baseline 0 -7"><span class='ocrx_word' id='word_1_336' title='bbox 343 2571 471 2606; x_wconf 72' lang='lat' dir='ltr'>aberat,</span> <span class='ocrx_word' id='word_1_337' title='bbox 488 2569 604 2600; x_wconf 85' lang='lat' dir='ltr'>deinde</span> <span class='ocrx_word' id='word_1_338' title='bbox 627 2569 775 2600; x_wconf 80' lang='lat' dir='ltr'>additum</span> <span class='ocrx_word' id='word_1_339' title='bbox 791 2581 809 2600; x_wconf 88' lang='lat' dir='ltr'>e</span> <span class='ocrx_word' id='word_1_340' title='bbox 833 2571 912 2600; x_wconf 81' lang='lat' dir='ltr'>Mss.</span> <span class='ocrx_word' id='word_1_341' title='bbox 934 2582 954 2601; x_wconf 90' lang='lat' dir='ltr'>a</span> <span class='ocrx_word' id='word_1_342' title='bbox 969 2570 1042 2601; x_wconf 83' lang='lat' dir='ltr'>Ma-</span> 
     </span>
     <span class='ocr_line' id='line_1_47' title="bbox 344 2611 1043 2652; baseline -0.001 -10"><span class='ocrx_word' id='word_1_343' title='bbox 344 2612 428 2652; x_wconf 82' lang='lat' dir='ltr'>lasp.</span> <span class='ocrx_word' id='word_1_344' title='bbox 458 2621 517 2641; x_wconf 88' lang='lat' dir='ltr'>nec</span> <span class='ocrx_word' id='word_1_345' title='bbox 540 2611 586 2641; x_wconf 86' lang='lat' dir='ltr'>sic</span> <span class='ocrx_word' id='word_1_346' title='bbox 603 2617 729 2641; x_wconf 87' lang='lat' dir='ltr'>rectum</span> <span class='ocrx_word' id='word_1_347' title='bbox 752 2616 814 2643; x_wconf 79' lang='lat' dir='ltr'>est.</span> <span class='ocrx_word' id='word_1_348' title='bbox 859 2613 1043 2643; x_wconf 81' lang='lat' dir='ltr'>Gronovius</span> 
     </span>
     <span class='ocr_line' id='line_1_48' title="bbox 344 2653 1043 2694; baseline 0 -11"><span class='ocrx_word' id='word_1_349' title='bbox 344 2663 406 2694; x_wconf 87' lang='lat' dir='ltr'>pro</span> <span class='ocrx_word' id='word_1_350' title='bbox 428 2654 511 2693; x_wconf 82' lang='lat' dir='ltr'>quod</span> <span class='ocrx_word' id='word_1_351' title='bbox 535 2653 680 2683; x_wconf 80' lang='lat' dir='ltr'>malebat</span> <span class='ocrx_word' id='word_1_352' title='bbox 699 2663 797 2691; x_wconf 74' lang='lat' dir='ltr'>cum5</span> <span class='ocrx_word' id='word_1_353' title='bbox 820 2655 907 2693; x_wconf 87' lang='lat' dir='ltr'>quod</span> <span class='ocrx_word' id='word_1_354' title='bbox 928 2664 1043 2685; x_wconf 86' lang='lat' dir='ltr'>verum</span> 
     </span>
     <span class='ocr_line' id='line_1_49' title="bbox 345 2696 1045 2736; baseline 0.003 -11"><span class='ocrx_word' id='word_1_355' title='bbox 345 2702 409 2733; x_wconf 83' lang='lat' dir='ltr'>est,</span> <span class='ocrx_word' id='word_1_356' title='bbox 426 2696 452 2725; x_wconf 88' lang='lat' dir='ltr'>si</span> <span class='ocrx_word' id='word_1_357' title='bbox 469 2704 570 2734; x_wconf 80' lang='lat' dir='ltr'>quam</span> <span class='ocrx_word' id='word_1_358' title='bbox 586 2700 637 2724; x_wconf 83' lang='lat' dir='ltr'>est</span> <span class='ocrx_word' id='word_1_359' title='bbox 653 2705 779 2725; x_wconf 87' lang='lat' dir='ltr'>verum.</span> <span class='ocrx_word' id='word_1_360' title='bbox 798 2696 852 2726; x_wconf 85' lang='lat' dir='ltr'>sed</span> <span class='ocrx_word' id='word_1_361' title='bbox 868 2697 961 2727; x_wconf 79' lang='lat' dir='ltr'>valde</span> <span class='ocrx_word' id='word_1_362' title='bbox 977 2697 1045 2736; x_wconf 86' lang='lat' dir='ltr'>pla-</span> 
     </span>
     <span class='ocr_line' id='line_1_50' title="bbox 346 2736 1043 2778; baseline 0 -11"><span class='ocrx_word' id='word_1_363' title='bbox 346 2737 567 2778; x_wconf 79' lang='lat' dir='ltr'>cetjudicium</span> <span class='ocrx_word' id='word_1_364' title='bbox 582 2736 712 2773; x_wconf 56' lang='lat' dir='ltr'>Fatum,</span> <span class='ocrx_word' id='word_1_365' title='bbox 724 2737 865 2778; x_wconf 82' lang='lat' dir='ltr'>Malasp.</span> <span class='ocrx_word' id='word_1_366' title='bbox 876 2738 1043 2775; x_wconf 85' lang='lat' dir='ltr'>Lambini,</span> 
     </span>
     <span class='ocr_line' id='line_1_51' title="bbox 348 2779 1045 2820; baseline 0.001 -11"><span class='ocrx_word' id='word_1_367' title='bbox 348 2779 546 2815; x_wconf 63' lang='lat' dir='ltr'>legendum:</span> <span class='ocrx_word' id='word_1_368' title='bbox 566 2788 739 2818; x_wconf 76' lang='lat' dir='ltr'>possumne</span> <span class='ocrx_word' id='word_1_369' title='bbox 754 2782 874 2818; x_wconf 74' lang='lat' dir='ltr'>magis,</span> <span class='ocrx_word' id='word_1_370' title='bbox 889 2782 944 2820; x_wconf 73' lang='lat' dir='ltr'>qui</span> <span class='ocrx_word' id='word_1_371' title='bbox 966 2785 1045 2811; x_wconf 77' lang='lat' dir='ltr'>totos</span> 
     </span>
     <span class='ocr_line' id='line_1_52' title="bbox 344 2821 1043 2861; baseline 0 -10"><span class='ocrx_word' id='word_1_372' title='bbox 344 2823 412 2852; x_wconf 75' lang='lat' dir='ltr'>dics</span> <span class='ocrx_word' id='word_1_373' title='bbox 428 2824 485 2851; x_wconf 65' lang='lat' dir='ltr'>lxo.</span> <span class='ocrx_word' id='word_1_374' title='bbox 503 2821 589 2861; x_wconf 83' lang='lat' dir='ltr'>quod</span> <span class='ocrx_word' id='word_1_375' title='bbox 601 2831 619 2850; x_wconf 85' lang='lat' dir='ltr'>e</span> <span class='ocrx_word' id='word_1_376' title='bbox 633 2821 828 2861; x_wconf 86' lang='lat' dir='ltr'>compendio</span> <span class='ocrx_word' id='word_1_377' title='bbox 845 2830 960 2853; x_wconf 82' lang='lat' dir='ltr'>natum</span> <span class='ocrx_word' id='word_1_378' title='bbox 977 2826 1043 2858; x_wconf 88' lang='lat' dir='ltr'>est,</span> 
     </span>
     <span class='ocr_line' id='line_1_53' title="bbox 347 2862 1043 2906; baseline 0.001 -13"><span class='ocrx_word' id='word_1_379' title='bbox 347 2864 424 2893; x_wconf 88' lang='lat' dir='ltr'>inde</span> <span class='ocrx_word' id='word_1_380' title='bbox 450 2873 551 2902; x_wconf 78' lang='lat' dir='ltr'>quam</span> <span class='ocrx_word' id='word_1_381' title='bbox 575 2862 725 2893; x_wconf 88' lang='lat' dir='ltr'>additum</span> <span class='ocrx_word' id='word_1_382' title='bbox 755 2864 909 2906; x_wconf 86' lang='lat' dir='ltr'>explendi</span> <span class='ocrx_word' id='word_1_383' title='bbox 933 2874 1043 2896; x_wconf 70' lang='lat' dir='ltr'>causa.</span> 
     </span>
     <span class='ocr_line' id='line_1_54' title="bbox 347 2905 776 2939; baseline 0.005 -2"><span class='ocrx_word' id='word_1_384' title='bbox 347 2915 415 2939; x_wconf 79' lang='lat' dir='ltr'>uon</span> <span class='ocrx_word' id='word_1_385' title='bbox 431 2905 579 2937; x_wconf 80' lang='lat' dir='ltr'>dubitavi</span> <span class='ocrx_word' id='word_1_386' title='bbox 602 2905 648 2937; x_wconf 75' lang='lat' dir='ltr'>sic</span> <span class='ocrx_word' id='word_1_387' title='bbox 669 2905 776 2939; x_wconf 72' lang='lat' dir='ltr'>etlere.</span> 
     </span>
    </p>
   </div>
   <div class='ocr_carea' id='block_1_10' title="bbox 1086 2567 1788 2938">
    <p class='ocr_par' dir='ltr' id='par_1_11' title="bbox 1087 2567 1657 2608">
     <span class='ocr_line' id='line_1_55' title="bbox 1087 2567 1657 2608; baseline -0.004 -9"><span class='ocrx_word' id='word_1_388' title='bbox 1087 2575 1265 2600; x_wconf 82' lang='lat' dir='ltr'>corrector.</span> <span class='ocrx_word' id='word_1_389' title='bbox 1281 2569 1450 2608; x_wconf 86' lang='lat' dir='ltr'>vulgatum</span> <span class='ocrx_word' id='word_1_390' title='bbox 1467 2567 1584 2598; x_wconf 84' lang='lat' dir='ltr'>melius</span> <span class='ocrx_word' id='word_1_391' title='bbox 1595 2573 1657 2598; x_wconf 87' lang='lat' dir='ltr'>est.</span> 
     </span>
    </p>

    <p class='ocr_par' dir='ltr' id='par_1_12' title="bbox 1086 2608 1788 2852">
     <span class='ocr_line' id='line_1_56' title="bbox 1128 2608 1779 2651; baseline -0.006 -8"><span class='ocrx_word' id='word_1_392' title='bbox 1128 2613 1169 2644; x_wconf 79' lang='lat'>74</span> <span class='ocrx_word' id='word_1_393' title='bbox 1189 2621 1268 2642; x_wconf 76' lang='lat' dir='ltr'>sane</span> <span class='ocrx_word' id='word_1_394' title='bbox 1288 2621 1349 2641; x_wconf 76' lang='lat' dir='ltr'>non</span> <span class='ocrx_word' id='word_1_395' title='bbox 1367 2610 1550 2651; x_wconf 79' lang='lat' dir='ltr'>prudenter</span> <span class='ocrx_word' id='word_1_396' title='bbox 1571 2608 1779 2650; x_wconf 76' lang='lat' dir='ltr'>rescriptam]</span> 
     </span>
     <span class='ocr_line' id='line_1_57' title="bbox 1086 2651 1783 2692; baseline -0.001 -9"><span class='ocrx_word' id='word_1_397' title='bbox 1086 2653 1233 2683; x_wconf 86' lang='lat' dir='ltr'>Graevius</span> <span class='ocrx_word' id='word_1_398' title='bbox 1253 2665 1271 2684; x_wconf 83' lang='lat' dir='ltr'>e</span> <span class='ocrx_word' id='word_1_399' title='bbox 1293 2654 1356 2683; x_wconf 92' lang='lat' dir='ltr'>Ms.</span> <span class='ocrx_word' id='word_1_400' title='bbox 1380 2652 1511 2683; x_wconf 82' lang='lat' dir='ltr'>Balliol.</span> <span class='ocrx_word' id='word_1_401' title='bbox 1536 2651 1638 2682; x_wconf 89' lang='lat' dir='ltr'>edidit</span> <span class='ocrx_word' id='word_1_402' title='bbox 1655 2652 1783 2692; x_wconf 79' lang='lat' dir='ltr'>puden-</span> 
     </span>
     <span class='ocr_line' id='line_1_58' title="bbox 1086 2694 1783 2734; baseline 0 -9"><span class='ocrx_word' id='word_1_403' title='bbox 1086 2699 1159 2734; x_wconf 77' lang='lat' dir='ltr'>ter5</span> <span class='ocrx_word' id='word_1_404' title='bbox 1182 2705 1249 2726; x_wconf 86' lang='lat' dir='ltr'>non</span> <span class='ocrx_word' id='word_1_405' title='bbox 1271 2695 1426 2726; x_wconf 82' lang='lat' dir='ltr'>absurde:</span> <span class='ocrx_word' id='word_1_406' title='bbox 1455 2695 1511 2724; x_wconf 84' lang='lat' dir='ltr'>sed</span> <span class='ocrx_word' id='word_1_407' title='bbox 1532 2694 1704 2733; x_wconf 78' lang='lat' dir='ltr'>vulgatum</span> <span class='ocrx_word' id='word_1_408' title='bbox 1729 2704 1783 2725; x_wconf 92' lang='lat' dir='ltr'>ve-</span> 
     </span>
     <span class='ocr_line' id='line_1_59' title="bbox 1088 2736 1781 2778; baseline -0.001 -11"><span class='ocrx_word' id='word_1_409' title='bbox 1088 2747 1159 2767; x_wconf 85' lang='lat' dir='ltr'>rum</span> <span class='ocrx_word' id='word_1_410' title='bbox 1188 2743 1281 2778; x_wconf 86' lang='lat' dir='ltr'>puto.</span> <span class='ocrx_word' id='word_1_411' title='bbox 1309 2746 1382 2777; x_wconf 84' lang='lat' dir='ltr'>quae</span> <span class='ocrx_word' id='word_1_412' title='bbox 1411 2736 1622 2777; x_wconf 86' lang='lat' dir='ltr'>reprehendit</span> <span class='ocrx_word' id='word_1_413' title='bbox 1652 2739 1781 2774; x_wconf 64' lang='lat' dir='ltr'>Cicero,</span> 
     </span>
     <span class='ocr_line' id='line_1_60' title="bbox 1087 2778 1788 2819; baseline 0 -10"><span class='ocrx_word' id='word_1_414' title='bbox 1087 2780 1191 2818; x_wconf 78' lang='lat' dir='ltr'>magis</span> <span class='ocrx_word' id='word_1_415' title='bbox 1214 2785 1293 2811; x_wconf 83' lang='lat' dir='ltr'>sunt</span> <span class='ocrx_word' id='word_1_416' title='bbox 1314 2779 1466 2818; x_wconf 79' lang='lat' dir='ltr'>inscitiae,</span> <span class='ocrx_word' id='word_1_417' title='bbox 1487 2788 1586 2819; x_wconf 85' lang='lat' dir='ltr'>quam</span> <span class='ocrx_word' id='word_1_418' title='bbox 1611 2778 1788 2819; x_wconf 86' lang='lat' dir='ltr'>impuden-</span> 
     </span>
     <span class='ocr_line' id='line_1_61' title="bbox 1087 2821 1156 2852; baseline 0.014 -1"><span class='ocrx_word' id='word_1_419' title='bbox 1087 2821 1156 2852; x_wconf 82' lang='lat' dir='ltr'>tiae.</span> 
     </span>
    </p>

    <p class='ocr_par' dir='ltr' id='par_1_13' title="bbox 1090 2861 1787 2938">
     <span class='ocr_line' id='line_1_62' title="bbox 1130 2861 1784 2903; baseline -0.003 -9"><span class='ocrx_word' id='word_1_420' title='bbox 1130 2866 1171 2897; x_wconf 78' lang='lat'>75</span> <span class='ocrx_word' id='word_1_421' title='bbox 1194 2864 1320 2894; x_wconf 64' lang='lat' dir='ltr'>etiamsi</span> <span class='ocrx_word' id='word_1_422' title='bbox 1332 2873 1354 2894; x_wconf 82' lang='lat' dir='ltr'><em>a</em></span> <span class='ocrx_word' id='word_1_423' title='bbox 1366 2863 1475 2894; x_wconf 69' lang='lat' dir='ltr'>Ranio</span> <span class='ocrx_word' id='word_1_424' title='bbox 1487 2863 1674 2894; x_wconf 81' lang='lat' dir='ltr'>admonitus</span> <span class='ocrx_word' id='word_1_425' title='bbox 1688 2861 1784 2903; x_wconf 81' lang='lat' dir='ltr'>esset]</span> 
     </span>
     <span class='ocr_line' id='line_1_63' title="bbox 1090 2905 1787 2938; baseline -0.001 -2"><span class='ocrx_word' id='word_1_426' title='bbox 1090 2905 1130 2937; x_wconf 89' lang='lat' dir='ltr'>In</span> <span class='ocrx_word' id='word_1_427' title='bbox 1146 2907 1280 2938; x_wconf 85' lang='lat' dir='ltr'>nomine</span> <span class='ocrx_word' id='word_1_428' title='bbox 1295 2906 1496 2938; x_wconf 80' lang='lat' dir='ltr'>dissentiunt</span> <span class='ocrx_word' id='word_1_429' title='bbox 1509 2906 1596 2938; x_wconf 84' lang='lat' dir='ltr'>libri.</span> <span class='ocrx_word' id='word_1_430' title='bbox 1611 2905 1674 2937; x_wconf 90' lang='lat' dir='ltr'>Ed.</span> <span class='ocrx_word' id='word_1_431' title='bbox 1688 2905 1787 2936; x_wconf 86' lang='lat' dir='ltr'>Rom.</span> 
     </span>
    </p>
   </div>
   <div class='ocr_carea' id='block_1_11' title="bbox 1875 295 1940 3231">
    <p class='ocr_par' dir='ltr' id='par_1_14' title="bbox 1875 295 1940 3231">
     <span class='ocr_line' id='line_1_64' title="bbox 1875 295 1940 3231; baseline 0 0"><span class='ocrx_word' id='word_1_432' title='bbox 1875 295 1940 3231; x_wconf 95' lang='lat' dir='ltr'> </span> 
     </span>
    </p>
   </div>
  </div>
 </body>
</html>
