1940 3231
1520 103 1594 152 ’ἴθι

165 221 353 272 monem,
366 226 408 261 et
424 229 609 275 perseca,
625 226 668 260 et
683 216 863 266 confice,
880 216 1039 268 excita,
1053 212 1276 269 compella,
1292 210 1480 267 loquere,
1497 215 1537 244 84
1553 219 1599 253 ut

165 285 208 316 te
229 291 327 318 cum
362 277 433 318 illo
467 277 619 318 Scaeva
639 274 755 329 loqui
784 283 923 330 putes,
958 288 1010 313 ne
1041 273 1264 313 existimes
1297 285 1385 321 eos,
1407 270 1478 324 qui
1511 284 1597 310 non

162 332 310 374 debita
330 334 567 375 consectari
590 332 766 381 soleant,
786 331 901 386 quod
921 330 1142 380 debeatur,
1162 327 1426 369 remissurus.
1457 326 1510 367 de
1529 326 1598 366 die

164 398 332 431 tantum
358 392 515 442 videto,
538 398 581 430 et
602 390 645 429 id
670 389 810 444 ipsum
838 389 950 429 bono
971 387 1115 428 modo.

592 476 827 519 CICERO
859 476 1086 518 ATTICO
1120 477 1164 517 S.

160 538 200 567 85
227 535 398 598 QUID
419 555 498 598 est,
520 546 634 603 quod
671 545 972 602 Hermogenes
997 544 1100 585 mihi
1127 543 1321 593 Clodius,
1354 541 1596 582 Androme-

160 619 258 646 nem
281 605 362 646 sibi
385 604 560 654 dixisse,
583 618 627 645 se
650 603 904 644 Ciceronem
932 603 1087 644 vidisse
1112 602 1344 655 Corcyreo?
1376 614 1458 655 ego
1481 599 1598 640 enirn

159 662 306 703 audita
328 662 407 702 tibi
432 671 642 718 putaram.
673 660 734 705 nil
756 661 958 715 igiturne
981 660 1018 700 ei
1042 659 1215 714 quidem
1241 658 1506 698 litterarum?
1542 671 1597 698 an

158 733 244 759 non
281 718 416 761 vidit?
447 718 578 760 facies
603 733 706 774 ergo
739 729 784 758 ut
814 719 961 760 sciam.
1013 717 1131 763 Quid
1156 716 1235 756 tibi
1258 730 1340 771 ego
1364 715 1417 755 de
1438 715 1598 754 Varro-

157 790 212 816 ne
241 776 503 818 rescribam?
555 777 792 831 86quatuor
825 778 968 832 διφθέςαι
1009 784 1108 815 suut
1150 774 1194 814 in
1243 784 1316 813 lua
1366 780 1597 828 potestate.

156 835 195 867 87
209 833 324 888 quod
346 835 500 890 egeris,
524 833 567 874 id
591 833 799 889 probabo.
831 835 870 864 88
885 847 963 873 nec
987 842 1128 872 tamen
1151 832 1300 884 αἰδέομκι
1321 835 1449 884 Τςῶκς.
1491 829 1597 884 quid

156 890 305 932 enim?
337 892 424 941 sed,
459 891 540 947 ipsi
576 905 705 946 quam
731 905 794 930 res
830 889 899 930 illa
932 891 1199 945 probaretur,
1232 886 1370 942 magis
1406 887 1595 928 verebar.

157 947 228 989 sed
252 949 457 1003 quoniam
482 960 526 990 tu
551 947 757 1004 suscipis;
790 948 833 988 in
856 946 1031 987 alteram
1054 960 1215 986 aurem.

594 1036 829 1078 CICERO
861 1035 1090 1077 ATTICO
1123 1036 1167 1076 S.

158 1091 258 1147 DE
281 1106 535 1157 retentione,
559 1106 754 1161 rescripsi
787 1105 839 1145 ad
864 1113 956 1145 tuas
986 1114 1186 1145 accurate
1216 1102 1396 1158 scriptas
1418 1101 1597 1143 litteras.

155 1163 359 1204 'conficies
392 1164 537 1219 igitur,
560 1173 603 1204 et
624 1163 797 1218 quidem
830 1162 922 1203 sine
944 1161 1029 1202 ulla
1058 1161 1346 1211 dubitatione,
1369 1169 1442 1201 aut
1466 1169 1598 1200 retra-

155 1221 362 1261 ctatione.
393 1220 475 1261 hoc
499 1220 591 1261 fieri
614 1231 657 1260 et
679 1230 866 1276 oportet,
887 1229 931 1260 et
953 1234 1060 1275 opus
1083 1229 1161 1260 est.
1215 1218 1283 1259 De
1307 1217 1597 1267 Andromene,
1611 1220 1645 1252 b.

155 1288 201 1316 ut
225 1278 390 1328 scribis,
412 1279 471 1318 ita
495 1288 706 1333 putaram.
740 1278 889 1318 scisses
911 1278 1043 1327 enim,
1066 1276 1259 1333 mihique
1281 1275 1479 1316 dixisses.
1530 1273 1597 1317 Tu
1661 1278 1668 1282 ⁷

157 1342 296 1375 tamen
322 1336 381 1376 ita
416 1335 520 1375 mihi
544 1336 596 1376 de
620 1335 757 1375 Bruto
781 1335 947 1384 scribis,
976 1344 1024 1375 ut
1045 1334 1097 1374 de
1117 1343 1159 1374 te
1183 1332 1302 1374 nihil.
1326 1333 1498 1387 quaudo
1522 1346 1597 1372 au·-

153 1399 239 1433 tem
258 1392 374 1433 illum
394 1395 544 1448 putas?
567 1407 663 1434 nam
680 1407 762 1448 ego
781 1391 968 1432 Romam
993 1391 1129 1447 pridie
1153 1390 1270 1431 Idus.
1287 1390 1423 1431 Bruto
1442 1391 1501 1430 ita
1523 1404 1598 1430 vo-

154 1447 213 1490 lui
237 1450 436 1500 scribere,
457 1450 549 1503 (sed
572 1453 611 1483 9-9
625 1450 830 1505 quoniam
854 1459 898 1490 tu
919 1460 963 1489 te
981 1449 1135 1505 legisse
1149 1448 1314 1499 scribis,
1329 1447 1389 1489 fui
1417 1448 1597 1488 fortasse

147 1510 378 1562 irapifegm)
400 1522 465 1548 me
479 1522 534 1548 ex
551 1508 633 1548 tuis
656 1507 809 1547 litteris
836 1506 1112 1558 intellexisse,
1128 1506 1242 1546 nolle
1260 1520 1357 1545 eum
1382 1520 1450 1545 me
1473 1505 1594 1561 quasi

151 1565 439 1618 prosequendi
475 1565 537 1605 sui
561 1579 690 1605 causa
722 1564 907 1605 Romam
942 1579 1056 1604 nunc
1091 1564 1250 1604 venire.
1285 1563 1354 1603 sed
1389 1563 1596 1617 quoniam

144 1620 237 1675 jam
263 1622 384 1663 adest
407 1636 524 1662 meus
547 1621 771 1673 adventus,
791 1620 859 1662 fac
884 1636 1047 1677 quaeso,
1069 1636 1120 1661 ne
1139 1620 1242 1675 quid
1266 1634 1364 1660 eum
1390 1619 1491 1661 Idus
1515 1620 1595 1661 im-

152 1679 342 1733 pediant,
365 1694 451 1736 quo
487 1679 627 1720 minus
662 1694 738 1720 suo
775 1679 1006 1720 commodo
1044 1679 1087 1719 in
1129 1677 1374 1719 Tusculano
1413 1677 1482 1718 sit.
1514 1692 1594 1720 nee

150 1735 265 1777 enim
288 1737 338 1778 ad
379 1736 569 1778 tabulam
593 1751 689 1777 eum
712 1736 1029 1778 desideraturus
1052 1750 1183 1777 eram.
1215 1736 1257 1775 in
1284 1734 1356 1775 tali
1381 1736 1495 1776 enim
1520 1750 1595 1777 ne-

150 1793 273 1848 gotio
295 1809 371 1835 cur
395 1805 438 1835 tu
465 1809 572 1835 unus
607 1809 694 1835 non
717 1795 821 1834 satis
848 1797 920 1835 es?
953 1794 1023 1834 sed
1047 1797 1088 1828 90
1102 1794 1154 1834 ad
1189 1802 1494 1833 testamentum
1519 1808 1594 1834 vo-

147 1849 286 1894 lebam
305 1869 313 1893 :
338 1851 454 1907 quod
470 1851 564 1907 jam
585 1852 697 1892 malo
720 1851 802 1892 alio
823 1851 916 1903 (lie3
938 1865 992 1892 ne
1014 1852 1071 1892 ob
1093 1865 1186 1891 eam
1206 1865 1378 1890 causam
1404 1850 1592 1892 Romam

150 1908 317 1949 venisse
356 1909 514 1950 videar.
547 1909 698 1964 scripsi
732 1909 866 1965 igitur
901 1909 954 1950 ad
986 1909 1187 1958 Brutum,
1203 1908 1296 1962 jam
1334 1907 1452 1958 illud,
1475 1909 1592 1963 quod

149 1976 383 2021 putassem,
407 1966 522 2008 Idib.
559 1965 664 2007 nihil
688 1981 796 2022 opus
835 1980 942 2007 esse.
976 1966 1102 2007 velim
1134 1980 1238 2020 ergo
1262 1974 1401 2005 totum
1427 1965 1508 2007 hoc
1531 1966 1592 2006 ita

148 2024 376 2078 gubernes,
408 2033 458 2064 ut
487 2037 542 2064 ne
564 2024 742 2064 minima
764 2024 937 2079 quidem
972 2037 1016 2065 re
1046 2022 1131 2064 ulla
1156 2022 1277 2063 Bruti
1310 2023 1590 2064 commodum

148 2081 448 2138 impediamus.
492 2080 576 2122 Sed
594 2081 697 2137 quid
719 2092 785 2122 est.
807 2081 997 2133 tandem,
1018 2081 1133 2137 quod
1153 2080 1465 2137 perhorrescas,
1488 2081 1592 2137 quia

690 103 898 152 LIBER
934 111 1047 149 xm.

1610 483 1664 520 24

1613 1036 1667 1072 ‘25

883 2239 957 2270 libri
981 2239 1137 2270 dicuntur
1149 2238 1281 2282 διφθέραι.
1300 2240 1362 2279 ζεῦς
1385 2240 1421 2279 εἷς
1447 2237 1585 2282 διφθέραις.

883 2293 914 2313 ν.
940 2283 1042 2313 Periz.
1058 2283 1099 2312 ad
1114 2283 1237 2316 AElian.
1260 2284 1300 2315 V.
1317 2284 1361 2314 H.
1379 2283 1440 2319 lX,
1456 2285 1486 2313 3.
1532 2284 1586 2313 Sic

884 2329 996 2355 autem
1025 2325 1149 2356 habent
1178 2325 1251 2356 edd.
1286 2331 1422 2356 vetereS.
1466 2324 1585 2355 Bosius

884 2365 1016 2410 διφθερίιι
1032 2367 1134 2398 edidit
1160 2379 1177 2397 e
1194 2367 1258 2399 Ms.
1274 2368 1424 2399 Tornaes.
1448 2367 1536 2406 quod
1550 2370 1585 2398 et

883 2410 971 2441 Vict.
989 2411 1023 2445 in
1040 2410 1090 2440 ed.
1116 2410 1230 2440 harum
1246 2420 1319 2450 epp.
1335 2422 1365 2442 a.
1389 2412 1478 2444 1571.
1493 2419 1585 2440 secu-

160 2267 165 2270 .
186 2242 228 2272 84
249 2243 288 2270 ut
301 2243 332 2269 te
346 2249 422 2270 cum
436 2240 492 2270 illo
507 2237 620 2270 Scoeva
635 2239 838 2280 loquipntes]

144 2282 218 2314 Hoc
255 2289 448 2322 corruptum
479 2281 621 2319 videtur,
653 2291 712 2312 nee
742 2282 842 2313 habet

142 2324 351 2356 commodam
403 2325 728 2364 interpretationem.
781 2335 841 2355 nee

142 2367 350 2400 commodam
372 2367 611 2398 correctionem
638 2371 696 2397 aut
722 2369 839 2407 reperi,

141 2416 201 2441 aut
215 2409 402 2449 excogitare
422 2409 527 2449 potui.
573 2409 651 2439 Non
674 2410 839 2450 improba-

143 2452 207 2482 bile
222 2458 287 2489 est,
304 2452 389 2491 quod
403 2450 582 2482 Tunstallo
598 2462 631 2492 p.
646 2452 701 2482 65.
719 2451 839 2492 placet,

141 2494 211 2531 illa,
234 2496 548 2534 persecu—loquere,
563 2503 632 2526 esse
654 2495 752 2524 verba
775 2496 840 2525 (30-

140 2537 230 2568 mici.
253 2542 286 2566 et
301 2540 352 2567 est
373 2536 454 2568 adeo
478 2536 594 2567 Scoeva
614 2537 752 2567 fortasse
769 2546 841 2577 per-

141 2588 224 2609 sona
239 2588 377 2609 comica.

182 2624 222 2651 85
245 2621 340 2661 Quid
363 2624 410 2651 est
436 2622 522 2660 quod
545 2620 622 2660 &c.]
656 2621 737 2652 Haec
760 2624 838 2650 sunt

141 2664 279 2694 obseura
295 2662 354 2698 ita,
369 2667 408 2693 ut
430 2662 574 2704 intelligi
599 2674 665 2694 non
691 2663 837 2702 possint:

140 2706 226 2737 sorte
240 2711 274 2735 et
286 2704 415 2736 vitiosa.
429 2715 489 2744 pro
509 2706 654 2745 Coreyroe
668 2705 741 2736 edd.
759 2710 838 2735 vett.

138 2757 273 2778 currere
285 2759 294 2773 -·
316 2757 355 2776 ex
374 2757 438 2786 quo
452 2747 646 2779 Tunstallus
662 2759 693 2788 p.
711 2750 763 2779 82.
787 2748 835 2777 sa-

139 2790 204 2820 cit:
229 2799 290 2819 cur
312 2788 413 2819 rebe?
443 2790 532 2828 quod
555 2801 616 2831 ego
641 2800 708 2821 non
732 2790 836 2829 magis

138 2831 303 2870 intellige,
319 2841 416 2870 quam
432 2836 552 2864 cetera.

181 2875 222 2906 86
244 2877 386 2915 quatuor
399 2872 535 2918 διφθέραι]
555 2874 744 2906 Volumina.
761 2883 838 2904 nam

883 2457 937 2482 tus
952 2459 1013 2489 est,
1030 2457 1063 2483 et
1078 2452 1132 2482 alii
1151 2453 1360 2488 rec-entiores.

927 2497 965 2528 87
990 2495 1075 2534 quod
1082 2494 1200 2534 egeris]
1217 2495 1290 2525 Sive
1304 2495 1428 2526 dederis
1441 2493 1583 2525 varroni

884 2546 951 2566 sive
969 2547 1048 2567 non.

903 2591 908 2594 ·
927 2581 966 2610 82
989 2589 1048 2610 nec
1074 2583 1186 2609 tamen
1209 2578 1287 2619 δια]
1314 2589 1346 2610 ν.
1369 2590 1421 2621 ep.
1444 2588 1582 2619 sequen-

880 2626 962 2652 ¹emfl

925 2668 964 2697 5⁴9
988 2664 1141 2703 quoniam
1157 2667 1193 2693 tu
1208 2667 1239 2692 te
1254 2664 1369 2702 legisse
1383 2664 1509 2703 scribis]
1528 2665 1580 2694 Sic

882 2705 954 2736 edd.
979 2715 1028 2745 pr.
1050 2705 1211 2744 intellige,
1232 2705 1341 2742 aliter,
1358 2706 1445 2745 quod
1467 2707 1580 2736 scribis

881 2758 933 2778 me
962 2748 1136 2788 scripsisse.
1181 2747 1369 2789 Malaspina
1396 2748 1580 2788 corrigebat

880 2800 909 2830 q.
924 2800 1014 2820 secus
1029 2795 1053 2821 t.
1072 2792 1095 2821 l.
1110 2800 1172 2820 scr.

922 2836 964 2867 90
987 2833 1033 2864 ad
1045 2832 1290 2873 testamentum]
1316 2842 1349 2863 v.
1367 2831 1447 2870 XII,
1465 2833 1513 2862 18.

789 2922 917 2958 324
