1940 3231
273 167 349 202 644
693 163 873 202 EPIST.
899 163 979 201 AD
1004 159 1294 205 ATTICUM,

272 269 339 319 sit,
362 281 494 309 omnes
513 266 648 322 copias
667 266 712 308 in
729 282 854 309 unmn
875 265 1005 309 locum
1022 265 1158 322 primo
1188 277 1345 321 quoque
1365 269 1540 318 tempore
1567 275 1709 304 conve-

272 326 376 366 nire.
402 332 462 376 tu,
482 324 517 365 si
538 324 616 366 tibi
645 323 864 376 videbitur,
886 324 1003 365 dabis
1032 337 1208 378 operam,
1230 320 1528 378 quamprimum
1558 318 1614 359 ad
1641 333 1711 359 nos

272 382 426 424 venias.
441 381 625 437 praesidii
652 380 818 436 Capuae,
840 387 1038 436 quantum
1057 379 1345 422 constitueritis
1364 392 1439 419 esse
1454 377 1566 427 satis,
1586 374 1711 416 relin-

275 454 388 495 quas.

335 495 506 537 Deinde
528 494 757 551 supposuit
777 491 1025 548 exemplum
1047 493 1240 548 epistolae
1269 491 1470 543 Domitii,
1492 490 1607 545 quod
1629 504 1712 546 ego

231 556 264 587 b.
279 553 332 594 ad
374 563 417 594 te
459 552 595 608 pridie
635 551 849 591 miseram.
913 549 987 590 Dii
1027 551 1303 601 immortales,
1340 551 1412 605 qui
1455 563 1523 589 me
1562 547 1716 588 horror

276 609 489 667 perfudit!
522 623 651 664 quam
679 622 773 649 sum
806 606 1027 658 sollicitus,
1049 607 1255 662 quidnam
1287 606 1480 648 futurum
1514 606 1596 646 sit?
1628 604 1712 645 hoc

278 679 423 708 tamen
447 679 586 721 spero,
610 679 816 721 magnum
839 679 996 705 nomen
1015 665 1284 721 imperatoris
1307 663 1413 715 fore,
1434 677 1640 718 magnum
1673 661 1718 701 in

279 725 465 765 adventu
491 731 708 763 terrorem.
740 724 780 752 33
794 736 918 778 spero
940 722 1086 772 etiam,
1108 722 1314 777 quoniam
1344 721 1484 762 adhuc
1506 718 1612 761 nihil
1641 733 1718 759 no-

278 781 345 821 bis
368 779 526 830 obfuit,
548 779 655 820 nihil
687 787 900 820 mutasse:
932 793 1012 820 nec
1037 779 1229 834 tegentia
1248 779 1347 827 hoc,
1370 777 1484 832 quod
1507 791 1606 818 cum
1629 775 1719 816 for-

279 839 380 878 titer
411 835 454 877 et
487 835 729 892 diligenter,
753 845 842 876 tum
871 835 1002 876 etiam
1034 835 1221 877 hercule.
1250 835 1379 876 modo
1410 834 1524 874 enim
1557 832 1720 883 audivi,

280 903 534 950 quartanam
566 909 590 934 a
615 902 656 934 te
680 893 937 934 discessisse.
969 893 1140 942 moriar,
1173 893 1207 932 si
1238 891 1376 947 magis
1411 891 1655 946 gauderem,
1685 889 1721 930 si

280 952 323 992 id
347 950 453 991 mihi
477 950 717 991 accidisset.
780 949 903 991 Piliae
936 950 1021 1001 dic,
1053 964 1139 990 nou
1173 964 1264 990 esse
1295 962 1481 1003 ¹aequum,
1503 961 1597 988 eam
1626 947 1722 987 diu-

280 1008 367 1049 tius
398 1007 571 1058 habere,
601 1022 681 1048 nec
710 1007 753 1048 id
786 1021 877 1048 esse
906 1016 1058 1048 vestrae
1091 1006 1352 1048 concordiae.
1410 1003 1613 1045 Tironem
1644 1018 1724 1044 no-

283 1074 419 1106 strum
449 1065 504 1105 ab
527 1064 658 1106 altera
680 1064 875 1105 relictum
907 1063 1051 1105 audio.
1083 1064 1156 1105 sed
1188 1078 1284 1104 eum
1307 1062 1433 1103 video
1457 1062 1499 1102 in
1533 1071 1723 1102 sumtum

170 1157 198 1174 „s
284 1123 339 1164 ab
375 1121 468 1163 aliis
502 1131 761 1163 mutuatum.
796 1136 879 1178 ego
909 1132 1053 1162 autem
1087 1120 1268 1163 Curium
1301 1128 1511 1171 nostrum,
1544 1119 1580 1159 si
1617 1117 1723 1174 quid

183 1174 191 1180 ’
285 1194 394 1236 opus
427 1188 553 1230 esset,
585 1193 798 1235 rogatam.
831 1179 943 1219 malo
973 1178 1144 1219 Tironis
1182 1177 1483 1219 verecundiam
1518 1177 1562 1217 in
1597 1175 1724 1232 culpa

286 1251 392 1289 esse,
414 1250 545 1292 quam
566 1235 898 1278 illiberalitatem
921 1235 1059 1277 Curii.

248 1323 273 1363 7
722 1324 958 1367 CICERO
993 1323 1221 1366 ATTICO
1254 1324 1299 1365 S.

290 1381 498 1435 UNUM
530 1392 661 1434 etiam
692 1402 824 1434 restat
856 1393 996 1435 amieo
1026 1402 1173 1434 nostro
1204 1392 1258 1434 ad
1290 1407 1417 1435 omne
1447 1391 1647 1442 dedecus,
1677 1397 1729 1432 ut

287 1450 488 1492 Domitio
519 1465 608 1491 non
652 1450 894 1492 subveniat.
929 1461 978 1492 at
1008 1464 1136 1491 nemo
1172 1449 1358 1501 dubitat,
1389 1450 1495 1506 quin
1532 1448 1726 1491 subsidio

285 1517 494 1549 venturus
530 1508 598 1548 sit.
638 1522 725 1564 ego·
753 1522 840 1549 non
880 1517 1001 1564 puto.
1037 1507 1203 1548 deseret
1240 1507 1374 1563 igitur
1405 1507 1534 1549 talem
1569 1507 1727 1557 civem,

288 1568 381 1606 34et
417 1579 505 1615 eos,
538 1579 646 1620 quos
686 1580 770 1605 uua
807 1565 889 1606 scis
927 1567 1046 1606 esse?
1077 1579 1176 1606 cum
1214 1564 1372 1605 habeat
1411 1564 1646 1620 praesertim
1683 1571 1728 1603 et

289 1623 383 1678 ipse
412 1622 615 1663 cohortes
647 1624 775 1663 xxx?
806 1622 885 1662 nisi
915 1636 983 1662 me
1017 1622 1165 1662 omnia
1192 1620 1360 1672 fallunt,
1391 1625 1430 1652 35
1444 1622 1623 1662 deseret.
1662 1621 1728 1660 in-

290 1679 555 1721 credibiliter
576 1679 814 1734 pertimuit.
838 1678 944 1720 nihil
960 1687 1141 1735 spectat,
1173 1678 1253 1719 nisi
1278 1678 1452 1734 fugam:
1483 1679 1553 1719 cui
1577 1687 1622 1719 tu
1645 1677 1730 1730 (vi-

290 1736 374 1778 deo
395 1736 510 1777 enim
532 1736 634 1791 quid
658 1736 835 1787 sentias)
858 1750 926 1777 me
946 1737 1148 1777 comitem
1177 1746 1299 1791 putas
1321 1737 1477 1777 debere
1494 1749 1599 1776 esse.
1632 1733 1730 1790 Ego

290 1807 412 1844 vero,
453 1807 580 1848 quem
623 1792 805 1850 fugiam,
846 1793 1015 1845 habeo3
1062 1807 1190 1849 quem
1233 1807 1398 1848 sequar,
1439 1808 1527 1834 non
1574 1793 1734 1834 habeo.

292 1850 335 1881 36
345 1850 461 1907 quod
483 1850 599 1891 enim
620 1859 664 1891 tu
691 1864 833 1892 meum
854 1850 1017 1902 laudas,
1038 1861 1082 1891 et
1102 1851 1427 1892 memorandum
1448 1850 1571 1902 dicis,
1592 1849 1739 1899 malle,

294 1908 411 1963 quod
433 1906 633 1958 dixerim,
658 1921 725 1948 me
746 1922 846 1949 cum
870 1907 1081 1964 Pompeio
1105 1907 1233 1958 vinci,
1252 1922 1381 1962 quam
1403 1922 1501 1949 cum
1524 1908 1616 1948 istis
1638 1907 1734 1946 vin-

293 1978 415 2006 cere:
447 1979 530 2020 ego
552 1979 654 2006 vero
676 1965 804 2015 malo,
837 1966 910 2006 sed
941 1979 1041 2006 cum
1070 1965 1142 2006 illo
1167 1964 1393 2021 Pompeio,
1415 1965 1489 2020 qui
1512 1975 1604 2006 tum
1625 1972 1735 2014 erat,

295 2031 370 2063 aut
391 2022 465 2077 qui
489 2021 595 2062 mihi
617 2037 708 2063 esse
731 2022 982 2074 videbatur;
1013 2037 1111 2063 cum
1133 2021 1217 2063 hoc
1240 2037 1355 2073 vero,
1376 2023 1449 2078 qui
1482 2032 1583 2064 ante
1603 2020 1734 2077 fugit,

297 2093 427 2134 quam
460 2079 554 2130 scit,
583 2089 658 2120 aut
685 2094 814 2134 quem
845 2078 1000 2136 fugiat,
1033 2090 1107 2121 aut
1140 2093 1240 2134 quo,
1269 2080 1343 2134 qui
1378 2090 1523 2121 nostra
1545 2078 1739 2128 tradidit,

300 2136 375 2191 qui
409 2136 590 2193 patriam
625 2135 814 2193 reliquit,
846 2135 1016 2178 Italiam
1043 2137 1259 2191 relinquit,
1289 2137 1322 2178 si
1356 2138 1513 2190 malui;
1542 2140 1581 2170 37
1595 2136 1738 2178 conti-

169 2190 395 2250 P·¹23·git;
427 2193 566 2235 victus
601 2208 712 2235 sum.
743 2194 859 2250 quod
897 2206 1103 2250 superest,
1139 2209 1218 2235 nec
1251 2194 1333 2235 ista
1361 2195 1505 2237 videre
1545 2207 1737 2249 possum,

341 2325 382 2354 33
408 2332 499 2363 spero
522 2323 623 2354 etiam
652 2323 726 2363 δια]
757 2323 882 2355 Locum
908 2322 999 2354 hunc
1041 2331 1138 2353 nemo
1152 2327 1282 2354 secutus
1296 2329 1358 2355 est.

300 2364 393 2395 valde
408 2372 600 2406 corruptum
616 2375 696 2403 esse,
708 2366 862 2396 viderunt
873 2375 999 2396 omnes.

301 2416 362 2436 nec
383 2417 496 2438 sensus
512 2408 702 2438 commodus
725 2408 877 2446 efficitur,
893 2410 1000 2448 cujus-

301 2458 430 2487 cunque
463 2450 514 2480 vel
549 2450 623 2481 libri
658 2450 835 2481 lectionem
860 2451 912 2481 vel
941 2451 999 2481 viri

301 2489 390 2520 docti
419 2493 641 2530 conjecturam
672 2502 857 2532 sequamur.
887 2494 1000 2532 itaque

303 2531 342 2562 iis
371 2534 666 2564 commemorandis
694 2544 760 2565 non
783 2535 912 2566 molesti
939 2536 1009 2566 eri-'

305 2583 378 2604 mus
394 2574 570 2605 lectoribus
587 2577 717 2608 nostris.

347 2619 389 2647 34
402 2621 434 2647 et
447 2627 508 2653 eos,
524 2628 600 2657 quos
621 2629 690 2648 una
703 2621 764 2650 scis
777 2619 854 2658 esse]
881 2619 934 2650 Sic
956 2620 1002 2650 le-

305 2658 396 2697 gitur
410 2669 427 2689 e
442 2660 643 2690 correctione
659 2661 809 2698 Victorii,
832 2667 942 2692 sumta
962 2673 1002 2692 ex

304 2700 377 2732 cod.
400 2702 472 2741 ejus
492 2710 553 2731 scr.
578 2712 677 2740 quarn
700 2708 812 2734 tamen
834 2708 869 2734 et
888 2713 1002 2743 margo

305 2743 482 2773 Cratandri
495 2743 648 2779 habebat,
665 2755 760 2783 quem
778 2746 815 2775 P.
831 2746 1002 2777 Manutius

304 2788 339 2814 et
362 2786 462 2815 ceteri
487 2787 591 2816 secuti
617 2792 707 2818 sunt.
751 2787 896 2827 Vulgata
925 2796 1002 2819 ante

304 2831 390 2864 erat,
406 2837 444 2857 ex
466 2827 517 2858 ed.
532 2828 629 2859 Rom.
653 2833 683 2859 et
702 2839 752 2859 eos
771 2839 851 2867 una,
876 2840 952 2870 quos
974 2833 1002 2861 is

304 2877 414 2898 secum
438 2871 567 2907 habeat,
585 2872 769 2909 proeserte‘m
792 2882 832 2902 ex
852 2874 918 2912 ipso
933 2875 1002 2903 coli.

307 2918 390 2942 xxx.
400 2911 461 2943 Ed.
473 2912 610 2944 Jensoni
622 2913 723 2946 etiam
733 2913 892 2953 vitiosior,
905 2925 1005 2955 quam

1083 2368 1123 2396 35
1139 2366 1275 2406 deseret]
1288 2366 1435 2397 Graevius
1447 2365 1522 2398 addi
1535 2367 1608 2398 vult
1622 2366 1742 2398 Domi-

1042 2408 1139 2444 tium,
1165 2408 1241 2446 quia
1266 2417 1387 2440 nomen
1412 2410 1483 2449 ejus
1508 2409 1561 2440 hic
1587 2410 1621 2440 in
1651 2410 1747 2440 libris

1042 2455 1104 2487 est,
1130 2455 1204 2490 post
1218 2458 1304 2489 xxx,
1318 2457 1393 2482 tum
1416 2461 1479 2482 scr.
1495 2456 1569 2482 tum
1590 2452 1664 2483 edd.
1682 2462 1742 2483 an-

1041 2492 1153 2531 tiquis.

1084 2535 1127 2565 36
1144 2535 1230 2574 quod
1249 2546 1276 2566 e.
1300 2540 1338 2566 tu
1361 2545 1469 2565 meu-m
1495 2535 1626 2575 laudas]
1657 2536 1741 2568 Edd.

1044 2576 1119 2606 inde
1136 2588 1154 2607 a
1167 2577 1258 2608 Jens.
1283 2577 1407 2608 addunt
1431 2579 1612 2615 consilium,
1637 2579 1669 2608 id
1683 2579 1742 2609 Vi-

1045 2619 1168 2648 ctorius
1190 2630 1207 2650 e
1231 2620 1310 2650 Mss.
1333 2629 1366 2650 se
1388 2619 1541 2650 delevisse
1563 2620 1661 2651 dicit:
1685 2621 1742 2652 sed

1044 2668 1078 2690 et
1094 2661 1134 2690 ab
1149 2661 1199 2691 ed.
1215 2661 1310 2692 Rom.
1324 2661 1447 2692 aberat.
1475 2662 1538 2692 Pro
1553 2663 1632 2693 dicis
1647 2663 1741 2693 Grae-

1045 2703 1114 2732 vius
1128 2703 1229 2734 tacite
1242 2703 1331 2734 dedit
1347 2704 1447 2734 ducis.

1086 2747 1126 2778 37
1141 2746 1292 2785 contigit]
1311 2746 1446 2776 Factum
1462 2750 1524 2784 est,
1537 2746 1626 2785 quod
1639 2745 1744 2777 volui.

1045 2786 1170 2817 facetus
1184 2788 1287 2824 locus,
1303 2789 1450 2827 contigit,
1466 2789 1570 2819 victus
1583 2798 1669 2825 sum,
1683 2797 1742 2829 per

1044 2831 1310 2869 conjunctionem
1328 2831 1417 2861 verbi
1430 2831 1538 2862 felicia
1551 2830 1742 2870 significan-

1045 2871 1088 2901 tis
1116 2874 1264 2911 contigit,
1291 2883 1366 2903 cum
1392 2874 1489 2904 verbo
1512 2874 1614 2911 tristi,
1639 2873 1749 2902 victus

1047 2923 1132 2945 sum.
1176 2915 1257 2948 Mox
1271 2916 1370 2947 istum
1385 2915 1533 2957 intellige
1548 2917 1721 2948 caesarem.
