1940 3231
271 128 347 163 352
702 118 888 162 EPIST.
907 124 984 162 AD
1011 124 1284 164 BRUTUM.

273 236 317 269 et
339 228 440 283 quid
472 241 588 284 agas„
613 228 667 281 (si
700 229 779 270 tibi
804 228 1053 281 videbitur)
1075 229 1292 271 certiores.
1354 229 1608 273 Ciceronem
1633 245 1712 273 no·

274 296 407 326 strum
451 286 547 326 25in
586 297 774 327 vestrum
813 286 1042 342 collegium
1082 287 1278 343 cooptari
1317 287 1429 329 volo.
1495 288 1710 332 Existimo

273 342 466 395 omnino,
505 344 750 384 absentium
788 344 1014 393 rationem,
1047 345 1315 386 sacerdotum
1357 344 1544 386 comitiis
1585 361 1709 402 posse

223 400 436 442 b·haberi.
472 415 572 441 nam
605 401 737 441 etiam
770 399 932 441 facturn
972 411 1036 441 est
1077 411 1218 443 antea.
1281 401 1332 443 C.
1368 402 1482 443 enim
1525 402 1712 455 Marius,

271 472 371 500 cum
394 458 436 498 in
461 457 741 514 Cappadocia
772 467 897 509 esset,
920 457 1014 514 lege
1048 457 1247 500 Domitia
1279 459 1417 501 factus
1451 469 1516 500 est
1548 475 1708 516 augur:

269 530 366 567 nec,
399 530 484 570 quo
523 515 664 555 minus
703 515 745 556 id
789 526 940 571 postea
979 515 1140 567 liceret,
1179 516 1262 557 ulla
1302 516 1372 558 lex
1411 517 1570 559 sanxit.
1631 517 1711 559 Est

270 574 402 614 etiam
441 573 484 613 in
524 572 618 628 lege
649 571 781 622 Julia„
805 587 901 627 quae
933 571 1003 613 lex
1034 584 1099 613 est
1129 572 1182 614 de
1213 575 1461 616 sacerdotiis
1493 574 1710 630 proxima,

268 630 337 671 his
380 629 535 680 verbis,
580 643 664 682 QUI
719 643 880 681 PETIT,
925 642 1141 672 CUJUSVE
1194 643 1346 672 RATIO
1398 645 1708 674 HABEmTUR.

268 690 467 743 27ape1·te
500 686 679 739 indicat,
713 702 838 743 posse
871 687 1080 729 rationem
1113 687 1263 729 haberi
1301 689 1431 730 etiam
1473 704 1560 731 non
1597 704 1708 746 prae-

269 745 417 786 sentis.
479 743 578 786 Hac
611 745 663 785 de
693 759 737 785 re
770 745 920 800 scripsi
954 745 1006 786 ad
1039 759 1153 797 eum,
1186 755 1236 786 ut
1267 753 1342 787 tuo
1365 746 1535 800 judicio
1568 752 1708 789 utere-

269 810 353 853 tur,
377 802 489 843 sicut
522 802 564 842 in
598 803 725 843 rebus
756 803 974 844 omnibus.
1032 801 1133 845 Tibi
1156 812 1299 846 autem
1337 804 1610 846 statuendum
1640 814 1706 846 est

267 859 322 900 de
367 859 578 909 Domitio,
621 869 664 900 et
705 859 757 900 de
795 859 962 901 Catone
1000 869 1163 901 nostro.
1223 860 1307 901 Sed
1343 861 1538 916 quamvis
1578 861 1707 903 liceat

269 917 460 958 absentis
492 917 703 958 rationem
738 917 901 969 haberi,
931 927 1074 958 tamen
1111 917 1257 959 omnia
1289 927 1388 959 sunt
1423 919 1707 974 praesentibus

268 974 478 1016 faciliora.
541 975 707 1021 Quodsi
746 975 944 1016 statueris
983 975 1027 1015 in
1058 973 1208 1016 Asiam
1244 975 1322 1017 tibi
1355 976 1559 1027 eundum,
1591 976 1708 1018 nulla

266 1032 350 1073 erit
371 1032 422 1074 ad
446 1032 624 1073 comitia
647 1041 814 1074 nostros
837 1032 1077 1074 arcessendi
1102 1032 1297 1074 facultas.
1333 1032 1541 1087 Omnino,
1566 1034 1707 1076 Pansa

265 1090 384 1141 vivo,
420 1089 624 1131 celeriora
661 1091 808 1131 onmia
848 1091 1122 1146 putabamus.
1161 1091 1308 1131 statim
1342 1091 1456 1132 enim
1495 1090 1706 1149 collegam

265 1147 349 1188 sibi
382 1148 687 1203 subrogasset:
719 1148 875 1189 deinde
906 1158 1005 1189 ante
1038 1148 1253 1203 praetoria,
1277 1148 1546 1190 sacerdotum
1570 1149 1707 1191 comi-

264 1205 328 1246 tia
362 1203 558 1246 fuissent.
621 1205 750 1247 Nunc
793 1220 869 1262 per
909 1205 1103 1262 auspicia
1143 1206 1316 1262 longam
1362 1220 1524 1246 moram
1565 1206 1707 1253 video.

264 1259 386 1304 Dum
417 1263 531 1303 enim
567 1277 673 1303 unus
703 1263 784 1304 erit
814 1263 1019 1319 patricius
1052 1263 1344 1319 magistratuS,
1375 1263 1619 1320 28auspicia
1651 1264 1706 1305 ad

262 1329 407 1375 patres
440 1320 577 1361 redire
609 1334 696 1361 non
736 1329 930 1376 possunt.
965 1335 1123 1376 magna
1159 1335 1260 1361 sane
1298 1321 1579 1377 perturbatio.
1637 1320 1706 1362 Tu

263 1386 358 1419 tota
378 1377 431 1418 de
454 1392 497 1418 re
518 1378 619 1434 quid
646 1379 819 1431 sentias,
842 1377 970 1419 velim
995 1393 1064 1420 me
1086 1377 1219 1420 facias
1249 1379 1492 1422 certiorem.
1525 1392 1585 1421 111
1611 1378 1706 1420 No·-

261 1448 341 1476 nas
364 1435 524 1478 Maias.
586 1435 706 1477 Vale.

226 1518 256 1561 6
784 1529 1188 1567 ARGUMENTUM.

263 1588 471 1638 Respondet
497 1591 658 1640 epistolae
682 1594 886 1641 superiori:
921 1593 1109 1630 Glaucona
1132 1594 1310 1629 medicum
1329 1594 1472 1633 Pansoe,
1492 1598 1533 1629 ut
1551 1605 1570 1630 e
1588 1598 1706 1630 custo-

314 1645 378 1680 dia
406 1646 554 1692 eripiat,
574 1648 681 1693 rogat
693 1659 707 1686 ,·
737 1645 914 1689 Flavium,
934 1647 998 1694 qui
1026 1658 1106 1682 cum
1124 1646 1397 1694 Dyrrhachinis
1418 1647 1519 1682 litem
1537 1645 1708 1690 habebat,

313 1698 553 1740 commendat,
573 1702 608 1733 et
631 1699 674 1734 de
692 1697 893 1734 Dolabella
900 1698 1041 1748 fugato
1061 1710 1219 1746 coesoque
1236 1701 1426 1735 certiorem
1434 1697 1548 1747 facit.

650 1764 893 1807 BRUTUS
928 1763 1237 1808 CICERONI
1271 1766 1316 1807 S.

263 1819 433 1874 NOLI
475 1844 741 1890 exspectare,
781 1834 884 1876 dum
927 1834 1007 1876 tibi
1056 1834 1217 1891 gratias
1258 1848 1401 1891 agam.
1437 1833 1705 1891 jampridem

259 1888 346 1931 hoc
377 1905 431 1931 ex
466 1901 613 1932 nostra
644 1891 975 1943 necessitudine,
997 1906 1095 1947 quae
1129 1892 1181 1933 ad
1213 1906 1425 1933 summam
1456 1892 1706 1934 benivolen-

258 1947 364 1988 tiam
397 1949 608 2004 pervenit,
632 1949 847 1990 sublatum
879 1964 970 1990 esse
1001 1950 1144 1990 debet.
1207 1949 1339 1990 Filius
1371 1959 1469 1990 tuus
1491 1965 1516 1990 a
1537 1963 1606 1991 me
1627 1950 1706 1991 ab-

257 2015 337 2047 est.
373 2005 416 2046 in
453 2006 715 2052 Macedonia
751 2008 1097 2063 congrediemur.
1156 2004 1309 2049 Jussus
1343 2016 1407 2048 est
1444 2008 1559 2048 enim
1595 2005 1703 2048 Am-

257 2062 407 2104 bracia
438 2064 594 2105 ducere
626 2065 792 2120 equites
827 2079 900 2120 per
931 2063 1214 2116 Thessaliam,
1243 2074 1286 2106 et
1318 2065 1468 2120 scripsi
1503 2065 1557 2106 ad
1586 2079 1702 2116 eum,

257 2129 305 2160 ut
341 2120 447 2163 mihi
488 2121 743 2171 Heracleam
783 2133 1040 2164 occurreret.
1103 2121 1217 2163 Cum
1258 2136 1357 2163 eum
1397 2121 1559 2173 videro,
1593 2137 1703 2177 quo-

257 2178 376 2219 niam
407 2179 533 2221 nobis
568 2180 794 2236 permittis,
817 2180 1106 2221 communiter
1137 2180 1450 2222 constituemus
1476 2180 1530 2220 de
1560 2179 1702 2221 reditu
1868 2172 1885 2258 ξ

256 2235 352 2289 ejus
374 2236 426 2277 ad
451 2237 721 2292 petitionem,
744 2246 818 2278 aut
841 2237 894 2278 ad
921 2237 1343 2280 commendationem
1374 2237 1566 2278 honoris.
1627 2236 1702 2278 Ti-
1862 2234 1882 2275 J.

257 2292 301 2333 bi
339 2293 579 2344 Glaucona‚
605 2295 818 2339 medicum
861 2294 1028 2346 Pansae,
1051 2294 1124 2350 qui
1160 2309 1349 2336 sororem
1371 2294 1591 2336 Achilleos
1622 2309 1700 2336 no·
1752 2296 1754 2298 ’

259 2351 334 2391 stri
374 2352 417 2392 in
452 2353 729 2394 matrimonio
764 2353 912 2403 habet,
942 2351 1274 2408 diligentissime
1310 2351 1585 2394 commendo.
1623 2367 1699 2392 au·
1862 2356 1883 2399 ‘3

125 2415 158 2445 P·
174 2407 416 2460 977·di1nus‚
438 2423 536 2450 eum
568 2409 733 2451 venisse
765 2410 806 2452 in
844 2409 1131 2466 suspicionem
1170 2408 1393 2465 Torquato
1425 2409 1527 2451 29de
1560 2419 1700 2450 morte
1860 2410 1872 2462 ἕ

215 2459 432 2517 ²¹·Pa11sae,
466 2467 776 2522 custodirique,
811 2477 859 2508 ut
893 2467 1165 2524 parricidam.
1203 2466 1312 2508 nihil
1346 2466 1490 2508 minus
1512 2466 1700 2508 creden·
1856 2470 1878 2526 2².

256 2523 362 2567 (lum
397 2533 475 2567 est.
508 2525 604 2580 quis
638 2526 754 2567 enim
785 2525 996 2582 majorem
1034 2524 1324 2567 calamitatem
1365 2533 1503 2566 morte
1543 2523 1698 2566 Pansae
1857 2509 1881 2566 ἶ·

1860 2583 1873 2602 f

1856 2603 1874 2628 r

295 2686 337 2718 ‘26
358 2688 394 2717 in
421 2693 566 2718 vestrum
594 2688 781 2729 collegium]
814 2689 952 2720 Pontifi-
994 2699 1071 2719 eum
1088 2689 1222 2720 comitia
1235 2688 1420 2720 consularia
1436 2692 1470 2718 et
1494 2686 1695 2718 Pontificum

252 2739 341 2759 eum.
994 2731 1106 2761 haberi
1122 2734 1259 2772 possint.

295 2776 334 2805 27
358 2776 471 2811 aperte
492 2772 633 2813 indicat]
661 2773 729 2805 Lex
756 2773 807 2804 his
832 2773 950 2810 verbis,
1037 2778 1077 2808 29
1091 2774 1130 2805 de
1144 2778 1249 2805 morte
1260 2772 1395 2812 Pansoe]
1414 2772 1516 2813 Quasi
1531 2780 1695 2803 venenum

251 2823 324 2852 quie
339 2815 462 2854 scripsi.
995 2817 1030 2847 in
1045 2816 1165 2846 vulnus
1180 2816 1333 2847 indiderit
1346 2827 1352 2844 z
1376 2825 1449 2851 quae
1465 2822 1539 2846 tum
1554 2813 1696 2855 suspicio

295 2858 334 2887 528
366 2857 513 2896 auspicia
543 2857 591 2886 ad
609 2862 724 2898 patres
752 2858 859 2888 redire
886 2868 950 2888 non
993 2859 1070 2890 fuit.
1086 2869 1115 2889 v.
1131 2858 1319 2899 SueaAng.
1335 2868 1363 2889 c.
1384 2860 1432 2889 11.

244 2899 396 2938 possum]
417 2900 464 2930 Ut
479 2910 524 2930 sc.
540 2900 683 2931 interrex
698 2901 814 2938 creari,
835 2907 869 2932 et
892 2911 950 2942 per
