1940 3231
387 155 464 190 848
813 146 995 188 EPIST.
1021 148 1102 188 AD
1127 149 1416 195 ATTICUM‚

387 253 522 306 velim,
543 260 743 309 receptam
770 252 815 294 in
830 253 964 308 fidem
992 262 1120 306 tecam,
1143 260 1200 298 4a
1227 270 1366 311 meque
1397 254 1520 297 etiam
1552 262 1676 312 atque
1706 254 1830 298 etiam

388 311 467 353 tibi
487 311 819 359 conanendatam,
850 313 1098 354 auctorante
1126 320 1162 354 et
1183 313 1340 354 auxilio
1363 320 1432 353 tuo
1455 319 1601 354 tectam
1620 311 1716 355 velis
1736 327 1828 365 esse,

385 368 483 411 scitis
505 370 581 410 erit
603 370 645 410 in
671 375 910 424 perpetuum
944 368 1175 411 Buthrotiis
1196 370 1394 425 prcesidii,
1417 384 1770 427 magnaque‘cura
1790 376 1831 411 et

385 425 658 468 sollicitudine
681 425 884 476 Africana,
911 432 949 466 et
970 441 1030 467 me
1047 427 1234 469 liberaris
1246 444 1258 476 ,·
1279 428 1313 468 εἰ
1334 428 1406 469 Ιιοε
1427 427 1590 468 lionoris
1610 427 1688 468 mei
1707 441 1830 468 causa

385 485 612 538 susceperis,
637 490 681 524 ut
703 497 763 523 eos
782 497 933 535 semper
956 499 983 524 a
1017 493 1054 524 te
1083 482 1262 538 defensos
1289 486 1399 526 velis.
1421 484 1531 541 quod
1550 493 1596 526 ut
1612 484 1774 540 jacias,
1795 490 1835 525 te

386 541 637 584 vehementer
653 540 776 580 etiam
798 555 921 595 mque
941 540 1063 580 etiam
1088 557 1198 597 rogo.

446 598 529 639 His
562 599 713 638 litteris
745 598 931 652 scriptis,
964 613 1031 638 me
1069 599 1123 639 ad
1155 603 1317 648 συντάξεις
1350 599 1473 641 dedi:
1506 615 1603 655 qiiae
1636 600 1827 655 quidem,

385 670 548 705 vereor,
573 669 623 695 ne
646 655 825 695 miniata
847 654 989 695 cerula
1012 667 1085 695 tna
1117 655 1308 710 pluribus
1339 656 1445 697 locis
1479 657 1681 698 notandae
1713 658 1825 699 sint:

385 714 446 753 ita
467 727 559 753 suin
579 715 745 768 μετέωςος,
769 722 811 752 et
834 714 1002 767 magnis
1023 712 1364 768 cogitationibus
1387 713 1636 769 impeditus·

825 799 1060 843 CICERO
1092 800 1323 842 ATTICO
1356 801 1401 842 S.

387 858 453 911 L.
478 869 767 912 ANTONIO
808 870 917 910 male
956 871 1025 921 sit,
1065 870 1277 925 siquidem
1311 870 1584 912 5Buthrotiis
1624 871 1828 915 molestus

383 940 463 971 est.
528 928 621 984 Ego
645 928 969 968 6testimonium
1009 928 1260 983 composui:
1292 929 1423 983 quod,
1455 943 1554 969 cum
1588 930 1717 980 voles,
1749 931 1829 971 ob-

384 987 592 1042 signabiS.
653 985 718 1026 Tu
742 1000 896 1026 numos
919 986 1195 1042 Arpinatum,
1218 985 1249 1026 si
1278 985 1325 1025 L.
1351 986 1508 1027 Fadius
1532 986 1667 1027 aedilis
1693 996 1826 1044 petet,

383 1048 452 1085 vel
482 1058 631 1084 omnes
664 1043 848 1084 reddito.
879 1057 961 1100 ego
993 1043 1044 1084 ad
1079 1053 1119 1083 te
1150 1043 1232 1083 alia
1262 1043 1446 1098 epistola
1476 1044 1625 1099 scripsi
1649 1044 1702 1085 de
1726 1044 1825 1086 H-S

387 1116 467 1152 cx,
489 1116 586 1156 quae
622 1100 762 1141 Statio
795 1111 1061 1142 curarentur.
1094 1101 1126 1140 si
1160 1115 1264 1155 crgo
1300 1111 1416 1156 petet
1453 1100 1625 1151 Fadius,
1653 1101 1691 1142 ei
1727 1102 1824 1143 volo

383 1159 530 1210 reddi,
564 1169 720 1213 praeter
744 1157 940 1208 Fadium,
964 1158 1139 1198 nemini.
1162 1158 1275 1214 apud
1299 1173 1367 1198 me
1399 1158 1501 1199 item
1525 1162 1661 1214 7puto
1693 1158 1827 1214 depo-—

384 1217 530 1258 situm.
566 1216 622 1265 id,
656 1215 806 1271 scripsi
834 1215 886 1256 ad
913 1215 1103 1266 Erotem,
1129 1225 1173 1255 ut
1205 1215 1412 1256 redderet.
1466 1215 1713 1272 8Reginam
1738 1216 1826 1258 odi.

383 1273 567 1329 mejure
590 1273 730 1314 facere
754 1273 848 1313 scit.
873 1288 1054 1329 sponsor
1084 1274 1389 1329 promissorum
1422 1271 1514 1327 ejus
1536 1272 1828 1326 Ammonius,

336 1345 481 1387 b,quae
514 1330 686 1386 quidem
729 1339 850 1371 erant
883 1334 1085 1379 9φιλόλογαι
1115 1340 1159 1370 et
1189 1330 1415 1386 dignitatis
1452 1345 1574 1382 meae,
1605 1340 1654 1372 ut
1685 1330 1751 1371 vel
1782 1331 1827 1372 in

383 1389 595 1431 concione
617 1388 759 1428 dicere
783 1388 998 1428 auderem.
1060 1387 1206 1428 Saram
1231 1397 1373 1428 autem
1399 1399 1685 1443 praeterquam
1707 1388 1825 1443 quod

379 1446 591 1488 nefarium
627 1445 846 1486 bominem
878 1445 1082 1500 cognovi,
1107 1453 1315 1500 praeterea
1346 1445 1389 1486 in
1417 1459 1484 1486 me
1506 1455 1825 1487 contumacem.

379 1503 511 1546 semel
551 1517 649 1543 eum
692 1502 871 1543 omnino
903 1502 1018 1544 domi
1055 1516 1162 1543 meae
1195 1502 1298 1543 vidi.
1329 1517 1427 1543 cum
1458 1505 1657 1557 φιλοφςόνως
1687 1516 1743 1544 ex
1774 1517 1826 1543 eo

379 1575 632 1617 quaererem,
658 1561 760 1615 quid
793 1574 902 1615 opus
934 1569 1070 1608 esset;
1102 1559 1297 1600 Atticum
1325 1574 1370 1600 se
1391 1560 1506 1601 dixit
1527 1573 1733 1614 quaerere.
1756 1574 1826 1602 su-

378 1620 573 1676 perbiam
599 1628 741 1658 autem
769 1617 904 1673 ipsius
936 1617 1113 1672 reginae,
1135 1631 1233 1657 cum
1266 1626 1377 1658 esset
1408 1626 1524 1658 trans
1555 1615 1748 1658 Tiberim
1780 1616 1825 1658 in

378 1676 532 1726 hortis,
555 1688 893 1716 commemorare
924 1674 1014 1714 sine
1046 1688 1205 1730 magno
1236 1673 1383 1716 dolore
1414 1688 1501 1715 non
1534 1688 1726 1731 possum.
1758 1674 1826 1715 ni-

376 1733 441 1775 hil
481 1734 614 1790 igitur
655 1747 754 1773 cum
798 1731 922 1774 istis:
967 1746 1045 1772 nec
1088 1741 1174 1771 tam
1217 1732 1408 1772 animum
1452 1746 1535 1783 me,
1576 1745 1705 1787 quam
1750 1731 1824 1773 vix

377 1790 650 1833 stomachum
687 1789 845 1830 habere
884 1789 1159 1829 arbitrantur.
1224 1788 1544 1830 Profectionem
1583 1802 1741 1839 meam,
1775 1798 1823 1830 ut

376 1849 520 1900 video,
559 1846 700 1889 Erotis
733 1847 998 1903 dispensatio
1032 1845 1246 1901 impedit„
1267 1861 1366 1887 nam
1401 1861 1500 1888 cum
1537 1860 1592 1887 ex
1632 1845 1823 1902 reliquis,

375 1921 476 1963 quae
508 1905 647 1947 Nonis
671 1904 811 1961 April.
834 1903 952 1955 fecit,
977 1903 1040 1944 vel
1074 1903 1293 1945 abundare
1323 1904 1529 1955 debeam3
1560 1917 1696 1959 cogor
1727 1917 1824 1945 mu-

377 1964 517 2006 tuari:
550 1962 752 2019 quodque
782 1976 837 2002 ex
869 1962 962 2003 istis
994 1960 1225 2002 fructuosis
1258 1962 1382 2002 rebus
1414 1970 1636 2018 receptum
1667 1968 1747 2012 est,
1779 1959 1824 2002 id

374 2036 458 2078 ego
488 2021 543 2062 ad
576 2020 678 2061 illud
711 2018 860 2061 fanum
900 2019 1137 2074 sepositum
1179 2019 1400 2074 putabam.
1433 2018 1505 2059 sed
1542 2018 1636 2059 haec
1669 2017 1822 2059 Tironi

374 2078 593 2129 mandavi,
626 2091 752 2133 quem
798 2077 855 2117 ob
897 2091 989 2118 eam
1029 2090 1200 2117 causam
1241 2075 1427 2117 Romam
1464 2075 1578 2117 misi.
1617 2084 1661 2116 te
1702 2075 1823 2117 nolui

372 2136 633 2193 impeditum
663 2134 887 2190 impedire.
949 2133 1104 2175 Cicero
1136 2141 1282 2174 noster
1304 2149 1390 2189 quo
1414 2133 1649 2174 modestior
1669 2141 1748 2183 est,
1771 2147 1823 2175 eo

372 2208 443 2236 me
475 2193 614 2250 magis
644 2199 907 2234 commovet.
938 2192 992 2233 ad
1023 2205 1092 2233 me
1113 2191 1228 2232 enim
1252 2191 1305 2232 de
1328 2192 1409 2232 hac
1437 2205 1481 2232 re
1502 2190 1611 2232 nihil
1633 2190 1822 2247 scripsit,

322 796 370 831 15

1117 2361 1199 2405 opus
1214 2368 1309 2395 esset.
1324 2374 1364 2395 eo
1380 2364 1509 2395 videtur
1523 2363 1552 2394 ei
1567 2371 1650 2404 opus
1661 2362 1773 2400 fuisse,
1789 2374 1821 2395 v.

1117 2417 1145 2438 c.
1165 2417 1239 2437 cum
1254 2407 1366 2438 literas
1382 2406 1549 2438 Ciceronis
1563 2406 1697 2436 nomine
1712 2405 1820 2445 daret,

1118 2449 1204 2489 quod
1219 2450 1394 2489 aliquoties
1408 2459 1507 2490 supra
1520 2448 1660 2479 vidimus
1679 2447 1819 2481 factum.

1159 2495 1178 2525 7
1197 2498 1280 2532 puto
1302 2491 1494 2532 depositum]
1520 2490 1706 2521 Numerum
1729 2500 1820 2522 sum-

1116 2544 1179 2565 mae
1203 2534 1358 2565 excidisse
1381 2534 1520 2575 putabat
1546 2531 1742 2570 Lambinus,
1768 2543 1820 2565 re·

1115 2582 1179 2607 cte.

413 2372 435 2401 4
456 2379 478 2400 a
507 2378 619 2409 meque
645 2370 747 2399 etiam
771 2371 869 2406 atque
890 2366 992 2396 etiam
1017 2365 1076 2396 tibi

371 2411 504 2452 comm]
543 2412 597 2442 Sic
630 2411 663 2441 in
695 2411 759 2441 Ms.
788 2408 923 2440 Bauiol.
954 2409 1074 2448 reperit

372 2455 533 2491 Graevius,
566 2459 666 2493 atque
695 2451 809 2483 edidit.
867 2451 920 2481 Sic
949 2450 1075 2481 dudum

371 2501 451 2528 ante
474 2497 547 2528 edd.
571 2496 668 2527 Rom.
689 2496 780 2526 dens.
804 2494 877 2525 Asc.
893 2493 968 2524 Ald.
989 2493 1074 2524 exci-

372 2539 455 2569 disse
472 2550 547 2569 casu
570 2538 712 2569 arbitror
730 2542 827 2577 atque
847 2537 947 2567 etiam
968 2537 1001 2566 in
1022 2546 1072 2566 re-

371 2582 583 2613 centiori'ous.

415 2626 433 2654 5
457 2624 645 2655 Buthrotiis
672 2625 819 2653 molestus
845 2620 904 2660 est]
946 2622 1071 2652 Eorum

370 2676 467 2706 agros
483 2671 621 2696 conatus
638 2665 788 2695 dix-idere.

414 2710 434 2739 6
456 2709 677 2739 testimonium
706 2706 825 2746 comp]
859 2707 909 2737 De
940 2705 1072 2735 decreto

370 2752 521 2787 Caesaris,
549 2760 606 2791 pro
629 2760 742 2780 eorum
767 2750 943 2779 securitate
967 2747 1073 2777 facto.

369 2793 432 2823 Pro
449 2793 630 2831 obsignahe's
644 2792 715 2823 edd.
733 2801 781 2832 pr.
796 2791 964 2830 obsi-gnavi
977 2801 984 2819 :
1001 2790 1071 2828 qui-

366 2836 443 2867 dam
459 2842 494 2869 et
509 2835 636 2866 edidere
658 2834 847 2873 mig-nabo.-
871 2833 957 2872 quod
981 2831 1072 2862 facil-

367 2877 487 2909 limum
509 2884 571 2909 est.
615 2877 743 2908 Atticus
769 2875 897 2906 videtur
919 2874 1070 2906 habuisse

367 2921 500 2961 signum
517 2920 696 2959 Ciceronis,
710 2928 774 2960 quo
791 2919 840 2950 uti
855 2922 978 2960 posset,
995 2925 1070 2947 cum

1158 2622 1176 2650 8
1201 2618 1382 2658 Reginam]
1413 2618 1639 2658 Cleopatram,
1662 2625 1736 2657 quae
1762 2617 1818 2648 Ci-

1114 2661 1224 2691 ceroni
1241 2661 1351 2700 aliqua
1373 2661 1511 2692 honesta
1526 2660 1565 2692 de
1581 2669 1680 2690 causa
1695 2659 1817 2700 promi-

1114 2708 1202 2734 serat
1215 2703 1402 2743 pecuniam.

1156 2751 1176 2780 9
1200 2746 1352 2785 φιλὸλσγι
1379 2749 1410 2776 ει
1432 2744 1465 2775 d.
1490 2745 1551 2785 m.]
1582 2744 1760 2780 Promissa,
1787 2752 1814 2774 s.

1113 2790 1350 2829 promissorum
1365 2797 1483 2824 causae,
1499 2792 1596 2818 erant
1617 2787 1768 2818 honestae
1781 2789 1817 2816 et

1113 2831 1290 2863 admodum
1313 2830 1499 2873 probabiles
1522 2835 1556 2861 et
1579 2829 1686 2875 plenae
1707 2828 1816 2870 digni·

1112 2873 1204 2906 tatis.
