<?xml version="1.0" encoding="UTF-8"?>
<!DOCTYPE html PUBLIC "-//W3C//DTD XHTML 1.0 Transitional//EN"
    "http://www.w3.org/TR/xhtml1/DTD/xhtml1-transitional.dtd">
<html xmlns="http://www.w3.org/1999/xhtml" xml:lang="en" lang="en">
 <head>
  <title>
</title>
<meta http-equiv="Content-Type" content="text/html;charset=utf-8" />
  <meta name='ocr-system' content='tesseract 3.04.00' />
  <meta name='ocr-capabilities' content='ocr_page ocr_carea ocr_par ocr_line ocrx_word'/>
</head>
<body>
  <div class='ocr_page' id='page_1' title='image "./p2operaomnia03ciceuoft_0177.png"; bbox 0 0 1940 3231; ppageno 0'>
   <div class='ocr_carea' id='block_1_1' title="bbox 708 142 1586 184">
    <p class='ocr_par' dir='ltr' id='par_1_1' title="bbox 708 142 1586 184">
     <span class='ocr_line' id='line_1_1' title="bbox 708 142 1586 184; baseline 0.001 -1"><span class='ocrx_word' id='word_1_1' title='bbox 708 142 914 183; x_wconf 83' lang='lat' dir='ltr'><strong>LIBER</strong></span> <span class='ocrx_word' id='word_1_2' title='bbox 958 142 1025 180; x_wconf 88' lang='lat' dir='ltr'>VI.</span> <span class='ocrx_word' id='word_1_3' title='bbox 1514 150 1586 184; x_wconf 88' lang='lat'>601</span> 
     </span>
    </p>
   </div>
   <div class='ocr_carea' id='block_1_2' title="bbox 147 244 1695 1724">
    <p class='ocr_par' dir='ltr' id='par_1_2' title="bbox 147 244 1695 1724">
     <span class='ocr_line' id='line_1_2' title="bbox 148 244 1584 302; baseline -0.002 -8"><span class='ocrx_word' id='word_1_4' title='bbox 148 252 250 294; x_wconf 84' lang='lat' dir='ltr'>illud</span> <span class='ocrx_word' id='word_1_5' title='bbox 288 267 374 294; x_wconf 90' lang='lat' dir='ltr'>non</span> <span class='ocrx_word' id='word_1_6' title='bbox 412 251 516 292; x_wconf 89' lang='lat' dir='ltr'>utile</span> <span class='ocrx_word' id='word_1_7' title='bbox 553 249 692 291; x_wconf 78' lang='lat' dir='ltr'>nobis,</span> <span class='ocrx_word' id='word_1_8' title='bbox 753 248 867 289; x_wconf 83' lang='lat' dir='ltr'>Nam</span> <span class='ocrx_word' id='word_1_9' title='bbox 903 255 1061 302; x_wconf 84' lang='lat' dir='ltr'>praeter</span> <span class='ocrx_word' id='word_1_10' title='bbox 1099 244 1272 287; x_wconf 84' lang='lat' dir='ltr'>fratrem</span> <span class='ocrx_word' id='word_1_11' title='bbox 1312 262 1440 288; x_wconf 86' lang='lat' dir='ltr'>nemo</span> <span class='ocrx_word' id='word_1_12' title='bbox 1477 260 1584 302; x_wconf 86' lang='lat' dir='ltr'>erat,</span> 
     </span>
     <span class='ocr_line' id='line_1_3' title="bbox 147 302 1584 365; baseline -0.001 -15"><span class='ocrx_word' id='word_1_13' title='bbox 147 325 275 365; x_wconf 87' lang='lat' dir='ltr'>quem</span> <span class='ocrx_word' id='word_1_14' title='bbox 309 311 399 351; x_wconf 84' lang='lat' dir='ltr'>sine</span> <span class='ocrx_word' id='word_1_15' title='bbox 429 306 690 351; x_wconf 81' lang='lat' dir='ltr'>contumelia</span> <span class='ocrx_word' id='word_1_16' title='bbox 710 306 931 360; x_wconf 73' lang='lat' dir='ltr'>quaestori,</span> <span class='ocrx_word' id='word_1_17' title='bbox 954 302 1089 344; x_wconf 91' lang='lat' dir='ltr'>nobili</span> <span class='ocrx_word' id='word_1_18' title='bbox 1124 304 1377 358; x_wconf 87' lang='lat' dir='ltr'>praesertim‚</span> <span class='ocrx_word' id='word_1_19' title='bbox 1400 307 1584 348; x_wconf 83' lang='lat' dir='ltr'>antefer-</span> 
     </span>
     <span class='ocr_line' id='line_1_4' title="bbox 148 360 1584 418; baseline -0.002 -11"><span class='ocrx_word' id='word_1_20' title='bbox 148 382 253 408; x_wconf 85' lang='lat' dir='ltr'>rem.</span> <span class='ocrx_word' id='word_1_21' title='bbox 285 378 442 417; x_wconf 83' lang='lat' dir='ltr'>tamen,</span> <span class='ocrx_word' id='word_1_22' title='bbox 473 366 572 407; x_wconf 85' lang='lat' dir='ltr'>dum</span> <span class='ocrx_word' id='word_1_23' title='bbox 605 363 852 418; x_wconf 77' lang='lat' dir='ltr'>impendere</span> <span class='ocrx_word' id='word_1_24' title='bbox 886 360 1034 401; x_wconf 78' lang='lat' dir='ltr'>Parthi</span> <span class='ocrx_word' id='word_1_25' title='bbox 1062 360 1329 411; x_wconf 74' lang='lat' dir='ltr'>videbantur,</span> <span class='ocrx_word' id='word_1_26' title='bbox 1353 371 1584 404; x_wconf 74' lang='lat' dir='ltr'>statueram</span> 
     </span>
     <span class='ocr_line' id='line_1_5' title="bbox 147 419 1585 477; baseline -0.003 -12"><span class='ocrx_word' id='word_1_27' title='bbox 147 423 323 465; x_wconf 84' lang='lat' dir='ltr'>fratrem</span> <span class='ocrx_word' id='word_1_28' title='bbox 347 424 596 477; x_wconf 81' lang='lat' dir='ltr'>relinquere,</span> <span class='ocrx_word' id='word_1_29' title='bbox 619 430 693 460; x_wconf 87' lang='lat' dir='ltr'>aut</span> <span class='ocrx_word' id='word_1_30' title='bbox 714 419 843 460; x_wconf 87' lang='lat' dir='ltr'>etiam</span> <span class='ocrx_word' id='word_1_31' title='bbox 870 419 1118 474; x_wconf 84' lang='lat' dir='ltr'>reipublieae</span> <span class='ocrx_word' id='word_1_32' title='bbox 1144 433 1273 459; x_wconf 87' lang='lat' dir='ltr'>causa</span> <span class='ocrx_word' id='word_1_33' title='bbox 1291 429 1442 459; x_wconf 85' lang='lat' dir='ltr'>contra</span> <span class='ocrx_word' id='word_1_34' title='bbox 1465 434 1585 460; x_wconf 83' lang='lat' dir='ltr'>sena-</span> 
     </span>
     <span class='ocr_line' id='line_1_6' title="bbox 148 477 1584 534; baseline -0.003 -13"><span class='ocrx_word' id='word_1_35' title='bbox 148 490 217 522; x_wconf 87' lang='lat' dir='ltr'>tus</span> <span class='ocrx_word' id='word_1_36' title='bbox 240 481 481 523; x_wconf 85' lang='lat' dir='ltr'>consultum</span> <span class='ocrx_word' id='word_1_37' title='bbox 516 479 606 534; x_wconf 91' lang='lat' dir='ltr'>ipse</span> <span class='ocrx_word' id='word_1_38' title='bbox 638 491 882 518; x_wconf 81' lang='lat' dir='ltr'>remanere:</span> <span class='ocrx_word' id='word_1_39' title='bbox 915 477 989 531; x_wconf 90' lang='lat' dir='ltr'>qui</span> <span class='ocrx_word' id='word_1_40' title='bbox 1024 485 1318 532; x_wconf 81' lang='lat' dir='ltr'>posteaquam,</span> <span class='ocrx_word' id='word_1_41' title='bbox 1343 477 1584 520; x_wconf 80' lang='lat' dir='ltr'>incredibili</span> 
     </span>
     <span class='ocr_line' id='line_1_7' title="bbox 149 533 1585 588; baseline -0.004 -9"><span class='ocrx_word' id='word_1_42' title='bbox 149 537 370 588; x_wconf 83' lang='lat' dir='ltr'>felicitate,</span> <span class='ocrx_word' id='word_1_43' title='bbox 392 537 703 586; x_wconf 82' lang='lat' dir='ltr'>discesserunt3</span> <span class='ocrx_word' id='word_1_44' title='bbox 736 533 903 575; x_wconf 84' lang='lat' dir='ltr'>sublata</span> <span class='ocrx_word' id='word_1_45' title='bbox 930 534 1145 574; x_wconf 76' lang='lat' dir='ltr'>dubitatio</span> <span class='ocrx_word' id='word_1_46' title='bbox 1170 545 1247 574; x_wconf 82' lang='lat' dir='ltr'>est.</span> <span class='ocrx_word' id='word_1_47' title='bbox 1271 534 1466 575; x_wconf 78' lang='lat' dir='ltr'>videbam</span> <span class='ocrx_word' id='word_1_48' title='bbox 1501 548 1585 574; x_wconf 85' lang='lat' dir='ltr'>ser-</span> 
     </span>
     <span class='ocr_line' id='line_1_8' title="bbox 150 591 1586 648; baseline -0.004 -11"><span class='ocrx_word' id='word_1_49' title='bbox 150 610 323 637; x_wconf 85' lang='lat' dir='ltr'>mones:</span> <span class='ocrx_word' id='word_1_50' title='bbox 353 594 454 634; x_wconf 85' lang='lat' dir='ltr'>hui!</span> <span class='ocrx_word' id='word_1_51' title='bbox 489 592 663 633; x_wconf 82' lang='lat' dir='ltr'>fratrem</span> <span class='ocrx_word' id='word_1_52' title='bbox 687 591 890 646; x_wconf 86' lang='lat' dir='ltr'>reliquit?</span> <span class='ocrx_word' id='word_1_53' title='bbox 922 606 1023 631; x_wconf 83' lang='lat' dir='ltr'>num</span> <span class='ocrx_word' id='word_1_54' title='bbox 1048 602 1111 632; x_wconf 87' lang='lat' dir='ltr'>est</span> <span class='ocrx_word' id='word_1_55' title='bbox 1147 591 1245 641; x_wconf 82' lang='lat' dir='ltr'>hoc,</span> <span class='ocrx_word' id='word_1_56' title='bbox 1267 606 1353 632; x_wconf 87' lang='lat' dir='ltr'>non</span> <span class='ocrx_word' id='word_1_57' title='bbox 1388 591 1479 648; x_wconf 88' lang='lat' dir='ltr'>plus</span> <span class='ocrx_word' id='word_1_58' title='bbox 1510 606 1586 631; x_wconf 82' lang='lat' dir='ltr'>au-</span> 
     </span>
     <span class='ocr_line' id='line_1_9' title="bbox 148 648 1585 706; baseline -0.003 -13"><span class='ocrx_word' id='word_1_59' title='bbox 148 667 252 693; x_wconf 88' lang='lat' dir='ltr'>num</span> <span class='ocrx_word' id='word_1_60' title='bbox 282 651 476 692; x_wconf 88' lang='lat' dir='ltr'>obtinere</span> <span class='ocrx_word' id='word_1_61' title='bbox 508 649 804 706; x_wconf 78' lang='lat' dir='ltr'>provinciam?</span> <span class='ocrx_word' id='word_1_62' title='bbox 843 649 960 703; x_wconf 86' lang='lat' dir='ltr'>quid,</span> <span class='ocrx_word' id='word_1_63' title='bbox 992 649 1107 704; x_wconf 91' lang='lat' dir='ltr'>quod</span> <span class='ocrx_word' id='word_1_64' title='bbox 1140 658 1311 689; x_wconf 85' lang='lat' dir='ltr'>senatus</span> <span class='ocrx_word' id='word_1_65' title='bbox 1342 663 1414 689; x_wconf 90' lang='lat' dir='ltr'>eos</span> <span class='ocrx_word' id='word_1_66' title='bbox 1449 648 1585 689; x_wconf 86' lang='lat' dir='ltr'>voluit</span> 
     </span>
     <span class='ocr_line' id='line_1_10' title="bbox 150 705 1695 765; baseline -0.005 -14"><span class='ocrx_word' id='word_1_67' title='bbox 150 722 329 765; x_wconf 87' lang='lat' dir='ltr'>praeesse</span> <span class='ocrx_word' id='word_1_68' title='bbox 353 707 601 763; x_wconf 81' lang='lat' dir='ltr'>provinciiS,</span> <span class='ocrx_word' id='word_1_69' title='bbox 623 707 694 762; x_wconf 90' lang='lat' dir='ltr'>qui</span> <span class='ocrx_word' id='word_1_70' title='bbox 719 721 803 747; x_wconf 89' lang='lat' dir='ltr'>non</span> <span class='ocrx_word' id='word_1_71' title='bbox 830 705 1128 761; x_wconf 77' lang='lat' dir='ltr'>praefuissent?</span> <span class='ocrx_word' id='word_1_72' title='bbox 1159 715 1203 747; x_wconf 83' lang='lat' dir='ltr'>at</span> <span class='ocrx_word' id='word_1_73' title='bbox 1232 705 1304 747; x_wconf 88' lang='lat' dir='ltr'>hic</span> <span class='ocrx_word' id='word_1_74' title='bbox 1336 706 1695 753; x_wconf 81' lang='lat' dir='ltr'>triennium.p.96.</span> 
     </span>
     <span class='ocr_line' id='line_1_11' title="bbox 148 763 1626 822; baseline -0.001 -16"><span class='ocrx_word' id='word_1_75' title='bbox 148 780 251 822; x_wconf 84' lang='lat' dir='ltr'>ergo</span> <span class='ocrx_word' id='word_1_76' title='bbox 287 764 430 806; x_wconf 76' lang='lat' dir='ltr'>¹7haec</span> <span class='ocrx_word' id='word_1_77' title='bbox 463 765 513 805; x_wconf 84' lang='lat' dir='ltr'>ad</span> <span class='ocrx_word' id='word_1_78' title='bbox 555 764 776 820; x_wconf 83' lang='lat' dir='ltr'>populum.</span> <span class='ocrx_word' id='word_1_79' title='bbox 839 763 973 814; x_wconf 84' lang='lat' dir='ltr'>Quid,</span> <span class='ocrx_word' id='word_1_80' title='bbox 1009 778 1106 819; x_wconf 82' lang='lat' dir='ltr'>quae</span> <span class='ocrx_word' id='word_1_81' title='bbox 1144 767 1315 805; x_wconf 87' lang='lat' dir='ltr'>tecum?</span> <span class='ocrx_word' id='word_1_82' title='bbox 1348 766 1626 820; x_wconf 72' lang='lat' dir='ltr'>numquam2·</span> 
     </span>
     <span class='ocr_line' id='line_1_12' title="bbox 147 821 1585 878; baseline 0 -16"><span class='ocrx_word' id='word_1_83' title='bbox 147 837 282 863; x_wconf 87' lang='lat' dir='ltr'>essem</span> <span class='ocrx_word' id='word_1_84' title='bbox 305 823 396 864; x_wconf 87' lang='lat' dir='ltr'>sine</span> <span class='ocrx_word' id='word_1_85' title='bbox 418 837 534 872; x_wconf 89' lang='lat' dir='ltr'>cura,</span> <span class='ocrx_word' id='word_1_86' title='bbox 558 822 589 862; x_wconf 89' lang='lat' dir='ltr'>si</span> <span class='ocrx_word' id='word_1_87' title='bbox 614 821 716 878; x_wconf 89' lang='lat' dir='ltr'>quid</span> <span class='ocrx_word' id='word_1_88' title='bbox 741 821 1001 871; x_wconf 74' lang='lat' dir='ltr'>iracundius,</span> <span class='ocrx_word' id='word_1_89' title='bbox 1025 831 1098 861; x_wconf 84' lang='lat' dir='ltr'>aut</span> <span class='ocrx_word' id='word_1_90' title='bbox 1120 821 1489 872; x_wconf 82' lang='lat' dir='ltr'>contumeliosius,</span> <span class='ocrx_word' id='word_1_91' title='bbox 1511 833 1585 862; x_wconf 84' lang='lat' dir='ltr'>aut</span> 
     </span>
     <span class='ocr_line' id='line_1_13' title="bbox 147 878 1586 936; baseline -0.001 -15"><span class='ocrx_word' id='word_1_92' title='bbox 147 879 466 936; x_wconf 83' lang='lat' dir='ltr'>negligentius;</span> <span class='ocrx_word' id='word_1_93' title='bbox 501 883 647 934; x_wconf 64' lang='lat' dir='ltr'>l&#39;dquae</span> <span class='ocrx_word' id='word_1_94' title='bbox 672 879 754 919; x_wconf 86' lang='lat' dir='ltr'>fert</span> <span class='ocrx_word' id='word_1_95' title='bbox 776 879 867 918; x_wconf 73' lang='lat' dir='ltr'>vita</span> <span class='ocrx_word' id='word_1_96' title='bbox 888 878 1128 919; x_wconf 81' lang='lat' dir='ltr'>homiuum.</span> <span class='ocrx_word' id='word_1_97' title='bbox 1149 878 1267 934; x_wconf 75' lang='lat' dir='ltr'>quid,</span> <span class='ocrx_word' id='word_1_98' title='bbox 1292 879 1325 919; x_wconf 88' lang='lat' dir='ltr'>si</span> <span class='ocrx_word' id='word_1_99' title='bbox 1348 878 1450 934; x_wconf 89' lang='lat' dir='ltr'>quid</span> <span class='ocrx_word' id='word_1_100' title='bbox 1473 879 1586 920; x_wconf 88' lang='lat' dir='ltr'>filius</span> 
     </span>
     <span class='ocr_line' id='line_1_14' title="bbox 149 935 1589 994; baseline -0.001 -16"><span class='ocrx_word' id='word_1_101' title='bbox 149 951 269 992; x_wconf 90' lang='lat' dir='ltr'>puer,</span> <span class='ocrx_word' id='word_1_102' title='bbox 292 948 335 978; x_wconf 92' lang='lat' dir='ltr'>et</span> <span class='ocrx_word' id='word_1_103' title='bbox 359 951 463 994; x_wconf 88' lang='lat' dir='ltr'>puer</span> <span class='ocrx_word' id='word_1_104' title='bbox 487 937 594 978; x_wconf 90' lang='lat' dir='ltr'>bene</span> <span class='ocrx_word' id='word_1_105' title='bbox 618 937 699 977; x_wconf 82' lang='lat' dir='ltr'>sibi</span> <span class='ocrx_word' id='word_1_106' title='bbox 723 935 886 977; x_wconf 83' lang='lat' dir='ltr'>fidens?</span> <span class='ocrx_word' id='word_1_107' title='bbox 916 935 987 991; x_wconf 92' lang='lat' dir='ltr'>qui</span> <span class='ocrx_word' id='word_1_108' title='bbox 1012 945 1122 976; x_wconf 82' lang='lat' dir='ltr'>esset</span> <span class='ocrx_word' id='word_1_109' title='bbox 1145 936 1294 977; x_wconf 84' lang='lat' dir='ltr'>dolor?</span> <span class='ocrx_word' id='word_1_110' title='bbox 1317 951 1443 991; x_wconf 89' lang='lat' dir='ltr'>quem</span> <span class='ocrx_word' id='word_1_111' title='bbox 1467 946 1589 992; x_wconf 80' lang='lat' dir='ltr'>pater</span> 
     </span>
     <span class='ocr_line' id='line_1_15' title="bbox 147 992 1589 1050; baseline -0.001 -14"><span class='ocrx_word' id='word_1_112' title='bbox 147 1009 236 1035; x_wconf 90' lang='lat' dir='ltr'>non</span> <span class='ocrx_word' id='word_1_113' title='bbox 257 995 527 1046; x_wconf 80' lang='lat' dir='ltr'>dimittebat3</span> <span class='ocrx_word' id='word_1_114' title='bbox 552 1004 678 1050; x_wconf 88' lang='lat' dir='ltr'>teque</span> <span class='ocrx_word' id='word_1_115' title='bbox 700 993 743 1034; x_wconf 92' lang='lat' dir='ltr'>id</span> <span class='ocrx_word' id='word_1_116' title='bbox 765 1006 952 1044; x_wconf 86' lang='lat' dir='ltr'>censere,</span> <span class='ocrx_word' id='word_1_117' title='bbox 974 993 1152 1033; x_wconf 82' lang='lat' dir='ltr'>moleste</span> <span class='ocrx_word' id='word_1_118' title='bbox 1176 993 1354 1034; x_wconf 85' lang='lat' dir='ltr'>ferebat.</span> <span class='ocrx_word' id='word_1_119' title='bbox 1392 992 1452 1034; x_wconf 92' lang='lat' dir='ltr'>At</span> <span class='ocrx_word' id='word_1_120' title='bbox 1473 1008 1589 1035; x_wconf 91' lang='lat' dir='ltr'>nunc</span> 
     </span>
     <span class='ocr_line' id='line_1_16' title="bbox 150 1050 1591 1106; baseline -0.001 -13"><span class='ocrx_word' id='word_1_121' title='bbox 150 1051 333 1103; x_wconf 84' lang='lat' dir='ltr'>Coelius,</span> <span class='ocrx_word' id='word_1_122' title='bbox 363 1056 397 1087; x_wconf 84' lang='grc' dir='ltr'>ι9</span> <span class='ocrx_word' id='word_1_123' title='bbox 410 1066 496 1093; x_wconf 92' lang='lat' dir='ltr'>non</span> <span class='ocrx_word' id='word_1_124' title='bbox 529 1051 627 1093; x_wconf 92' lang='lat' dir='ltr'>dico</span> <span class='ocrx_word' id='word_1_125' title='bbox 660 1050 874 1106; x_wconf 86' lang='lat' dir='ltr'>equidem,</span> <span class='ocrx_word' id='word_1_126' title='bbox 897 1050 1002 1106; x_wconf 89' lang='lat' dir='ltr'>quid</span> <span class='ocrx_word' id='word_1_127' title='bbox 1025 1051 1183 1106; x_wconf 79' lang='lat' dir='ltr'>egerit3</span> <span class='ocrx_word' id='word_1_128' title='bbox 1217 1051 1289 1091; x_wconf 87' lang='lat' dir='ltr'>sed</span> <span class='ocrx_word' id='word_1_129' title='bbox 1314 1060 1457 1091; x_wconf 88' lang='lat' dir='ltr'>tamen</span> <span class='ocrx_word' id='word_1_130' title='bbox 1481 1051 1591 1092; x_wconf 86' lang='lat' dir='ltr'>mul-</span> 
     </span>
     <span class='ocr_line' id='line_1_17' title="bbox 150 1107 1591 1163; baseline -0.001 -13"><span class='ocrx_word' id='word_1_131' title='bbox 150 1120 196 1150; x_wconf 89' lang='lat' dir='ltr'>to</span> <span class='ocrx_word' id='word_1_132' title='bbox 229 1110 371 1150; x_wconf 86' lang='lat' dir='ltr'>minus</span> <span class='ocrx_word' id='word_1_133' title='bbox 407 1110 571 1151; x_wconf 84' lang='lat' dir='ltr'>laboro.</span> <span class='ocrx_word' id='word_1_134' title='bbox 631 1108 756 1150; x_wconf 88' lang='lat' dir='ltr'>Adde</span> <span class='ocrx_word' id='word_1_135' title='bbox 788 1107 922 1149; x_wconf 88' lang='lat' dir='ltr'>illud:</span> <span class='ocrx_word' id='word_1_136' title='bbox 958 1107 1206 1163; x_wconf 81' lang='lat' dir='ltr'>Pompeius,</span> <span class='ocrx_word' id='word_1_137' title='bbox 1240 1122 1290 1148; x_wconf 90' lang='lat' dir='ltr'>eo</span> <span class='ocrx_word' id='word_1_138' title='bbox 1326 1109 1478 1150; x_wconf 80' lang='lat' dir='ltr'>robore</span> <span class='ocrx_word' id='word_1_139' title='bbox 1511 1109 1591 1160; x_wconf 87' lang='lat' dir='ltr'>vir,</span> 
     </span>
     <span class='ocr_line' id='line_1_18' title="bbox 150 1164 1593 1221; baseline -0.001 -13"><span class='ocrx_word' id='word_1_140' title='bbox 150 1167 202 1208; x_wconf 78' lang='lat' dir='ltr'>iis</span> <span class='ocrx_word' id='word_1_141' title='bbox 236 1167 467 1218; x_wconf 82' lang='lat' dir='ltr'>radicibus,</span> <span class='ocrx_word' id='word_1_142' title='bbox 495 1167 551 1213; x_wconf 82' lang='lat' dir='ltr'>Q.</span> <span class='ocrx_word' id='word_1_143' title='bbox 579 1165 777 1207; x_wconf 78' lang='lat' dir='ltr'>Cassium</span> <span class='ocrx_word' id='word_1_144' title='bbox 813 1166 903 1205; x_wconf 90' lang='lat' dir='ltr'>sine</span> <span class='ocrx_word' id='word_1_145' title='bbox 937 1173 1050 1206; x_wconf 85' lang='lat' dir='ltr'>sorte</span> <span class='ocrx_word' id='word_1_146' title='bbox 1083 1164 1258 1221; x_wconf 83' lang='lat' dir='ltr'>delegit,</span> <span class='ocrx_word' id='word_1_147' title='bbox 1284 1164 1431 1206; x_wconf 80' lang='lat' dir='ltr'>Caesar</span> <span class='ocrx_word' id='word_1_148' title='bbox 1451 1165 1593 1207; x_wconf 89' lang='lat' dir='ltr'>Anto-</span> 
     </span>
     <span class='ocr_line' id='line_1_19' title="bbox 150 1222 1592 1280; baseline 0 -16"><span class='ocrx_word' id='word_1_149' title='bbox 150 1225 296 1266; x_wconf 87' lang='lat' dir='ltr'>nium:</span> <span class='ocrx_word' id='word_1_150' title='bbox 329 1239 410 1280; x_wconf 84' lang='lat' dir='ltr'>ego</span> <span class='ocrx_word' id='word_1_151' title='bbox 434 1233 547 1265; x_wconf 85' lang='lat' dir='ltr'>sorte</span> <span class='ocrx_word' id='word_1_152' title='bbox 569 1223 716 1264; x_wconf 85' lang='lat' dir='ltr'>datum</span> <span class='ocrx_word' id='word_1_153' title='bbox 740 1222 1030 1264; x_wconf 83' lang='lat' dir='ltr'>offenderem?</span> <span class='ocrx_word' id='word_1_154' title='bbox 1063 1232 1111 1263; x_wconf 90' lang='lat' dir='ltr'>ut</span> <span class='ocrx_word' id='word_1_155' title='bbox 1133 1223 1262 1263; x_wconf 82' lang='lat' dir='ltr'>etiam</span> <span class='ocrx_word' id='word_1_156' title='bbox 1291 1222 1526 1278; x_wconf 83' lang='lat' dir='ltr'>inquireret</span> <span class='ocrx_word' id='word_1_157' title='bbox 1549 1224 1592 1264; x_wconf 88' lang='lat' dir='ltr'>in</span> 
     </span>
     <span class='ocr_line' id='line_1_20' title="bbox 150 1279 1594 1337; baseline -0.001 -15"><span class='ocrx_word' id='word_1_158' title='bbox 150 1296 265 1332; x_wconf 85' lang='lat' dir='ltr'>eum,</span> <span class='ocrx_word' id='word_1_159' title='bbox 295 1297 422 1337; x_wconf 88' lang='lat' dir='ltr'>quem</span> <span class='ocrx_word' id='word_1_160' title='bbox 459 1281 752 1336; x_wconf 81' lang='lat' dir='ltr'>reliquissem?</span> <span class='ocrx_word' id='word_1_161' title='bbox 786 1279 885 1321; x_wconf 74' lang='lat' dir='ltr'>Hoc</span> <span class='ocrx_word' id='word_1_162' title='bbox 922 1280 1097 1321; x_wconf 75' lang='lat' dir='ltr'>melius:</span> <span class='ocrx_word' id='word_1_163' title='bbox 1132 1289 1174 1320; x_wconf 84' lang='lat' dir='ltr'>et</span> <span class='ocrx_word' id='word_1_164' title='bbox 1207 1280 1336 1335; x_wconf 79' lang='lat' dir='ltr'>hujus</span> <span class='ocrx_word' id='word_1_165' title='bbox 1374 1280 1433 1320; x_wconf 84' lang='lat' dir='ltr'>rei</span> <span class='ocrx_word' id='word_1_166' title='bbox 1471 1281 1594 1336; x_wconf 81' lang='lat' dir='ltr'>plura</span> 
     </span>
     <span class='ocr_line' id='line_1_21' title="bbox 150 1337 1592 1394; baseline 0 -15"><span class='ocrx_word' id='word_1_167' title='bbox 150 1341 350 1394; x_wconf 83' lang='lat' dir='ltr'>exempla</span> <span class='ocrx_word' id='word_1_168' title='bbox 370 1357 378 1382; x_wconf 88' lang='grc'>;</span> <span class='ocrx_word' id='word_1_169' title='bbox 414 1339 623 1380; x_wconf 87' lang='lat' dir='ltr'>senectuti</span> <span class='ocrx_word' id='word_1_170' title='bbox 647 1338 820 1394; x_wconf 84' lang='lat' dir='ltr'>quidem</span> <span class='ocrx_word' id='word_1_171' title='bbox 845 1349 1000 1378; x_wconf 64' lang='lat' dir='ltr'>nostra&gt;</span> <span class='ocrx_word' id='word_1_172' title='bbox 1029 1337 1226 1394; x_wconf 83' lang='lat' dir='ltr'>profecto</span> <span class='ocrx_word' id='word_1_173' title='bbox 1249 1338 1406 1392; x_wconf 79' lang='lat' dir='ltr'>aptius.</span> <span class='ocrx_word' id='word_1_174' title='bbox 1467 1337 1528 1378; x_wconf 88' lang='lat' dir='ltr'>At</span> <span class='ocrx_word' id='word_1_175' title='bbox 1550 1348 1592 1380; x_wconf 89' lang='lat' dir='ltr'>te</span> 
     </span>
     <span class='ocr_line' id='line_1_22' title="bbox 151 1395 1592 1452; baseline 0 -16"><span class='ocrx_word' id='word_1_176' title='bbox 151 1397 266 1452; x_wconf 81' lang='lat' dir='ltr'>apud</span> <span class='ocrx_word' id='word_1_177' title='bbox 288 1411 402 1447; x_wconf 88' lang='lat' dir='ltr'>eum,</span> <span class='ocrx_word' id='word_1_178' title='bbox 424 1397 482 1437; x_wconf 87' lang='lat' dir='ltr'>dii</span> <span class='ocrx_word' id='word_1_179' title='bbox 510 1396 610 1437; x_wconf 86' lang='lat' dir='ltr'>boni</span> <span class='ocrx_word' id='word_1_180' title='bbox 632 1398 639 1438; x_wconf 71' lang='grc' dir='ltr'>ἔ</span> <span class='ocrx_word' id='word_1_181' title='bbox 672 1406 833 1452; x_wconf 82' lang='lat' dir='ltr'>quanta</span> <span class='ocrx_word' id='word_1_182' title='bbox 856 1396 897 1435; x_wconf 89' lang='lat' dir='ltr'>in</span> <span class='ocrx_word' id='word_1_183' title='bbox 923 1396 1058 1451; x_wconf 71' lang='lat' dir='ltr'>gratia</span> <span class='ocrx_word' id='word_1_184' title='bbox 1085 1395 1234 1451; x_wconf 83' lang='lat' dir='ltr'>posui3</span> <span class='ocrx_word' id='word_1_185' title='bbox 1266 1396 1391 1450; x_wconf 85' lang='lat' dir='ltr'>eique</span> <span class='ocrx_word' id='word_1_186' title='bbox 1415 1395 1497 1451; x_wconf 82' lang='lat' dir='ltr'>legi</span> <span class='ocrx_word' id='word_1_187' title='bbox 1521 1395 1592 1436; x_wconf 88' lang='lat' dir='ltr'>lit-</span> 
     </span>
     <span class='ocr_line' id='line_1_23' title="bbox 154 1452 1590 1504; baseline 0.001 -10"><span class='ocrx_word' id='word_1_188' title='bbox 154 1464 264 1494; x_wconf 84' lang='lat' dir='ltr'>teras</span> <span class='ocrx_word' id='word_1_189' title='bbox 289 1469 372 1495; x_wconf 88' lang='lat' dir='ltr'>non</span> <span class='ocrx_word' id='word_1_190' title='bbox 397 1464 506 1504; x_wconf 82' lang='lat' dir='ltr'>tuas,</span> <span class='ocrx_word' id='word_1_191' title='bbox 530 1453 601 1494; x_wconf 87' lang='lat' dir='ltr'>sed</span> <span class='ocrx_word' id='word_1_192' title='bbox 638 1453 798 1494; x_wconf 78' lang='lat' dir='ltr'>librarii</span> <span class='ocrx_word' id='word_1_193' title='bbox 833 1453 911 1493; x_wconf 86' lang='lat' dir='ltr'>tui.</span> <span class='ocrx_word' id='word_1_194' title='bbox 972 1453 1225 1494; x_wconf 80' lang='lat' dir='ltr'>Amicorum</span> <span class='ocrx_word' id='word_1_195' title='bbox 1259 1452 1413 1493; x_wconf 82' lang='lat' dir='ltr'>litterae</span> <span class='ocrx_word' id='word_1_196' title='bbox 1446 1468 1514 1494; x_wconf 88' lang='lat' dir='ltr'>me</span> <span class='ocrx_word' id='word_1_197' title='bbox 1535 1454 1590 1496; x_wconf 87' lang='lat' dir='ltr'>ad</span> 
     </span>
     <span class='ocr_line' id='line_1_24' title="bbox 153 1510 1591 1567; baseline 0.001 -16"><span class='ocrx_word' id='word_1_198' title='bbox 153 1512 421 1567; x_wconf 83' lang='lat' dir='ltr'>triumphum</span> <span class='ocrx_word' id='word_1_199' title='bbox 455 1522 626 1562; x_wconf 85' lang='lat' dir='ltr'>vocant,</span> <span class='ocrx_word' id='word_1_200' title='bbox 657 1526 744 1551; x_wconf 81' lang='lat' dir='ltr'>rem</span> <span class='ocrx_word' id='word_1_201' title='bbox 777 1526 801 1551; x_wconf 84' lang='lat' dir='ltr'>a</span> <span class='ocrx_word' id='word_1_202' title='bbox 831 1510 972 1561; x_wconf 81' lang='lat' dir='ltr'>nobis,</span> <span class='ocrx_word' id='word_1_203' title='bbox 994 1521 1042 1551; x_wconf 89' lang='lat' dir='ltr'>ut</span> <span class='ocrx_word' id='word_1_204' title='bbox 1072 1524 1154 1565; x_wconf 81' lang='lat' dir='ltr'>ego</span> <span class='ocrx_word' id='word_1_205' title='bbox 1185 1510 1384 1560; x_wconf 82' lang='lat' dir='ltr'>arbitror,</span> <span class='ocrx_word' id='word_1_206' title='bbox 1415 1518 1591 1567; x_wconf 86' lang='lat' dir='ltr'>propter</span> 
     </span>
     <span class='ocr_line' id='line_1_25' title="bbox 151 1567 1590 1623; baseline 0.001 -15"><span class='ocrx_word' id='word_1_207' title='bbox 151 1568 263 1609; x_wconf 84' lang='lat' dir='ltr'>hanc</span> <span class='ocrx_word' id='word_1_208' title='bbox 285 1574 540 1617; x_wconf 59' lang='lat' dir='ltr'>woezcyrsem-zbn</span> <span class='ocrx_word' id='word_1_209' title='bbox 562 1580 768 1618; x_wconf 81' lang='lat' dir='ltr'>nostram,</span> <span class='ocrx_word' id='word_1_210' title='bbox 792 1583 877 1609; x_wconf 86' lang='lat' dir='ltr'>nou</span> <span class='ocrx_word' id='word_1_211' title='bbox 909 1567 1229 1623; x_wconf 72' lang='lat' dir='ltr'>negligendam.</span> <span class='ocrx_word' id='word_1_212' title='bbox 1252 1582 1383 1622; x_wconf 83' lang='lat' dir='ltr'>quare</span> <span class='ocrx_word' id='word_1_213' title='bbox 1416 1578 1461 1608; x_wconf 92' lang='lat' dir='ltr'>tu</span> <span class='ocrx_word' id='word_1_214' title='bbox 1484 1583 1590 1623; x_wconf 91' lang='lat' dir='ltr'>quo-</span> 
     </span>
     <span class='ocr_line' id='line_1_26' title="bbox 153 1625 1594 1682; baseline 0 -16"><span class='ocrx_word' id='word_1_215' title='bbox 153 1640 251 1681; x_wconf 85' lang='lat' dir='ltr'>que,</span> <span class='ocrx_word' id='word_1_216' title='bbox 283 1626 341 1666; x_wconf 86' lang='lat' dir='ltr'>mi</span> <span class='ocrx_word' id='word_1_217' title='bbox 376 1625 538 1676; x_wconf 82' lang='lat' dir='ltr'>Attice,</span> <span class='ocrx_word' id='word_1_218' title='bbox 573 1626 716 1682; x_wconf 78' lang='lat' dir='ltr'>incipe</span> <span class='ocrx_word' id='word_1_219' title='bbox 750 1625 792 1666; x_wconf 90' lang='lat' dir='ltr'>id</span> <span class='ocrx_word' id='word_1_220' title='bbox 826 1640 1011 1681; x_wconf 55' lang='lat' dir='ltr'>cuper-2³3</span> <span class='ocrx_word' id='word_1_221' title='bbox 1043 1640 1128 1680; x_wconf 92' lang='lat' dir='ltr'>quo</span> <span class='ocrx_word' id='word_1_222' title='bbox 1162 1640 1240 1667; x_wconf 87' lang='lat' dir='ltr'>nos</span> <span class='ocrx_word' id='word_1_223' title='bbox 1277 1625 1417 1666; x_wconf 86' lang='lat' dir='ltr'>minus</span> <span class='ocrx_word' id='word_1_224' title='bbox 1458 1625 1594 1682; x_wconf 86' lang='lat' dir='ltr'>inepti</span> 
     </span>
     <span class='ocr_line' id='line_1_27' title="bbox 153 1684 387 1724; baseline 0 0"><span class='ocrx_word' id='word_1_225' title='bbox 153 1684 387 1724; x_wconf 76' lang='lat' dir='ltr'>videamur.</span> 
     </span>
    </p>
   </div>
   <div class='ocr_carea' id='block_1_3' title="bbox 583 1760 1630 1812">
    <p class='ocr_par' dir='ltr' id='par_1_3' title="bbox 583 1760 1630 1812">
     <span class='ocr_line' id='line_1_28' title="bbox 583 1760 1630 1812; baseline -0.002 -8"><span class='ocrx_word' id='word_1_226' title='bbox 583 1761 818 1804; x_wconf 77' lang='lat' dir='ltr'>CiCERO</span> <span class='ocrx_word' id='word_1_227' title='bbox 850 1760 1080 1804; x_wconf 85' lang='lat' dir='ltr'>ATTICO</span> <span class='ocrx_word' id='word_1_228' title='bbox 1113 1762 1157 1803; x_wconf 91' lang='lat' dir='ltr'>S.</span> <span class='ocrx_word' id='word_1_229' title='bbox 1607 1770 1630 1812; x_wconf 93' lang='lat'>7</span> 
     </span>
    </p>
   </div>
   <div class='ocr_carea' id='block_1_4' title="bbox 151 1820 1640 2353">
    <p class='ocr_par' dir='ltr' id='par_1_4' title="bbox 151 1820 1640 2353">
     <span class='ocr_line' id='line_1_29' title="bbox 156 1820 1593 1893; baseline 0.001 -17"><span class='ocrx_word' id='word_1_230' title='bbox 156 1820 444 1882; x_wconf 76' lang='lat' dir='ltr'>QUINTUS</span> <span class='ocrx_word' id='word_1_231' title='bbox 490 1835 617 1887; x_wconf 83' lang='lat' dir='ltr'>filius,</span> <span class='ocrx_word' id='word_1_232' title='bbox 662 1837 730 1893; x_wconf 88' lang='lat' dir='ltr'>pie</span> <span class='ocrx_word' id='word_1_233' title='bbox 773 1851 887 1886; x_wconf 83' lang='lat' dir='ltr'>sane,</span> <span class='ocrx_word' id='word_1_234' title='bbox 930 1850 998 1876; x_wconf 88' lang='lat' dir='ltr'>me</span> <span class='ocrx_word' id='word_1_235' title='bbox 1036 1836 1208 1891; x_wconf 88' lang='lat' dir='ltr'>quidem</span> <span class='ocrx_word' id='word_1_236' title='bbox 1252 1846 1367 1877; x_wconf 82' lang='lat' dir='ltr'>certe</span> <span class='ocrx_word' id='word_1_237' title='bbox 1409 1836 1593 1878; x_wconf 81' lang='lat' dir='ltr'>inultum</span> 
     </span>
     <span class='ocr_line' id='line_1_30' title="bbox 151 1891 1593 1949; baseline 0.002 -16"><span class='ocrx_word' id='word_1_238' title='bbox 151 1891 369 1944; x_wconf 83' lang='lat' dir='ltr'>hortante,</span> <span class='ocrx_word' id='word_1_239' title='bbox 409 1893 481 1934; x_wconf 88' lang='lat' dir='ltr'>sed</span> <span class='ocrx_word' id='word_1_240' title='bbox 523 1905 782 1945; x_wconf 84' lang='lat' dir='ltr'>currentem,</span> <span class='ocrx_word' id='word_1_241' title='bbox 817 1894 1009 1934; x_wconf 78' lang='lat' dir='ltr'>animuin</span> <span class='ocrx_word' id='word_1_242' title='bbox 1053 1895 1183 1949; x_wconf 85' lang='lat' dir='ltr'>patris</span> <span class='ocrx_word' id='word_1_243' title='bbox 1223 1895 1288 1934; x_wconf 87' lang='lat' dir='ltr'>sui</span> <span class='ocrx_word' id='word_1_244' title='bbox 1330 1894 1465 1935; x_wconf 82' lang='lat' dir='ltr'>sorori</span> <span class='ocrx_word' id='word_1_245' title='bbox 1507 1907 1593 1936; x_wconf 86' lang='lat' dir='ltr'>tuae</span> 
     </span>
     <span class='ocr_line' id='line_1_31' title="bbox 153 1950 1594 2007; baseline 0.002 -16"><span class='ocrx_word' id='word_1_246' title='bbox 153 1951 463 1992; x_wconf 79' lang='lat' dir='ltr'>reconciliavit.</span> <span class='ocrx_word' id='word_1_247' title='bbox 485 1967 581 1992; x_wconf 88' lang='lat' dir='ltr'>eum</span> <span class='ocrx_word' id='word_1_248' title='bbox 608 1952 729 1993; x_wconf 80' lang='lat' dir='ltr'>valde</span> <span class='ocrx_word' id='word_1_249' title='bbox 759 1951 888 1992; x_wconf 70' lang='lat' dir='ltr'>etiam</span> <span class='ocrx_word' id='word_1_250' title='bbox 920 1961 1006 1993; x_wconf 82' lang='lat' dir='ltr'>tuae</span> <span class='ocrx_word' id='word_1_251' title='bbox 1028 1950 1183 1992; x_wconf 83' lang='lat' dir='ltr'>litterae</span> <span class='ocrx_word' id='word_1_252' title='bbox 1206 1952 1466 1992; x_wconf 78' lang='lat' dir='ltr'>excitarunt.</span> <span class='ocrx_word' id='word_1_253' title='bbox 1489 1953 1594 2007; x_wconf 90' lang='lat' dir='ltr'>quid</span> 
     </span>
     <span class='ocr_line' id='line_1_32' title="bbox 153 2008 1593 2062; baseline 0.001 -14"><span class='ocrx_word' id='word_1_254' title='bbox 153 2008 344 2062; x_wconf 80' lang='lat' dir='ltr'>quaeris?</span> <span class='ocrx_word' id='word_1_255' title='bbox 376 2009 548 2050; x_wconf 86' lang='lat' dir='ltr'>confido</span> <span class='ocrx_word' id='word_1_256' title='bbox 587 2024 690 2060; x_wconf 87' lang='lat' dir='ltr'>rem,</span> <span class='ocrx_word' id='word_1_257' title='bbox 734 2019 779 2050; x_wconf 87' lang='lat' dir='ltr'>ut</span> <span class='ocrx_word' id='word_1_258' title='bbox 814 2009 1025 2059; x_wconf 86' lang='lat' dir='ltr'>volumus,</span> <span class='ocrx_word' id='word_1_259' title='bbox 1059 2023 1164 2049; x_wconf 89' lang='lat' dir='ltr'>esse.</span> <span class='ocrx_word' id='word_1_260' title='bbox 1228 2009 1303 2049; x_wconf 80' lang='lat' dir='ltr'>Bis</span> <span class='ocrx_word' id='word_1_261' title='bbox 1343 2010 1396 2060; x_wconf 85' lang='lat' dir='ltr'>ad</span> <span class='ocrx_word' id='word_1_262' title='bbox 1436 2019 1478 2050; x_wconf 87' lang='lat' dir='ltr'>te</span> <span class='ocrx_word' id='word_1_263' title='bbox 1518 2024 1593 2050; x_wconf 82' lang='lat' dir='ltr'>an-</span> 
     </span>
     <span class='ocr_line' id='line_1_33' title="bbox 155 2065 1592 2120; baseline 0.002 -15"><span class='ocrx_word' id='word_1_264' title='bbox 155 2074 224 2106; x_wconf 80' lang='lat' dir='ltr'>tea</span> <span class='ocrx_word' id='word_1_265' title='bbox 246 2066 395 2120; x_wconf 87' lang='lat' dir='ltr'>scripsi</span> <span class='ocrx_word' id='word_1_266' title='bbox 417 2066 470 2110; x_wconf 84' lang='lat' dir='ltr'>de</span> <span class='ocrx_word' id='word_1_267' title='bbox 492 2081 535 2108; x_wconf 90' lang='lat' dir='ltr'>re</span> <span class='ocrx_word' id='word_1_268' title='bbox 556 2082 652 2108; x_wconf 84' lang='lat' dir='ltr'>mea</span> <span class='ocrx_word' id='word_1_269' title='bbox 674 2066 889 2117; x_wconf 73' lang='lat' dir='ltr'>familiari,</span> <span class='ocrx_word' id='word_1_270' title='bbox 914 2067 946 2106; x_wconf 90' lang='lat' dir='ltr'>si</span> <span class='ocrx_word' id='word_1_271' title='bbox 971 2067 1100 2108; x_wconf 87' lang='lat' dir='ltr'>modo</span> <span class='ocrx_word' id='word_1_272' title='bbox 1124 2065 1203 2107; x_wconf 89' lang='lat' dir='ltr'>tibi</span> <span class='ocrx_word' id='word_1_273' title='bbox 1226 2066 1404 2108; x_wconf 84' lang='lat' dir='ltr'>redditae</span> <span class='ocrx_word' id='word_1_274' title='bbox 1436 2067 1592 2108; x_wconf 72' lang='lat' dir='ltr'>litterae</span> 
     </span>
     <span class='ocr_line' id='line_1_34' title="bbox 157 2123 1592 2176; baseline 0.003 -14"><span class='ocrx_word' id='word_1_275' title='bbox 157 2131 270 2173; x_wconf 85' lang='lat' dir='ltr'>sunt,</span> <span class='ocrx_word' id='word_1_276' title='bbox 311 2123 480 2174; x_wconf 81' lang='lat' dir='ltr'>Graece,</span> <span class='ocrx_word' id='word_1_277' title='bbox 519 2126 544 2163; x_wconf 77' lang='grc' dir='ltr'>ἐν</span> <span class='ocrx_word' id='word_1_278' title='bbox 576 2131 751 2176; x_wconf 61' lang='grc' dir='ltr'>αἰνιγμοῖς.</span> <span class='ocrx_word' id='word_1_279' title='bbox 791 2124 970 2174; x_wconf 86' lang='lat' dir='ltr'>scilieet,</span> <span class='ocrx_word' id='word_1_280' title='bbox 1011 2123 1170 2164; x_wconf 68' lang='lat' dir='ltr'>clOni‘uil</span> <span class='ocrx_word' id='word_1_281' title='bbox 1210 2133 1274 2164; x_wconf 87' lang='lat' dir='ltr'>est</span> <span class='ocrx_word' id='word_1_282' title='bbox 1316 2125 1592 2166; x_wconf 86' lang='lat' dir='ltr'>movendum.</span> 
     </span>
     <span class='ocr_line' id='line_1_35' title="bbox 155 2181 1593 2235; baseline 0.002 -15"><span class='ocrx_word' id='word_1_283' title='bbox 155 2181 227 2221; x_wconf 84' lang='lat' dir='ltr'>sed</span> <span class='ocrx_word' id='word_1_284' title='bbox 260 2190 418 2231; x_wconf 88' lang='lat' dir='ltr'>tamen,</span> <span class='ocrx_word' id='word_1_285' title='bbox 439 2185 570 2229; x_wconf 66' lang='grc' dir='ltr'>ἀφελεῖς</span> <span class='ocrx_word' id='word_1_286' title='bbox 594 2182 913 2235; x_wconf 84' lang='lat' dir='ltr'>percunctando</span> <span class='ocrx_word' id='word_1_287' title='bbox 946 2182 998 2223; x_wconf 85' lang='lat' dir='ltr'>de</span> <span class='ocrx_word' id='word_1_288' title='bbox 1031 2181 1280 2223; x_wconf 84' lang='lat' dir='ltr'>nominibus</span> <span class='ocrx_word' id='word_1_289' title='bbox 1316 2181 1513 2233; x_wconf 76' lang='lat' dir='ltr'>Milonis,</span> <span class='ocrx_word' id='word_1_290' title='bbox 1536 2192 1593 2233; x_wconf 93' lang='lat' dir='ltr'>et,</span> 
     </span>
     <span class='ocr_line' id='line_1_36' title="bbox 154 2238 1594 2296; baseline 0.003 -19"><span class='ocrx_word' id='word_1_291' title='bbox 154 2248 204 2278; x_wconf 87' lang='lat' dir='ltr'>ut</span> <span class='ocrx_word' id='word_1_292' title='bbox 235 2238 454 2294; x_wconf 79' lang='lat' dir='ltr'>expediat,</span> <span class='ocrx_word' id='word_1_293' title='bbox 479 2245 524 2276; x_wconf 86' lang='lat' dir='ltr'>ut</span> <span class='ocrx_word' id='word_1_294' title='bbox 558 2238 664 2278; x_wconf 82' lang='lat' dir='ltr'>mihi</span> <span class='ocrx_word' id='word_1_295' title='bbox 698 2239 875 2295; x_wconf 86' lang='lat' dir='ltr'>recepit,</span> <span class='ocrx_word' id='word_1_296' title='bbox 899 2239 1126 2290; x_wconf 80' lang='lat' dir='ltr'>hortando,</span> <span class='ocrx_word' id='word_1_297' title='bbox 1150 2239 1311 2294; x_wconf 82' lang='lat' dir='ltr'>aliquid</span> <span class='ocrx_word' id='word_1_298' title='bbox 1343 2239 1404 2280; x_wconf 83' lang='lat' dir='ltr'>ita</span> <span class='ocrx_word' id='word_1_299' title='bbox 1426 2249 1470 2280; x_wconf 91' lang='lat' dir='ltr'>tu</span> <span class='ocrx_word' id='word_1_300' title='bbox 1497 2255 1594 2296; x_wconf 85' lang='lat' dir='ltr'>pro-</span> 
     </span>
     <span class='ocr_line' id='line_1_37' title="bbox 154 2294 1640 2353; baseline 0.001 -17"><span class='ocrx_word' id='word_1_301' title='bbox 154 2295 288 2337; x_wconf 86' lang='lat' dir='ltr'>ficies.</span> <span class='ocrx_word' id='word_1_302' title='bbox 350 2294 446 2352; x_wconf 80' lang='lat' dir='ltr'>Ego</span> <span class='ocrx_word' id='word_1_303' title='bbox 471 2294 697 2337; x_wconf 72' lang='lat' dir='ltr'>Laodiceae</span> <span class='ocrx_word' id='word_1_304' title='bbox 720 2306 979 2351; x_wconf 85' lang='lat' dir='ltr'>quaestorem</span> <span class='ocrx_word' id='word_1_305' title='bbox 1003 2296 1267 2338; x_wconf 86' lang='lat' dir='ltr'>Mescinium</span> <span class='ocrx_word' id='word_1_306' title='bbox 1291 2300 1593 2353; x_wconf 54' lang='lat' dir='ltr'>mes-spectare</span> <span class='ocrx_word' id='word_1_307' title='bbox 1606 2313 1640 2346; x_wconf 89' lang='lat' dir='ltr'>b.</span> 
     </span>
    </p>
   </div>
   <div class='ocr_carea' id='block_1_5' title="bbox 157 2442 1607 2952">
    <p class='ocr_par' dir='ltr' id='par_1_5' title="bbox 157 2442 1601 2612">
     <span class='ocr_line' id='line_1_38' title="bbox 200 2442 1598 2484; baseline 0.003 -12"><span class='ocrx_word' id='word_1_308' title='bbox 200 2445 236 2476; x_wconf 80' lang='lat'>17</span> <span class='ocrx_word' id='word_1_309' title='bbox 261 2443 327 2472; x_wconf 79' lang='lat' dir='ltr'>hoec</span> <span class='ocrx_word' id='word_1_310' title='bbox 342 2442 570 2483; x_wconf 74' lang='lat' dir='ltr'>adpopulum]</span> <span class='ocrx_word' id='word_1_311' title='bbox 596 2443 616 2473; x_wconf 84' lang='lat' dir='ltr'>i.</span> <span class='ocrx_word' id='word_1_312' title='bbox 633 2453 662 2474; x_wconf 90' lang='lat' dir='ltr'>e.</span> <span class='ocrx_word' id='word_1_313' title='bbox 680 2443 732 2474; x_wconf 81' lang='lat' dir='ltr'>hae</span> <span class='ocrx_word' id='word_1_314' title='bbox 755 2444 856 2474; x_wconf 70' lang='lat' dir='ltr'>ratio·</span> <span class='ocrx_word' id='word_1_315' title='bbox 899 2448 968 2475; x_wconf 85' lang='lat' dir='ltr'>est:</span> <span class='ocrx_word' id='word_1_316' title='bbox 993 2454 1060 2475; x_wconf 88' lang='lat' dir='ltr'>non</span> <span class='ocrx_word' id='word_1_317' title='bbox 1082 2453 1213 2484; x_wconf 75' lang='lat' dir='ltr'>possum</span> <span class='ocrx_word' id='word_1_318' title='bbox 1238 2443 1369 2483; x_wconf 87' lang='lat' dir='ltr'>quidem</span> <span class='ocrx_word' id='word_1_319' title='bbox 1396 2454 1598 2476; x_wconf 80' lang='lat' dir='ltr'>commemo·</span> 
     </span>
     <span class='ocr_line' id='line_1_39' title="bbox 157 2485 1597 2527; baseline 0.001 -12"><span class='ocrx_word' id='word_1_320' title='bbox 157 2494 214 2516; x_wconf 84' lang='lat' dir='ltr'>nes</span> <span class='ocrx_word' id='word_1_321' title='bbox 230 2486 400 2525; x_wconf 81' lang='lat' dir='ltr'>pertinent</span> <span class='ocrx_word' id='word_1_322' title='bbox 424 2485 465 2516; x_wconf 84' lang='lat' dir='ltr'>ad</span> <span class='ocrx_word' id='word_1_323' title='bbox 487 2486 724 2526; x_wconf 78' lang='lat' dir='ltr'>rempublicam</span> <span class='ocrx_word' id='word_1_324' title='bbox 747 2493 782 2516; x_wconf 85' lang='lat' dir='ltr'>et</span> <span class='ocrx_word' id='word_1_325' title='bbox 798 2488 856 2525; x_wconf 71' lang='lat' dir='ltr'>Ju-</span> <span class='ocrx_word' id='word_1_326' title='bbox 901 2497 971 2517; x_wconf 83' lang='lat' dir='ltr'>rare</span> <span class='ocrx_word' id='word_1_327' title='bbox 987 2487 1107 2523; x_wconf 84' lang='lat' dir='ltr'>multa,</span> <span class='ocrx_word' id='word_1_328' title='bbox 1124 2496 1196 2526; x_wconf 84' lang='lat' dir='ltr'>quae</span> <span class='ocrx_word' id='word_1_329' title='bbox 1212 2487 1280 2527; x_wconf 80' lang='lat' dir='ltr'>ipse</span> <span class='ocrx_word' id='word_1_330' title='bbox 1303 2487 1336 2516; x_wconf 89' lang='lat' dir='ltr'>in</span> <span class='ocrx_word' id='word_1_331' title='bbox 1361 2487 1529 2527; x_wconf 82' lang='lat' dir='ltr'>provincia</span> <span class='ocrx_word' id='word_1_332' title='bbox 1551 2488 1597 2519; x_wconf 86' lang='lat' dir='ltr'>fe-</span> 
     </span>
     <span class='ocr_line' id='line_1_40' title="bbox 157 2527 1578 2569; baseline 0.003 -12"><span class='ocrx_word' id='word_1_333' title='bbox 157 2527 279 2558; x_wconf 85' lang='lat' dir='ltr'>dicium</span> <span class='ocrx_word' id='word_1_334' title='bbox 302 2528 415 2568; x_wconf 76' lang='lat' dir='ltr'>populi</span> <span class='ocrx_word' id='word_1_335' title='bbox 437 2527 476 2558; x_wconf 88' lang='lat' dir='ltr'>de</span> <span class='ocrx_word' id='word_1_336' title='bbox 492 2537 676 2559; x_wconf 79' lang='lat' dir='ltr'>successore</span> <span class='ocrx_word' id='word_1_337' title='bbox 691 2538 710 2558; x_wconf 81' lang='lat' dir='ltr'>a</span> <span class='ocrx_word' id='word_1_338' title='bbox 732 2538 785 2558; x_wconf 82' lang='lat' dir='ltr'>me</span> <span class='ocrx_word' id='word_1_339' title='bbox 809 2539 859 2559; x_wconf 86' lang='lat' dir='ltr'>re·</span> <span class='ocrx_word' id='word_1_340' title='bbox 901 2530 995 2564; x_wconf 88' lang='lat' dir='ltr'>cerit‚</span> <span class='ocrx_word' id='word_1_341' title='bbox 1013 2528 1053 2560; x_wconf 84' lang='lat' dir='ltr'>ad</span> <span class='ocrx_word' id='word_1_342' title='bbox 1068 2529 1268 2569; x_wconf 82' lang='lat' dir='ltr'>probandam</span> <span class='ocrx_word' id='word_1_343' title='bbox 1284 2530 1352 2569; x_wconf 83' lang='lat' dir='ltr'>ejus</span> <span class='ocrx_word' id='word_1_344' title='bbox 1369 2529 1578 2569; x_wconf 82' lang='lat' dir='ltr'>dignitatem.</span> 
     </span>
     <span class='ocr_line' id='line_1_41' title="bbox 157 2569 1601 2612; baseline 0.002 -12"><span class='ocrx_word' id='word_1_345' title='bbox 157 2569 250 2600; x_wconf 89' lang='lat' dir='ltr'>licto.</span> <span class='ocrx_word' id='word_1_346' title='bbox 943 2575 984 2601; x_wconf 79' lang='lat'>20</span> <span class='ocrx_word' id='word_1_347' title='bbox 1016 2572 1101 2601; x_wconf 72' lang='lat' dir='ltr'>nihil</span> <span class='ocrx_word' id='word_1_348' title='bbox 1125 2576 1171 2602; x_wconf 78' lang='lat' dir='ltr'>est</span> <span class='ocrx_word' id='word_1_349' title='bbox 1201 2572 1408 2612; x_wconf 77' lang='lat' dir='ltr'>movendum]</span> <span class='ocrx_word' id='word_1_350' title='bbox 1440 2573 1503 2603; x_wconf 85' lang='lat' dir='ltr'>int.</span> <span class='ocrx_word' id='word_1_351' title='bbox 1534 2583 1601 2604; x_wconf 91' lang='lat' dir='ltr'>non</span> 
     </span>
    </p>

    <p class='ocr_par' dir='ltr' id='par_1_6' title="bbox 158 2611 1607 2909">
     <span class='ocr_line' id='line_1_42' title="bbox 206 2611 1602 2655; baseline 0.003 -13"><span class='ocrx_word' id='word_1_352' title='bbox 206 2615 240 2643; x_wconf 68' lang='lat'>18</span> <span class='ocrx_word' id='word_1_353' title='bbox 262 2611 421 2652; x_wconf 81' lang='lat' dir='ltr'>quoefert</span> <span class='ocrx_word' id='word_1_354' title='bbox 441 2613 511 2642; x_wconf 79' lang='lat' dir='ltr'>vita</span> <span class='ocrx_word' id='word_1_355' title='bbox 525 2612 708 2652; x_wconf 70' lang='lat' dir='ltr'>hominum]</span> <span class='ocrx_word' id='word_1_356' title='bbox 734 2611 856 2643; x_wconf 87' lang='lat' dir='ltr'>Lenius</span> <span class='ocrx_word' id='word_1_357' title='bbox 895 2615 969 2655; x_wconf 81' lang='lat' dir='ltr'>jure</span> <span class='ocrx_word' id='word_1_358' title='bbox 998 2619 1032 2644; x_wconf 83' lang='lat' dir='ltr'>ct</span> <span class='ocrx_word' id='word_1_359' title='bbox 1060 2624 1168 2644; x_wconf 80' lang='lat' dir='ltr'>severe</span> <span class='ocrx_word' id='word_1_360' title='bbox 1199 2614 1362 2653; x_wconf 84' lang='lat' dir='ltr'>agendum</span> <span class='ocrx_word' id='word_1_361' title='bbox 1391 2618 1442 2645; x_wconf 83' lang='lat' dir='ltr'>est</span> <span class='ocrx_word' id='word_1_362' title='bbox 1465 2615 1506 2645; x_wconf 90' lang='lat' dir='ltr'>ad</span> <span class='ocrx_word' id='word_1_363' title='bbox 1536 2617 1602 2646; x_wconf 85' lang='lat' dir='ltr'>cxi-</span> 
     </span>
     <span class='ocr_line' id='line_1_43' title="bbox 159 2653 1603 2697; baseline 0.002 -13"><span class='ocrx_word' id='word_1_364' title='bbox 159 2653 254 2691; x_wconf 79' lang='lat' dir='ltr'>dixit,</span> <span class='ocrx_word' id='word_1_365' title='bbox 268 2665 366 2693; x_wconf 79' lang='lat' dir='ltr'>quam</span> <span class='ocrx_word' id='word_1_366' title='bbox 389 2655 502 2685; x_wconf 86' lang='lat' dir='ltr'>sensit.</span> <span class='ocrx_word' id='word_1_367' title='bbox 546 2655 692 2695; x_wconf 72' lang='lat' dir='ltr'>Quintus</span> <span class='ocrx_word' id='word_1_368' title='bbox 708 2661 779 2686; x_wconf 84' lang='lat' dir='ltr'>erat</span> <span class='ocrx_word' id='word_1_369' title='bbox 796 2656 859 2685; x_wconf 84' lang='lat' dir='ltr'>ira.</span> <span class='ocrx_word' id='word_1_370' title='bbox 901 2657 1042 2697; x_wconf 74' lang='lat' dir='ltr'>gendum</span> <span class='ocrx_word' id='word_1_371' title='bbox 1068 2657 1251 2697; x_wconf 86' lang='lat' dir='ltr'>pecuniam.</span> <span class='ocrx_word' id='word_1_372' title='bbox 1277 2667 1353 2687; x_wconf 76' lang='lat' dir='ltr'>mox</span> <span class='ocrx_word' id='word_1_373' title='bbox 1375 2657 1424 2687; x_wconf 80' lang='lat' dir='ltr'>ita</span> <span class='ocrx_word' id='word_1_374' title='bbox 1447 2657 1528 2687; x_wconf 83' lang='lat' dir='ltr'>mihi</span> <span class='ocrx_word' id='word_1_375' title='bbox 1550 2667 1603 2687; x_wconf 92' lang='lat' dir='ltr'>su-</span> 
     </span>
     <span class='ocr_line' id='line_1_44' title="bbox 159 2697 1603 2740; baseline 0.002 -14"><span class='ocrx_word' id='word_1_376' title='bbox 159 2697 309 2733; x_wconf 79' lang='lat' dir='ltr'>cundior,</span> <span class='ocrx_word' id='word_1_377' title='bbox 325 2697 551 2728; x_wconf 82' lang='lat' dir='ltr'>vehementior</span> <span class='ocrx_word' id='word_1_378' title='bbox 567 2699 626 2728; x_wconf 70' lang='grc' dir='ltr'>ἀρ.</span> <span class='ocrx_word' id='word_1_379' title='bbox 643 2703 678 2728; x_wconf 89' lang='lat' dir='ltr'>et</span> <span class='ocrx_word' id='word_1_380' title='bbox 693 2699 727 2729; x_wconf 90' lang='lat' dir='ltr'>in</span> <span class='ocrx_word' id='word_1_381' title='bbox 742 2709 781 2728; x_wconf 86' lang='lat' dir='ltr'>eo</span> <span class='ocrx_word' id='word_1_382' title='bbox 803 2707 859 2737; x_wconf 88' lang='lat' dir='ltr'>ge·</span> <span class='ocrx_word' id='word_1_383' title='bbox 903 2705 1053 2740; x_wconf 80' lang='lat' dir='ltr'>spectum</span> <span class='ocrx_word' id='word_1_384' title='bbox 1077 2704 1137 2730; x_wconf 87' lang='lat' dir='ltr'>est.</span> <span class='ocrx_word' id='word_1_385' title='bbox 1153 2709 1229 2730; x_wconf 84' lang='lat' dir='ltr'>nam</span> <span class='ocrx_word' id='word_1_386' title='bbox 1254 2704 1288 2729; x_wconf 82' lang='lat' dir='ltr'>et</span> <span class='ocrx_word' id='word_1_387' title='bbox 1310 2699 1430 2730; x_wconf 86' lang='lat' dir='ltr'>durum</span> <span class='ocrx_word' id='word_1_388' title='bbox 1454 2699 1487 2729; x_wconf 91' lang='lat' dir='ltr'>h.</span> <span class='ocrx_word' id='word_1_389' title='bbox 1503 2700 1525 2729; x_wconf 91' lang='grc'>1.</span> <span class='ocrx_word' id='word_1_390' title='bbox 1540 2705 1603 2736; x_wconf 76' lang='lat' dir='ltr'>est,</span> 
     </span>
     <span class='ocr_line' id='line_1_45' title="bbox 161 2741 1606 2779; baseline 0.003 -12"><span class='ocrx_word' id='word_1_391' title='bbox 161 2747 238 2769; x_wconf 84' lang='lat' dir='ltr'>nere</span> <span class='ocrx_word' id='word_1_392' title='bbox 265 2748 350 2779; x_wconf 82' lang='lat' dir='ltr'>saepe</span> <span class='ocrx_word' id='word_1_393' title='bbox 374 2746 525 2779; x_wconf 78' lang='lat' dir='ltr'>peccarat</span> <span class='ocrx_word' id='word_1_394' title='bbox 549 2741 584 2770; x_wconf 87' lang='lat' dir='ltr'>in</span> <span class='ocrx_word' id='word_1_395' title='bbox 606 2741 696 2771; x_wconf 83' lang='lat' dir='ltr'>Asiae</span> <span class='ocrx_word' id='word_1_396' title='bbox 719 2741 862 2771; x_wconf 84' lang='lat' dir='ltr'>admini-</span> <span class='ocrx_word' id='word_1_397' title='bbox 905 2749 952 2779; x_wconf 88' lang='lat' dir='ltr'>et,</span> <span class='ocrx_word' id='word_1_398' title='bbox 969 2743 994 2772; x_wconf 90' lang='lat' dir='ltr'>si</span> <span class='ocrx_word' id='word_1_399' title='bbox 1016 2742 1178 2778; x_wconf 84' lang='lat' dir='ltr'>deleatur,</span> <span class='ocrx_word' id='word_1_400' title='bbox 1194 2742 1307 2772; x_wconf 86' lang='lat' dir='ltr'>omnia</span> <span class='ocrx_word' id='word_1_401' title='bbox 1329 2742 1419 2772; x_wconf 76' lang='lat' dir='ltr'>salva</span> <span class='ocrx_word' id='word_1_402' title='bbox 1440 2748 1474 2771; x_wconf 85' lang='lat' dir='ltr'>et</span> <span class='ocrx_word' id='word_1_403' title='bbox 1496 2741 1606 2772; x_wconf 85' lang='lat' dir='ltr'>facilia</span> 
     </span>
     <span class='ocr_line' id='line_1_46' title="bbox 159 2781 1606 2824; baseline 0.003 -14"><span class='ocrx_word' id='word_1_404' title='bbox 159 2781 332 2817; x_wconf 59' lang='lat' dir='ltr'>sturione,</span> <span class='ocrx_word' id='word_1_405' title='bbox 348 2786 386 2811; x_wconf 89' lang='lat' dir='ltr'>ut</span> <span class='ocrx_word' id='word_1_406' title='bbox 408 2793 448 2812; x_wconf 84' lang='lat' dir='ltr'>ex</span> <span class='ocrx_word' id='word_1_407' title='bbox 469 2783 609 2823; x_wconf 83' lang='lat' dir='ltr'>epistola</span> <span class='ocrx_word' id='word_1_408' title='bbox 632 2783 800 2814; x_wconf 85' lang='lat' dir='ltr'>Ciceronis</span> <span class='ocrx_word' id='word_1_409' title='bbox 817 2783 858 2813; x_wconf 81' lang='lat' dir='ltr'>ad</span> <span class='ocrx_word' id='word_1_410' title='bbox 901 2794 998 2815; x_wconf 82' lang='lat' dir='ltr'>sensu</span> <span class='ocrx_word' id='word_1_411' title='bbox 1014 2790 1104 2815; x_wconf 89' lang='lat' dir='ltr'>sunt.</span> <span class='ocrx_word' id='word_1_412' title='bbox 1143 2784 1204 2815; x_wconf 88' lang='lat' dir='ltr'>Est</span> <span class='ocrx_word' id='word_1_413' title='bbox 1216 2789 1328 2815; x_wconf 83' lang='lat' dir='ltr'>autem</span> <span class='ocrx_word' id='word_1_414' title='bbox 1346 2785 1394 2815; x_wconf 77' lang='lat' dir='ltr'>ita</span> <span class='ocrx_word' id='word_1_415' title='bbox 1410 2784 1551 2824; x_wconf 88' lang='lat' dir='ltr'>primum</span> <span class='ocrx_word' id='word_1_416' title='bbox 1571 2784 1606 2815; x_wconf 84' lang='lat' dir='ltr'>in</span> 
     </span>
     <span class='ocr_line' id='line_1_47' title="bbox 158 2823 1607 2866; baseline 0.003 -14"><span class='ocrx_word' id='word_1_417' title='bbox 158 2832 233 2852; x_wconf 85' lang='lat' dir='ltr'>eum</span> <span class='ocrx_word' id='word_1_418' title='bbox 248 2823 286 2853; x_wconf 85' lang='lat' dir='ltr'>de</span> <span class='ocrx_word' id='word_1_419' title='bbox 301 2824 589 2856; x_wconf 76' lang='lat' dir='ltr'>administratione</span> <span class='ocrx_word' id='word_1_420' title='bbox 604 2826 859 2866; x_wconf 48' lang='lat' dir='ltr'>proviueiaefin.</span> <span class='ocrx_word' id='word_1_421' title='bbox 901 2827 951 2858; x_wconf 84' lang='lat' dir='ltr'>ed.</span> <span class='ocrx_word' id='word_1_422' title='bbox 984 2827 1076 2857; x_wconf 83' lang='lat' dir='ltr'>Jens.</span> <span class='ocrx_word' id='word_1_423' title='bbox 1120 2827 1218 2858; x_wconf 85' lang='lat' dir='ltr'>Rom.</span> <span class='ocrx_word' id='word_1_424' title='bbox 1249 2827 1347 2857; x_wconf 83' lang='lat' dir='ltr'>habet</span> <span class='ocrx_word' id='word_1_425' title='bbox 1377 2830 1448 2856; x_wconf 82' lang='lat' dir='ltr'>aut.</span> <span class='ocrx_word' id='word_1_426' title='bbox 1478 2826 1512 2856; x_wconf 87' lang='lat' dir='ltr'>in</span> <span class='ocrx_word' id='word_1_427' title='bbox 1543 2836 1607 2866; x_wconf 82' lang='lat' dir='ltr'>qua</span> 
     </span>
     <span class='ocr_line' id='line_1_48' title="bbox 158 2865 1357 2909; baseline 0.003 -14"><span class='ocrx_word' id='word_1_428' title='bbox 158 2865 337 2905; x_wconf 76' lang='lat' dir='ltr'>telligitur.</span> <span class='ocrx_word' id='word_1_429' title='bbox 903 2876 952 2900; x_wconf 81' lang='lat' dir='ltr'>est</span> <span class='ocrx_word' id='word_1_430' title='bbox 967 2871 1068 2900; x_wconf 76' lang='lat' dir='ltr'>etiam</span> <span class='ocrx_word' id='word_1_431' title='bbox 1085 2876 1175 2905; x_wconf 77' lang='lat' dir='ltr'>ante,</span> <span class='ocrx_word' id='word_1_432' title='bbox 1191 2870 1357 2909; x_wconf 77' lang='lat' dir='ltr'>receperit.</span> 
     </span>
    </p>

    <p class='ocr_par' dir='ltr' id='par_1_7' title="bbox 203 2909 1606 2952">
     <span class='ocr_line' id='line_1_49' title="bbox 203 2909 1606 2952; baseline 0.004 -14"><span class='ocrx_word' id='word_1_433' title='bbox 203 2909 239 2943; x_wconf 82' lang='lat'>19</span> <span class='ocrx_word' id='word_1_434' title='bbox 265 2917 327 2938; x_wconf 83' lang='lat' dir='ltr'>non</span> <span class='ocrx_word' id='word_1_435' title='bbox 352 2909 420 2939; x_wconf 74' lang='lat' dir='ltr'>dieo</span> <span class='ocrx_word' id='word_1_436' title='bbox 435 2919 480 2949; x_wconf 84' lang='lat' dir='ltr'>eq.</span> <span class='ocrx_word' id='word_1_437' title='bbox 497 2910 576 2949; x_wconf 78' lang='lat' dir='ltr'>quid</span> <span class='ocrx_word' id='word_1_438' title='bbox 596 2910 715 2950; x_wconf 74' lang='lat' dir='ltr'>egerit]</span> <span class='ocrx_word' id='word_1_439' title='bbox 741 2911 861 2942; x_wconf 77' lang='lat' dir='ltr'>Sensus</span> <span class='ocrx_word' id='word_1_440' title='bbox 948 2915 982 2942; x_wconf 79' lang='lat'>21</span> <span class='ocrx_word' id='word_1_441' title='bbox 1011 2916 1196 2952; x_wconf 53' lang='lat' dir='ltr'>suspectare</span> <span class='ocrx_word' id='word_1_442' title='bbox 1209 2911 1312 2952; x_wconf 78' lang='lat' dir='ltr'>jussi]</span> <span class='ocrx_word' id='word_1_443' title='bbox 1339 2910 1420 2942; x_wconf 71' lang='lat' dir='ltr'>Hanc</span> <span class='ocrx_word' id='word_1_444' title='bbox 1442 2915 1492 2943; x_wconf 67' lang='lat' dir='ltr'>est</span> <span class='ocrx_word' id='word_1_445' title='bbox 1507 2911 1606 2944; x_wconf 71' lang='lat' dir='ltr'>lectio</span> 
     </span>
    </p>
   </div>
  </div>
 </body>
</html>
