1940 3231
701 113 910 153 LIBER
950 114 1040 152 VII.
1506 121 1583 157 629

133 235 172 261 a.
206 219 250 261 d.
283 235 323 262 v.
360 218 459 262 Kal.
492 219 644 276 Capua
672 219 795 260 dedi:
841 218 1049 273 pluraque
1082 225 1292 273 praeterea
1326 220 1369 260 in
1403 222 1582 264 eandem

132 274 359 333 epistolam
382 277 567 333 conjeci.
591 290 705 318 nunc
737 275 811 315 has
843 274 1192 331 exspectationes
1220 275 1429 318 habemus
1452 279 1581 322 duas:

134 349 279 386 unam,
300 335 406 391 quid
440 335 587 377 Caesar
617 342 791 374 acturus
823 331 893 383 sit,
915 346 1015 374 cum
1047 333 1278 388 acceperit,
1301 348 1365 385 ea,
1388 348 1486 388 quae
1519 351 1585 377 re-

3 393 9 416 ¹
131 391 308 434 ferenda
327 392 380 434 ad
411 392 531 433 illum
561 391 662 432 data
684 398 783 430 sunt
808 389 856 430 L.
882 388 1043 430 Caesari
1064 407 1075 441 ;
1106 389 1299 441 alteram,
1322 392 1423 446 quid
1453 391 1585 434 Pom-

4 418 9 510 δ
131 450 253 506 peius
275 460 404 507 agat:
436 448 509 504 qui
530 447 706 502 quidem
734 447 786 488 ad
819 461 887 488 me
911 448 1077 499 scribit,
1101 449 1247 504 paucis
1272 448 1423 489 diebus
1447 463 1491 489 se
1514 450 1585 491 fir-

110 521 249 559 ,mum
274 506 513 549 exercitum
535 505 813 557 habitururn3
847 519 1055 561 spemque
1077 504 1217 557 affert,
1241 506 1274 547 si
1299 506 1342 547 in
1373 506 1584 548 Picenum

131 579 283 621 agrum
307 565 398 621 ipse
419 563 600 614 venerit,
623 577 701 603 nos
725 562 911 604 Romam
937 563 1150 604 redituros
1174 578 1280 605 esse.
1344 563 1586 609 Labienum

129 636 273 664 secum
297 621 444 671 habet,
468 635 554 661 non
578 620 851 662 dubitantem
884 621 937 662 de
971 621 1268 664 imbecillitate
1302 621 1487 663 Caesaris
1510 637 1587 664 co-

127 680 321 736 piarum:
354 677 479 733 cujus
521 677 709 719 adventu
746 677 905 719 Cnaeus
949 686 1094 719 noster
1133 680 1272 721 multo
1315 679 1448 721 animi
1489 681 1584 737 plus

126 737 272 778 habet.
337 735 431 776 Nos
468 736 763 777 aconsulibus
797 734 993 792 Capuam
1027 736 1173 778 venire
1199 736 1312 792 jussi
1348 752 1494 779 sumus
1530 739 1586 780 ad.

125 793 278 836 Nonas
309 792 438 834 Febr.
464 793 617 849 Capua
649 793 870 850 profectus
900 808 992 834 sum
1030 793 1226 835 Formias
1249 810 1287 836 a.
1311 795 1354 836 d.
1380 809 1458 836 111.
1485 795 1584 838 Kal.

124 865 176 893 eo
199 851 268 892 die
290 865 391 892 cum
415 850 594 892 Calibus
618 860 712 892 tuas
736 850 899 892 litteras
922 851 1030 892 hora
1053 851 1142 893 fere
1164 867 1280 894 nona
1303 853 1583 909 accepissem,

121 908 199 950 has
232 908 379 950 statim
412 909 525 950 dedi.
591 908 657 950 De
687 907 892 950 Terentia
922 918 966 950 et
986 908 1130 951 Tullia
1154 910 1232 951 tibi
1258 911 1497 964 assentior3
1529 912 1583 953 ad

122 980 230 1023 quas
261 966 531 1022 scripseram,
556 967 610 1007 ad
646 976 686 1007 te
717 976 764 1008 ut
800 965 1037 1008 referrent:
1071 967 1106 1008 si
1141 969 1334 1009 nondum
1373 968 1582 1024 prosectae

123 1033 239 1076 sunt,
260 1023 370 1075 nihil
402 1034 467 1066 est
491 1024 607 1081 quod
644 1039 688 1065 se
723 1033 940 1076 moveant,
963 1024 1107 1080 quoad
1143 1026 1472 1082 perspiciamus,
1495 1041 1582 1083 quo

124 1080 209 1124 loci
233 1081 289 1123 sit
310 1096 391 1123 res.

563 1148 800 1191 CICERO
831 1148 1063 1191 ATTICO
1098 1149 1142 1192 S.
1598 1172 1644 1213 17

120 1206 275 1260 TUAE
300 1217 458 1260 litterae
481 1217 588 1259 mibi
612 1221 799 1274 42gratae
824 1217 1123 1274 jucundaeque
1155 1227 1270 1260 sunt.
1334 1218 1403 1261 De
1434 1221 1577 1277 pueris

124 1275 168 1317 in
201 1275 421 1317 Graeciam
454 1276 798 1332 transportandis
829 1286 919 1317 tum
952 1277 1218 1333 cogitabam,
1249 1292 1348 1319 cum
1382 1277 1489 1334 fuga
1520 1293 1576 1321 ex

125 1332 255 1375 Italia
275 1333 412 1389 quaeri
435 1334 677 1375 videbatur.
698 1336 739 1365 43
754 1348 832 1375 nos
864 1333 978 1375 enim
1013 1334 1274 1391 Hispaniam
1306 1345 1573 1391 peteremus:
1589 1356 1622 1386 p.
1641 1346 1712 1376 113.

122 1390 207 1433 illis
242 1391 326 1433 hoc
358 1406 481 1447 aeque
513 1392 791 1433 commodum
825 1406 912 1432 non
935 1401 1039 1433 erat.
1071 1401 1119 1433 tu
1149 1393 1241 1449 ipse
1261 1395 1415 1434 44cum
1440 1394 1620 1437 Sextoa·

123 1448 257 1491 etiam
278 1463 393 1490 nunc
416 1448 523 1490 mihi
548 1450 703 1491 videris
732 1449 884 1490 Romae
909 1459 1024 1491 recte
1042 1463 1133 1491 esse
1155 1466 1294 1507 posse.
1315 1451 1476 1494 etenim
1499 1454 1580 1494 mi-

120 1506 241 1548 nime
273 1507 402 1548 amici
441 1507 651 1564 Pompeio
675 1518 823 1548 nostro
846 1521 938 1548 esse
971 1507 1153 1550 debetis.
1186 1523 1314 1550 nemo
1338 1509 1454 1551 enim
1486 1526 1581 1552 um-

122 1578 254 1620 quam
296 1574 462 1605 tantum
499 1565 552 1606 de
588 1565 764 1606 urbanis
804 1565 1017 1621 praesidiis
1054 1565 1260 1607 detraxit.
1298 1566 1475 1609 videsne
1512 1583 1584 1610 me

123 1622 255 1663 etiam
271 1621 442 1677 jocari?
476 1622 700 1679 Scirejam
727 1632 769 1663 te
790 1631 978 1679 oportet,
1004 1623 1059 1677 L.
1076 1623 1224 1665 Caesar
1245 1639 1342 1680 quae
1377 1640 1583 1683 responsa

123 1679 281 1721 referat
300 1695 325 1721 a
349 1680 577 1736 Pompeio,
599 1696 705 1736 quas
737 1681 792 1721 ab
822 1681 974 1722 eodem
1005 1681 1058 1722 ad
1083 1681 1300 1723 Caesarem
1325 1681 1434 1724 ferat
1466 1684 1582 1726 litte-

122 1751 208 1779 raS.
229 1739 404 1794 scriptae
428 1739 543 1779 enim
567 1749 609 1779 et
632 1739 745 1780 datae
772 1738 832 1779 ita
854 1748 967 1790 sunt,
992 1748 1039 1779 ut
1059 1749 1403 1796 proponerentur
1435 1741 1477 1783 in
1502 1757 1582 1798 pu-

125 1795 267 1838 blico:
302 1796 344 1838 in
369 1811 455 1851 quo
479 1797 677 1838 accusavi
702 1810 874 1837 mecum
898 1797 989 1853 ipse
1017 1797 1291 1853 Pompeium,
1314 1798 1403 1853 qui,
1424 1802 1465 1830 45
1480 1815 1581 1841 cum

126 1853 314 1909 scriptor
337 1853 578 1895 luculentus
602 1864 728 1905 esset,
751 1864 893 1895 tantas
918 1869 996 1905 reS‚
1020 1864 1150 1910 atque
1181 1870 1267 1905 eas,
1289 1870 1387 1910 quae
1421 1857 1463 1898 in
1487 1872 1582 1898 om-

124 1910 245 1953 nium
272 1926 422 1953 manus
448 1924 639 1954 venturae
663 1922 820 1963 essent,
838 1912 991 1953 Sextio
1011 1922 1158 1954 nostro
1182 1913 1430 1954 scribendas
1452 1915 1582 1956 dede-

125 1968 195 2009 rit.
230 1969 375 2024 itaque
405 1969 510 2010 nihil
535 1985 739 2026 umquam
775 1969 859 2026 legi
894 1970 1101 2026 scriptum
1125 1972 1368 2026 σηςιωδὲςεςονε
1393 1973 1581 2029 perspici

127 2033 268 2067 tamen
293 2041 347 2067 ex
373 2027 525 2068 litteris
557 2028 750 2084 Pompeii
787 2037 944 2084 potest,
968 2028 1075 2068 nihil
1100 2027 1264 2069 Caesari
1290 2030 1454 2086 negari,
1486 2045 1581 2072 om-

123 2083 282 2140 niaque
305 2094 348 2125 et
370 2084 601 2136 cumulate,
623 2101 721 2141 quae
745 2085 948 2142 postulet,
971 2085 1078 2137 dari,
1101 2100 1198 2141 quae
1231 2084 1299 2126 ille
1338 2087 1581 2129 amentissi-

124 2156 222 2183 mus
255 2142 399 2193 fuerit‚
429 2142 509 2183 nisi
545 2143 776 2199 acceperit,
811 2144 1050 2200 praesertim
1079 2157 1178 2184 cum
1208 2143 1582 2200 impudentissime

121 2200 422 2256 postulaverit.
455 2201 550 2256 quis
585 2201 699 2242 enim
735 2211 780 2242 tu
815 2216 874 2252 es,
906 2202 978 2256 qui
1011 2201 1144 2252 dicas,
1179 2201 1213 2241 si
1244 2200 1287 2242 in
1319 2202 1584 2259 Hispaniam

122 2257 346 2314 profectus
379 2257 476 2309 erit,
509 2259 542 2299 si
576 2258 779 2314 praesidia
809 2258 1051 2300 dimiserit?
1084 2268 1226 2300 tamen
1262 2274 1347 2301 non
1381 2261 1584 2303 concedi-

122 2325 219 2368 tur3
254 2310 395 2357 minus
417 2315 599 2357 honeste
622 2331 736 2358 nunc
759 2316 950 2372 quidem,
972 2316 1132 2358 violata
1155 2316 1250 2372 jam
1282 2319 1337 2359 ab
1361 2318 1433 2359 illo
1456 2334 1584 2375 repu-

121 2373 252 2424 blica,
275 2373 480 2429 illatoque
502 2374 630 2426 bello,
653 2389 783 2430 quam
814 2374 847 2415 si
871 2373 974 2415 olim
997 2375 1050 2416 de
1081 2375 1249 2415 ratione
1280 2375 1481 2418 habenda
1503 2378 1584 2418 im-

121 2441 358 2487 petrasset:
392 2441 438 2473 et
461 2440 606 2473 tamen
630 2447 795 2485 vereor,
817 2441 866 2473 ut
889 2431 956 2473 his
988 2432 1092 2489 ipsis
1115 2442 1346 2474 contentus
1380 2434 1449 2475 sit.
1481 2449 1583 2476 nam

163 2563 206 2594 42
219 2572 275 2601 gr.
289 2561 513 2604 jucundaeque
527 2563 618 2603 sunt]
644 2563 734 2594 Alias
749 2562 830 2594 dicit
916 2565 959 2594 44
973 2573 1048 2593 cum
1065 2561 1178 2602 Sexto]
1195 2573 1225 2595 ν.
1243 2562 1283 2594 ad
1299 2575 1350 2605 ep.
1372 2568 1419 2597 14.

111 2602 272 2644 fuerunt.
297 2615 375 2637 nam
400 2605 455 2637 hic
477 2616 546 2637 non
562 2606 601 2637 de
626 2606 731 2637 literis
756 2606 832 2636 uni-
917 2608 958 2637 45
995 2615 1071 2636 eum
1106 2607 1245 2646 scriptor
1273 2609 1458 2639 luculentus
1486 2608 1579 2649 esset]

121 2656 213 2678 verse
236 2647 396 2688 loquitur,
424 2649 480 2681 sed
501 2650 554 2687 iis,
580 2659 660 2689 quas
683 2649 832 2691 proxime
875 2648 1025 2679 Pertinet
1040 2649 1215 2680 manifeste
1238 2650 1279 2681 ad
1293 2650 1500 2691 Pompeiu‘m.
1520 2653 1582 2682 int.

124 2696 308 2730 acceperat.
875 2692 954 2731 ipse,
971 2691 1059 2730 quod
1073 2691 1203 2722 videtur
1218 2694 1378 2730 omisisse,
1392 2695 1469 2733 quia
1484 2694 1582 2724 modo

164 2733 206 2762 43
220 2742 277 2762 nos
298 2734 385 2764 enim
402 2734 498 2776 Htep.
514 2733 714 2774 peteremus]
739 2744 785 2766 sc.
801 2734 828 2764 si
872 2734 1056 2774 praecessit:
1082 2733 1146 2764 nisi
1166 2744 1244 2766 vero
1263 2737 1504 2777 transpositum
1520 2742 1583 2766 est.

122 2783 164 2804 ex
185 2773 284 2805 Italia
296 2775 483 2809 abeundum
499 2781 596 2808 esset.
642 2777 831 2817 Malaspina
873 2786 951 2807 nam
975 2776 1018 2806 ibi
1035 2785 1164 2807 mecum
1185 2782 1234 2808 est
1258 2779 1345 2818 apud
1360 2788 1434 2816 me3
1459 2787 1526 2808 non
1543 2785 1580 2808 ut

123 2816 332 2856 intelligebat
347 2819 385 2850 si.
431 2820 470 2850 ln
495 2819 693 2860 Hispaniam
715 2824 828 2851 autem
872 2819 966 2856 aliam,
982 2819 1033 2849 uti
1049 2829 1112 2850 me.
1137 2828 1214 2850 nam
1237 2821 1365 2851 nullum
1382 2820 1435 2850 hic
1452 2820 1583 2851 Cicero-

120 2858 170 2888 ire
193 2860 398 2898 cogitabant,
421 2862 509 2902 quod
530 2863 574 2895 ibi
595 2868 682 2894 esset
705 2862 829 2894 exerci·
874 2862 925 2893 nis
961 2866 1137 2902 peccatum
1173 2867 1221 2894 est
1256 2863 1475 2903 conjunctum
1506 2873 1583 2896 cum

121 2904 178 2932 tus
193 2901 425 2944 Pompeianus.
875 2904 1025 2946 Pompeii
1041 2907 1194 2947 peccato.

797 2952 907 2989 ssss
