1940 3231
251 136 330 176 572
667 123 850 169 EPIST.
877 130 957 168 AD
982 131 1270 175 ATTICUM,

249 235 430 291 injurias
467 233 707 277 revellimus
742 235 995 291 superiores.
1037 235 1151 291 quod
1185 235 1299 276 idem
1338 234 1434 276 dein
1474 233 1678 291 Apameae

249 294 441 350 quinque
462 292 551 334 dies
572 292 743 344 morati,
764 303 808 333 et
829 292 1042 348 Synnadis
1074 293 1280 344 triduum,
1305 291 1531 333 Philomeli
1555 293 1681 348 quin-

249 365 334 407 que
374 350 479 401 dies,
521 349 660 390 Iconii
701 350 865 400 decem,
907 349 1102 391 fecimus.
1145 350 1253 391 nihil
1293 364 1343 390 ea
1377 349 1682 404 jurisdictione

250 408 520 464 aequabilius,
547 406 655 448 nihil
681 406 833 457 lenius,
855 406 963 447 nihil
993 407 1180 462 gravius.
1211 406 1310 448 inde
1340 406 1384 447 in
1415 416 1555 447 castra
1583 407 1682 448 veni

248 481 288 507 a.
310 466 353 507 d.
378 479 449 506 v11
485 463 579 504 Kal.
616 463 838 518 Septemb.
861 478 899 504 a.
930 464 973 504 d.
997 478 1056 505 111
1090 464 1329 505 exercitum
1359 463 1535 505 lustravi
1566 463 1682 519 apud

247 522 463 564 Iconium.
494 535 548 561 ex
583 519 649 560 his
679 521 844 570 castris,
877 534 977 561 cum
1008 535 1159 576 graves
1188 521 1241 562 de
1273 520 1446 561 Parthis
1479 521 1521 557 26
1538 521 1681 562 nuntii

245 580 477 628 venissent,
499 577 669 633 perrexi
691 576 735 617 in
753 576 951 618 Ciliciam
975 592 1049 632 per
1069 577 1360 634 Cappadociae
1382 587 1548 634 partem
1570 591 1682 629 eam,

244 652 343 692 quae
367 635 566 677 Ciliciam
587 634 780 690 attingit,
802 649 853 675 eo
876 634 1072 686 consilio,
1092 645 1140 675 ut
1161 634 1390 676 Armenius
1406 634 1683 686 Artavasdes,

244 704 288 735 et
318 692 401 749 ipsi
434 691 584 732 Parthi
619 691 899 747 Cappadocia
935 707 978 733 se
1009 692 1180 733 excludi
1213 701 1427 747 putarent.
1458 707 1555 733 cum
1590 692 1682 733 dies

243 751 436 806 quinque
475 752 514 782 27
535 749 586 790 ad
625 748 831 804 Cybistra
869 748 1201 805 [Cappadociae]
1244 759 1382 790 castra
1420 749 1682 800 habuissem,

242 808 401 849 certior
420 821 511 847 sum
536 806 691 856 facum,
715 805 900 846 Parthos
921 807 975 846 ab
999 805 1069 846 illo
1093 807 1211 846 aditu
1237 805 1528 861 Cappadociae
1550 806 1680 861 longe

241 866 416 915 abesse3
449 862 616 904 Ciliciae
648 864 785 919 magis
817 863 1055 903 imminere.
1086 863 1231 918 itaque
1261 862 1489 904 confestim
1522 864 1601 904 iter
1633 864 1678 904 in

243 922 441 964 Ciliciam
467 920 548 961 feci
575 933 650 976 per
670 919 799 960 Tauri
830 920 963 976 pylas.
1022 919 1200 960 Tarsum
1226 920 1323 960 veni
1345 935 1383 960 a.
1406 920 1447 960 d.
1473 935 1533 961 111
1560 920 1678 961 Non.

243 979 407 1021 Octob.
431 978 531 1019 inde
561 978 611 1018 ad
637 976 852 1018 Amanum
875 977 1094 1027 contendi,
1116 977 1189 1032 qui
1221 977 1390 1032 Syriam
1419 978 1458 1007 23
1475 993 1499 1017 a
1523 976 1679 1018 Cilicia

241 1037 330 1078 ima
367 1050 573 1091 aquarum
605 1035 793 1076 divortio
824 1035 1007 1086 dividit3
1049 1035 1122 1089 qui
1155 1049 1277 1075 mons
1309 1042 1400 1074 erat
1430 1035 1470 1067 99
1488 1034 1678 1076 hostium

241 1095 392 1151 plenus
425 1093 799 1149 sempiternorum.
831 1092 901 1133 hic
929 1107 967 1133 a.
989 1093 1031 1132 d.
1057 1106 1116 1132 111
1152 1091 1254 1132 Idus
1279 1091 1439 1132 Octob.
1470 1105 1679 1146 magnum

241 1166 468 1193 numerum
510 1151 698 1191 hostium
742 1150 995 1191 occidimus.
1042 1149 1215 1190 castella
1261 1148 1563 1199 munitissima,
1600 1163 1678 1189 no-

240 1219 396 1251 cturno
418 1208 606 1249 Pomtini
630 1207 831 1257 adventu,
851 1217 997 1247 nostro
1017 1206 1245 1257 matutino,
1264 1206 1471 1261 cepimuS,
1485 1206 1678 1249 incendi-

240 1282 351 1308 mus.
384 1268 662 1321 imperatores
696 1265 898 1320 appellati
929 1279 1090 1304 sumus.
1123 1273 1263 1304 castra
1294 1278 1453 1319 paucos
1483 1263 1572 1303 dies
1603 1262 1678 1303 ha-

237 1324 428 1375 buimus,
450 1337 501 1363 ea
531 1323 637 1378 ipsa,
660 1336 756 1377 quac
786 1331 937 1362 contra
961 1321 1139 1363 Darium
1169 1321 1378 1361 habuerat
1400 1320 1513 1375 apud
1538 1319 1678 1360 Issum

237 1380 500 1430 Alexander,
523 1380 755 1435 imperator
781 1379 893 1420 haud
918 1379 1046 1435 paulo
1078 1379 1243 1429 melior,
1263 1392 1391 1433 quam
1423 1387 1497 1418 aut
1519 1388 1580 1428 tu,
1603 1386 1678 1419 aut

238 1454 338 1495 ego.
371 1440 430 1480 ibi
461 1437 550 1478 dies
585 1437 775 1492 quinque
810 1437 980 1488 morati,
1009 1436 1178 1491 direpto
1210 1446 1253 1476 et
1292 1443 1457 1476 vastato
1489 1433 1678 1486 Amano,
1732 1485 1735 1489 Ι

237 1497 339 1538 inde
357 1495 645 1538 discessimus.
677 1496 759 1535 scis
781 1494 896 1535 enim
918 1494 1004 1535 dici
1026 1494 1223 1548 quaedam
1242 1498 1381 1539 πανικοὶ,
1401 1491 1483 1532 dici
1509 1492 1612 1532 item
1629 1495 1679 1533 ταὶ

238 1558 313 1594 κενὰ
331 1558 374 1595 τέ
391 1556 532 1606 magua.
564 1565 734 1593 rumore
764 1552 973 1592 adventus
996 1551 1146 1600 nostri,
1168 1559 1210 1591 et
1235 1549 1401 1599 Cassio,
1422 1549 1495 1604 qui
1518 1548 1676 1590 Antio-

237 1610 338 1651 chia
366 1611 606 1661 tenebatur,
629 1609 796 1650 animus
829 1608 1024 1656 accessit,
1052 1617 1096 1648 et
1127 1607 1298 1648 Parthis
1329 1607 1458 1647 timor
1489 1606 1675 1661 injectus

236 1676 316 1708 est.
348 1667 493 1723 itaque
514 1681 603 1717 eos,
624 1666 824 1708 cedentes
846 1666 901 1706 ab
923 1665 1100 1722 oppido,
1124 1665 1297 1706 Cassius
1328 1664 1561 1714 insecutus,
1583 1678 1672 1704 rem

236 1725 347 1766 bene
380 1725 527 1781 gessit.
559 1739 644 1780 qua
676 1724 721 1765 in
751 1723 870 1780 fuga,
892 1738 1051 1779 magna
1079 1723 1336 1764 auctoritate
1372 1721 1549 1771 Osaces,
1585 1721 1675 1762 dux

237 1781 515 1833 Parthorum,
536 1781 689 1822 vulnus
720 1781 904 1837 accepit,
926 1794 1063 1836 eoque
1093 1781 1257 1820 interiit
1289 1779 1434 1834 paucis
1465 1789 1563 1835 post
1584 1778 1674 1819 die-

235 1840 331 1881 bus.
364 1849 454 1881 erat
475 1840 519 1880 in
543 1838 668 1894 Syria
688 1848 881 1879 nostrum
906 1852 1060 1879 nomen
1085 1838 1129 1878 in
1151 1837 1302 1893 gratia.
1347 1836 1478 1876 Venit
1502 1836 1674 1876 interim

235 1896 435 1938 Bibulus.
466 1896 594 1938 credo
628 1895 763 1936 voluit
793 1898 834 1926 30
850 1895 1140 1952 appellatione
1171 1895 1251 1936 hac
1282 1894 1399 1935 inani
1430 1893 1556 1934 nobis
1584 1905 1676 1933 esse

233 1970 326 2010 par.
359 1955 402 1996 in
435 1954 586 1995 eodem
618 1952 790 1994 Amano
818 1953 958 2009 coepit
984 1952 1213 1993 laureolam
1238 1952 1281 1992 in
1310 1959 1530 1992 mustaceo
1553 1964 1673 2005 quae-

230 2025 339 2053 rere.
371 2020 416 2053 at
435 2012 504 2052 ille
525 2011 750 2053 cohortem
769 2011 952 2066 primam
976 2018 1112 2051 totam
1132 2009 1333 2065 perdidit,
1356 2007 1675 2049 centurionem-

232 2084 318 2125 que
345 2068 566 2125 primipili,
590 2067 778 2109 nobilem
812 2068 876 2108 sui
907 2068 1090 2123 generis,
1111 2067 1312 2108 Asinium
1345 2065 1608 2114 Dentonem,
1630 2071 1675 2105 et

231 2127 421 2182 reliquos
443 2126 635 2168 cohortis
666 2124 875 2181 ejusdem,
897 2137 940 2165 et
967 2125 1069 2166 Sex.
1095 2123 1324 2175 Lucilium,
1345 2122 1399 2164 T.
1420 2122 1550 2164 Gavii
1574 2121 1673 2163 Cae-

230 2184 392 2240 pionis,
410 2183 637 2241 locupletis
659 2192 703 2224 et
724 2182 936 2239 splendidi
957 2182 1161 2233 hominis,
1180 2182 1331 2232 filium,
1350 2180 1571 2222 tribunum
1591 2178 1672 2219 mi-

230 2241 373 2284 litum.
405 2256 506 2283 sane
535 2241 707 2298 plagam
737 2241 932 2282 odiosam
964 2248 1190 2296 acceperat
1221 2253 1319 2281 cum
1353 2252 1412 2289 re,
1439 2246 1532 2278 tum
1562 2245 1673 2277 tem-

230 2314 352 2356 pore.
412 2299 506 2340 Nos
557 2297 876 2349 Pindenissum,
921 2297 1036 2352 quod
1083 2296 1292 2353 oppidum
1334 2293 1672 2336 munitissimum

235 2355 643 2399 Eleutherocilicum
671 2357 866 2397 omnium
896 2354 1105 2395 memoria
1126 2354 1169 2394 in
1201 2352 1329 2394 armis
1354 2352 1451 2403 fuit,
1472 2351 1571 2405 (feri
1595 2350 1672 2391 ho-

232 2414 370 2455 mines
391 2424 435 2455 et
456 2428 589 2464 acres,
611 2421 655 2455 et
675 2413 878 2454 omnibus
909 2412 1034 2453 rebus
1065 2411 1117 2452 ad
1148 2409 1465 2452 defendendum
1499 2407 1671 2464 parati,)

233 2471 450 2513 cinximus
473 2471 584 2513 vallo
605 2480 650 2513 et
671 2470 806 2513 fossa:
839 2484 998 2526 aggere
1019 2469 1227 2519 maximo,
1250 2467 1400 2518 vineis,
1422 2475 1535 2507 turre
1555 2464 1672 2505 altis-

276 2626 317 2657 26
338 2627 452 2657 nuncii
480 2627 641 2667 venirent]
689 2626 797 2657 Immo
826 2626 931 2656 venis·
974 2626 1038 2657 Ms.
1055 2633 1114 2655 suo
1130 2624 1262 2665 reperit.
1308 2622 1456 2654 Graevius
1469 2621 1606 2660 corrigit
1621 2623 1671 2652 ul-

233 2673 315 2700 sent.
973 2670 1056 2699 tima
1067 2681 1076 2696 :
1099 2666 1156 2698 sed
1171 2667 1203 2698 id
1217 2666 1391 2702 redundat,
1407 2668 1446 2694 ut
1461 2663 1587 2704 opinor.
1612 2673 1672 2704 pu-

275 2714 315 2745 27
339 2711 386 2741 ad
407 2711 556 2750 Cybistra
575 2711 797 2750 Cuppatlocz'oe]
849 2710 931 2751 Cap-
972 2715 1010 2740 to
1023 2709 1212 2740 delendum.

226 2754 374 2796 padocioe
388 2752 564 2784 delendum
581 2758 675 2793 puto.
1015 2755 1056 2786 29
1092 2753 1232 2782 hostium
1267 2747 1554 2789 sempitervwrum]
1593 2747 1672 2779 Par-

274 2799 314 2828 28
337 2805 359 2826 a
386 2795 500 2827 Cilicia
523 2796 607 2835 ima]
653 2796 721 2825 ima
751 2795 842 2825 abest
876 2794 927 2825 ed.
970 2794 1121 2830 thorum,
1138 2803 1218 2833 quos
1232 2797 1266 2824 et
1281 2792 1359 2823 alibi
1375 2791 1421 2821 sic
1435 2790 1592 2831 appellat.

230 2838 323 2870 JenS.
346 2842 381 2869 et
392 2839 465 2870 aliis
479 2838 570 2869 libris
581 2837 651 2868 edd.
667 2842 700 2868 et
715 2846 776 2867 scr.
813 2837 853 2867 In
869 2837 921 2867 ed.
1013 2839 1055 2867 30
1076 2836 1292 2877 appellatione
1307 2835 1369 2865 hac
1382 2833 1492 2874 inani]
1520 2833 1669 2874 Impera-

231 2879 329 2913 Rom.
345 2884 396 2912 est
419 2882 466 2913 in.
493 2882 564 2913 ima
577 2886 628 2912 est
647 2890 669 2911 a
690 2879 802 2917 Bosi0,
818 2880 873 2918 qui
891 2880 927 2910 in
969 2879 1064 2910 toris.
