1940 3231
320 146 394 182 498
739 141 916 180 EPIST.
945 141 1020 179 AD
1045 138 1324 187 ATTICUM,

319 245 536 287 deciderat
558 259 610 287 ex
634 245 773 297 astris,
794 245 952 301 lapsus,
975 260 1103 301 quam
1127 259 1391 303 progressus,
1414 244 1557 303 potius
1575 245 1750 287 videba-

323 313 415 344 tur:
446 312 504 354 et,
528 311 574 343 ut
596 302 781 360 Apelles,
800 304 837 343 si
864 303 1087 354 Venerem,
1110 312 1182 344 aut
1205 305 1238 344 si
1266 303 1530 360 Protogenes
1551 302 1750 358 Jalysum

323 359 438 401 illum
464 368 587 401 suum
607 373 730 402 caeno
752 360 934 401 oblitum
959 360 1137 411 videret,
1159 374 1379 417 magnum,
1410 360 1553 409 credo,
1583 360 1754 415 accipe·-

323 427 386 458 ret
405 417 622 459 dolorem:
655 418 715 458 sic
736 431 818 472 ego
851 417 979 466 hunc,
1011 418 1213 458 omnibus
1242 433 1267 458 a
1296 432 1362 458 me
1393 418 1554 473 pictum
1578 427 1621 458 et
1644 415 1754 472 poli-

323 484 412 515 tum
446 475 548 515 artis
587 474 817 524 coloribus,
851 474 995 514 subito
1027 473 1330 526 deformatum,
1353 489 1437 516 non
1470 475 1561 515 sine
1593 486 1754 528 magno

319 531 464 572 dolore
490 531 589 572 vidi.
621 544 881 585 quamquam
913 544 1038 571 nemo
1072 531 1264 586 putabat,
1295 542 1471 587 propter
1493 530 1755 572 Clodianum

318 589 559 644 negotium,
592 601 660 628 me
690 586 748 627 illi
777 588 963 627 amicum
994 600 1084 628 esse
1116 587 1297 629 debere:
1331 597 1473 629 tamen
1505 597 1650 628 tantus
1671 586 1757 628 fuit

319 659 453 696 amor,
485 654 531 685 ut
561 644 776 684 exhauriri
803 644 917 685 nulla
940 652 1082 699 posset
1104 645 1275 700 injuria.
1308 645 1452 700 itaque
1474 643 1757 686 Archilochia

321 703 363 743 in
389 701 503 742 illum
528 701 670 742 edicta
699 700 846 742 Bibuli
873 701 1034 756 populo
1062 701 1123 742 ita
1151 712 1250 742 sunt
1272 702 1482 757 jucunda,
1504 710 1552 742 ut
1573 716 1670 743 eum
1693 700 1757 742 lo-

321 773 435 809 cum,
459 759 530 799 ubi
556 767 871 814 proponuntur,
893 772 980 813 prae
1005 758 1280 799 multitudine
1300 773 1464 810 eorum,
1493 758 1567 813 qui
1589 758 1756 814 legunt,

324 816 501 856 transire
525 824 763 870 nequeant3
796 814 878 870 ipsi
899 813 960 854 ita
982 815 1149 865 acerba,
1166 825 1213 856 ut
1236 817 1429 858 tabescat
1446 815 1616 867 dolore3
1646 815 1755 856 mihi

322 872 565 914 mehercule
597 871 792 922 molesta,
824 870 940 925 quod
972 881 1015 911 et
1043 885 1157 922 eum,
1183 887 1310 927 quem
1334 886 1500 928 semper
1521 872 1670 923 dilexi,
1690 873 1759 913 ni·-

324 930 405 971 mis
437 928 705 980 excruciant,
736 938 780 969 et
814 928 961 978 timeo,
993 936 1080 968 tam
1098 928 1333 969 ‘vehemens
1356 930 1433 980 vir,
1456 937 1632 984 tamque
1662 943 1760 970 acer

280 998 312 1028 b.
327 987 367 1027 in
391 986 519 1037 ferro,
541 995 584 1027 et
605 995 694 1027 tam
714 985 905 1026 insuetus
923 985 1212 1035 contumeliae,
1235 999 1288 1025 ne
1306 987 1423 1026 omni
1441 986 1572 1027 animi
1591 986 1758 1042 impetu

324 1044 460 1085 dolori
492 1053 535 1084 et
566 1043 799 1084 iracundiae
832 1050 992 1098 pareat.
1054 1042 1201 1083 Bibuli
1233 1043 1306 1098 qui
1330 1042 1386 1082 sit
1406 1043 1549 1084 exitus
1572 1041 1758 1096 fatuum,

323 1102 484 1143 nescio.
516 1109 564 1141 ut
602 1114 716 1141 nunc
757 1114 819 1140 res
851 1114 895 1140 se
925 1099 1070 1150 habet,
1102 1099 1342 1140 admirabili
1374 1099 1513 1156 gloria
1540 1108 1620 1141 est.
1650 1101 1757 1156 quin

323 1173 424 1200 cum
445 1156 623 1199 comitia
646 1157 688 1197 in
723 1170 911 1198 mensem
935 1155 1117 1198 Octobr.
1149 1157 1409 1207 distulisset3
1440 1157 1556 1211 quod
1579 1157 1688 1198 solet
1707 1171 1759 1200 ea

323 1230 389 1256 res
424 1214 572 1272 populi
606 1214 870 1255 voluntatem
905 1213 1136 1263 offendere,
1169 1224 1338 1268 putarat
1371 1213 1534 1264 Caesar,
1564 1215 1760 1256 oratione

324 1288 401 1313 sua
430 1286 554 1327 posse
584 1271 743 1326 impelli
767 1271 1035 1322 concionem,
1059 1273 1097 1301 53
1115 1280 1159 1311 ut
1182 1272 1262 1311 iret
1284 1271 1335 1311 ad
1362 1270 1593 1323 Bibulum3
1624 1271 1762 1314 multa

323 1345 424 1371 eum
465 1328 786 1370 seditiosissime
819 1328 994 1378 diceret,
1027 1342 1177 1368 vocem
1209 1328 1452 1383 exprimere
1482 1342 1568 1369 non
1600 1329 1761 1385 potuit.

326 1386 444 1434 Quid
466 1387 651 1442 quaeris?
682 1385 888 1435 sentiunt,
919 1399 962 1425 se
992 1384 1149 1426 nullam
1179 1385 1304 1425 ullius
1335 1385 1466 1440 partis
1492 1385 1759 1428 voluntatem

324 1454 494 1485 tenere:
526 1458 577 1483 eo
599 1443 737 1498 magis
759 1442 823 1483 vis
846 1442 971 1483 nobis
1004 1451 1069 1482 est
1092 1442 1296 1482 timenda.
1358 1441 1537 1483 Clodius
1561 1442 1762 1494 inimicus

325 1512 389 1541 est
418 1500 558 1541 nobis.
620 1499 856 1555 Pompeius
889 1498 1131 1550 confirmat,
1164 1513 1261 1540 eum
1296 1498 1402 1539 nihil
1433 1513 1524 1540 esse
1547 1498 1763 1543 facturum

324 1566 476 1599 contra
507 1571 587 1597 me.
618 1556 725 1597 mihi
760 1555 1046 1612 periculosum
1076 1565 1143 1596 est
1172 1557 1368 1597 credere:
1401 1556 1455 1597 ad
1477 1557 1762 1600 resistendum

324 1629 393 1656 me
417 1629 534 1670 ραι-ο.
566 1613 708 1654 studia
728 1627 852 1670 spero
879 1627 949 1654 me
971 1627 1138 1654 summa
1158 1613 1408 1655 habiturum
1431 1613 1625 1654 omnium
1648 1615 1764 1656 ordi-

325 1686 445 1713 num.
479 1680 520 1712 te
541 1685 640 1712 cum
671 1681 764 1725 ego>
782 1670 993 1721 desidero,
1015 1672 1056 1702 54
1070 1681 1162 1711 tum
1185 1684 1284 1711 vero
1307 1684 1371 1711 res
1393 1684 1443 1711 ac
1466 1679 1639 1726 tempus·
1657 1671 1762 1714 illud

327 1738 468 1770 vocat.
503 1727 734 1784 plurimum
764 1727 949 1778 consilii,
978 1727 1126 1778 animi,
1159 1727 1346 1783 praesidii
1377 1727 1563 1782 denique
1586 1728 1706 1780 mihi,
1729 1729 1764 1770 si

325 1794 368 1826 te
409 1787 463 1826 ad
503 1796 671 1841 tempus
707 1784 869 1834 videro,
911 1784 1152 1825 accesserit.
1213 1784 1349 1825 Varro
1386 1784 1493 1824 mihi
1536 1784 1768 1828 satisfacit.

326 1842 562 1898 Pompeius
585 1841 776 1896 loquitur
797 1841 1020 1883 divinitus.
1053 1855 1177 1897 spero
1201 1856 1278 1882 nos
1301 1850 1375 1882 aut
1396 1851 1512 1882 certe
1528 1847 1630 1883 cu'm
1648 1857 1764 1884 sum-

323 1913 396 1940 ma
426 1899 578 1955 gloria,
610 1908 683 1939 aut
713 1899 804 1939 sine
835 1898 1032 1939 molestia
1061 1898 1191 1938 etiam
1218 1899 1493 1939 discessuros.
1553 1897 1635 1950 Tu,
1656 1900 1763 1954 quid

325 1971 443 2013 agas,
465 1955 828 2011 quemadmodum
851 1963 894 1995 te
910 1955 1115 2007 oblectes,
1134 1955 1238 2010 quid
1255 1969 1355 1996 cum
1375 1954 1591 2011 Sicyoniis
1610 1957 1764 2014 egeriS,

327 2023 376 2055 ut
398 2014 545 2066 sciam,
567 2028 685 2054 cura.

260 2096 315 2132 ,ῃ
763 2083 1000 2127 CICERO
1028 2082 1258 2126 ATTICO
1290 2084 1335 2126 s,

333 2142 530 2205 QUAM
551 2152 698 2194 vellem
723 2151 903 2194 Romae!
928 2152 1152 2193 mansisses
1176 2151 1384 2207 profecto,
1407 2151 1441 2194 si
1463 2151 1559 2194 haec
1577 2151 1670 2194 fore
1687 2169 1766 2211 pu-

333 2220 554 2252 tassemus.
597 2223 697 2250 nam
733 2208 1002 2251 Pulchellum
1038 2219 1231 2250 nostrum
1263 2209 1467 2251 facillime
1498 2219 1766 2255 teneremus:

332 2278 407 2309 aut
428 2277 557 2319 certe,
579 2267 684 2322 quid
705 2276 816 2307 esset
847 2265 1052 2318 facturus,
1076 2267 1183 2308 scire
1214 2281 1451 2323 possemus.
1482 2280 1598 2308 nunc
1626 2282 1670 2308 se
1700 2283 1766 2311 res

332 2326 394 2367 sic
415 2325 568 2376 habet3
591 2323 758 2374 volitat,
784 2323 899 2375 furit,
922 2323 1030 2364 nihil
1053 2323 1182 2364 habet
1198 2324 1328 2376 certi3
1349 2324 1496 2365 multis
1513 2324 1767 2379 denuntiat;

331 2383 447 2437 quod
472 2381 557 2422 fors
587 2380 807 2431 obtulerit,
843 2379 884 2422 id
915 2391 1087 2422 acturus
1109 2379 1292 2422 videtur.
1324 2396 1423 2422 cum
1446 2380 1578 2432 videt,
1605 2396 1692 2437 quo
1714 2383 1770 2424 sit

330 2439 376 2480 in
399 2440 498 2480 odio
518 2447 658 2484 status
681 2437 754 2479 hic
775 2451 932 2489 rerum,
953 2438 993 2478 in
1018 2451 1105 2487 θος,
1129 2438 1202 2491 qui
1223 2437 1317 2479 haec
1336 2450 1532 2494 egerunt,
1556 2439 1767 2495 impetum

330 2495 522 2537 facturus
546 2496 729 2536 videtur.
761 2509 861 2536 cum
884 2504 1029 2536 autem
1063 2508 1205 2535 rursus
1233 2509 1336 2550 opes
1369 2504 1414 2535 et
1436 2495 1522 2535 vim
1549 2497 1768 2538 exercitus

329 2553 591 2604 recordatur,
615 2552 831 2594 convertit
849 2566 892 2593 se
914 2552 959 2593 in
981 2566 1075 2593 nos.
1105 2551 1230 2592 nobis
1251 2560 1395 2593 autem
1419 2552 1522 2608 ipsis
1541 2567 1640 2594 cum
1664 2554 1767 2607 vim,

372 2685 413 2714 53
441 2686 479 2713 uc
505 2683 569 2712 iret
597 2681 643 2712 ad
671 2680 847 2721 Bibulum]
887 2680 1027 2713 Ursinus
1114 2682 1154 2712 54
1176 2684 1248 2711 tum
1261 2690 1337 2711 vero
1349 2690 1401 2711 res
1415 2681 1460 2712 ad
1472 2684 1597 2720 tempus
1611 2682 1699 2712 illud
1717 2692 1770 2714 vo-

328 2725 469 2766 conjecit
485 2725 520 2755 in
535 2724 708 2755 Bibulum.
731 2723 801 2753 scil.
818 2724 977 2764 impetum
994 2724 1028 2754 in
1071 2723 1140 2762 cat]
1178 2722 1257 2753 Non
1284 2722 1448 2763 intelligo,
1473 2723 1550 2762 quid
1577 2725 1620 2753 sit
1647 2734 1698 2755 res
1726 2725 1774 2757 ad

328 2778 404 2799 eum
429 2768 564 2804 faceret,
583 2766 727 2796 clamore
743 2767 802 2795 &c.
818 2766 971 2806 speciose.
994 2770 1029 2797 et
1071 2769 1197 2804 tempus
1206 2769 1307 2795 vocat.
1331 2765 1433 2796 immo
1445 2765 1651 2796 scribendum
1666 2775 1719 2798 res
1730 2777 1771 2798 ac

329 2812 374 2841 sic
389 2811 458 2851 ipse
472 2809 609 2847 conjeci.
639 2807 702 2837 Sed
717 2806 764 2837 ὶιιῐ
776 2807 939 2839 Bibulum
955 2813 1028 2848 pot·
1071 2811 1198 2847 tempus
1218 2808 1241 2837 i.
1263 2816 1294 2836 v.
1316 2807 1402 2837 infra
1423 2817 1474 2848 ep.
1498 2809 1549 2838 25.
1572 2813 1656 2839 extr.
1672 2819 1725 2839 res
1739 2814 1771 2840 et

329 2858 378 2882 est
392 2852 494 2883 etiam
508 2851 609 2890 accipi
623 2850 670 2880 ad
683 2850 762 2879 oedes
776 2850 891 2880 Bibuli
903 2850 1028 2881 tumul·
1071 2854 1210 2888 tempus,
1225 2849 1258 2879 in
1274 2848 1386 2879 eadem
1401 2850 1579 2881 sententia.
1601 2859 1662 2882 nec
1676 2850 1770 2885 dubi-

327 2894 446 2926 ‘mandi
460 2902 575 2925 eausa:
600 2895 639 2923 ut
651 2893 777 2933 aceepit
792 2891 976 2924 Manutius.
1071 2893 1139 2924 tavi
1154 2892 1200 2922 uic
1214 2891 1388 2931 corrigere.
