1940 3231
725 145 933 188 LIBER
965 145 1078 184 XIV.
1548 147 1622 184 118

619 250 854 295 CICERO
884 247 1114 291 ATTICO
1144 248 1191 290 S.
1641 258 1660 292 ι

188 309 490 377 DEVERTI
516 331 596 374 ¹ad
616 327 750 382 illum,
764 329 817 371 de
835 344 921 386 quo
945 337 1087 372 tecum
1107 341 1247 369 mane.
1270 325 1379 369 nihil
1394 326 1624 384 perditius:

187 392 396 448 explicari
419 405 506 432 rem
529 403 615 431 non
638 402 777 443 posse.
801 389 960 429 etenim
985 386 1051 427 2si
1077 385 1145 427 ille
1169 386 1242 427 tali
1264 385 1440 442 ingenio
1459 385 1628 427 exitum

188 464 275 490 non
310 449 563 505 reperiebat,
585 446 680 500 quis
714 459 828 486 nunc
857 444 1067 501 reperiet?
1098 443 1201 499 quid
1234 443 1420 499 quaeris?
1452 443 1629 498 periisse

189 506 338 548 omnia
357 506 523 555 aiebat3
555 503 671 558 quod
704 502 818 545 haud
841 503 929 544 scio
953 517 1004 543 an
1029 501 1089 542 ita
1111 502 1190 544 sit;
1225 503 1243 531 3
1260 515 1405 542 verum
1432 500 1500 541 ille
1523 515 1630 556 gau-

188 564 320 605 dens:
352 561 679 616 affirmabatque
700 561 842 602 minus
865 560 1015 601 diebus
1037 574 1104 600 xx
1130 558 1362 600 tumultum
1386 557 1628 601 Gallicum:

189 621 234 662 in
263 632 501 661 sermonem
534 632 577 659 se
609 628 708 674 post
740 617 842 659 Idus
874 617 1010 659 Mart.
1044 626 1328 673 praeterquam
1367 615 1535 672 Lepidi,
1559 631 1631 657 ve-

191 678 307 719 nisse
338 676 546 718 neminis:
592 676 645 716 ad
678 690 904 725 summam,
926 677 1047 716 4non
1072 688 1196 730 posse
1229 674 1380 715 isthaec
1412 674 1474 715 sic
1496 673 1631 716 abire.

191 737 210 766 ⁵
233 750 259 776 o
282 734 536 790 prudentem
570 732 780 789 Oppium,
811 733 884 788 qui
915 732 1052 773 nihilo
1086 732 1227 773 minus
1252 731 1368 772 illum
1391 730 1630 773 desiderat:

189 791 264 834 sed
297 791 487 847 loquitur
521 790 643 840 nihil,
677 791 790 846 quod
826 804 1087 846 quemquam
1124 790 1285 831 bonum
1319 787 1525 829 offendat.
1558 789 1633 831 sed

189 848 286 891 haec
318 849 541 890 hactenus.
602 847 684 900 Tu,
717 863 879 904 quaeso,
916 846 1126 902 quidquid
1166 847 1264 887 novi
1299 846 1455 898 (multa
1487 856 1633 888 autem

190 908 419 963 exspecto)
455 906 639 948 scribere
673 920 727 947 ne
768 906 950 961 pigrere.
985 905 1027 945 in
1068 904 1148 955 his,
1181 904 1267 945 6de
1300 903 1436 944 Sexto
1474 904 1635 946 satisne

190 976 383 1016 certum3
417 963 606 1005 maxime
637 974 782 1005 autem
809 964 863 1004 de
886 962 1022 1002 Bruto
1055 970 1228 1004 nostro:
1261 961 1313 1002 de
1343 976 1428 1016 quo
1459 961 1636 1017 quidem

191 1022 278 1073 ille,
301 1023 353 1063 ad
376 1036 505 1078 quem
528 1021 699 1072 diverti,
719 1020 935 1062 Caesarcm
959 1019 1131 1060 solitum
1154 1018 1311 1070 dicere,
1331 1020 1473 1075 magni
1495 1017 1634 1076 refert,

193 1079 259 1121 hic
292 1079 393 1136 quid
420 1078 543 1121 velit:
579 1077 676 1118 7sed
704 1076 904 1134 quidquid
931 1075 1051 1127 volet,
1072 1075 1192 1117 valde
1219 1075 1351 1118 volet.-
1384 1076 1513 1131 idque
1535 1091 1635 1118 eum

192 1137 562 1187 animadvertisse,
595 1149 693 1176 cum
729 1150 805 1191 pro
842 1134 1051 1176 Deiotaro
1074 1133 1260 1175 8Niceae
1293 1134 1479 1176 diceret:
1512 1134 1635 1176 valde

198 1194 473 1236 vehementer
502 1208 599 1235 eum
636 1192 773 1234 visum
806 1202 849 1234 et
881 1192 1014 1233 libere
1046 1191 1212 1233 dicere:
1244 1201 1374 1247 atque
1406 1191 1536 1232 etiam
1568 1197 1637 1245 (ut

193 1253 309 1292 enim
331 1252 521 1307 quidque
543 1251 770 1301 succurrit,
793 1249 896 1291 libet
923 1249 1127 1298 scribere)
1159 1249 1373 1305 proxime,
1403 1264 1502 1290 cum
1526 1249 1636 1290 Sex-

194 1308 243 1350 tii
268 1320 421 1365 rogatu
446 1309 559 1365 apud
583 1323 681 1349 eum
700 1307 1287 1363 fuissem,exspectaremque
1311 1307 1477 1358 sedens,
1494 1306 1637 1362 quoad

196 1380 388 1418 vocarer,
410 1367 573 1407 dixisse
605 1380 719 1417 eum,
742 1380 813 1422 ego
843 1365 1023 1407 dubitem
1054 1364 1153 1421 quin
1173 1379 1324 1405 summo
1346 1364 1391 1405 in
1424 1364 1514 1406 odio
1547 1364 1637 1416 sim,

197 1439 287 1465 cum
310 1423 377 1465 M.
404 1422 547 1465 Cicero
566 1422 714 1474 sedeat,
737 1438 806 1465 nec
826 1438 895 1464 suo
928 1422 1132 1464 commodo
1156 1437 1218 1463 me
1246 1423 1458 1464 convenire
1475 1422 1598 1478 possit
1615 1421 1638 1463 ’.ὃ

196 1481 316 1538 atqui
334 1481 370 1522 si
390 1481 600 1538 quisquam
623 1487 677 1521 esc
695 1479 862 1538 facilis,
882 1480 948 1521 hic
969 1487 1050 1522 est.-
1088 1487 1221 1521 tamen
1244 1495 1324 1520 non
1356 1479 1515 1531 dubito,
1537 1479 1638 1537 quin

196 1553 258 1580 me
276 1538 380 1580 male
401 1538 545 1580 oderit.
607 1538 720 1579 Haec
740 1549 784 1579 et
813 1538 1025 1594 ejusmodi
1051 1537 1200 1579 multa.
1260 1538 1343 1579 Sed
1366 1538 1417 1579 ad
1442 1538 1637 1594 proposi·
1650 1554 1683 1585 p.
1700 1546 1772 1577 223.

198 1608 305 1638 tum.
337 1596 545 1652 quidquid
569 1596 650 1637 erit
669 1610 756 1637 non
789 1596 919 1637 modo
941 1610 1163 1652 magnum,
1194 1596 1267 1637 sed
1289 1596 1420 1637 etiam
1443 1598 1681 1653 parvum‚²·

196 1654 372 1696 scribes.
403 1654 603 1711 equidem
624 1653 733 1695 nihil
754 1654 1054 1695 intermittam.

637 1743 874 1786 CICERO
903 1742 1133 1786 ATTICO
1165 1744 1211 1785 S.
1633 1745 1685 1782 >2

204 1799 382 1855 DUAS
401 1828 427 1854 a
449 1822 491 1855 te
513 1813 661 1869 accepi
684 1812 888 1870 epistolas
910 1812 1016 1854 heri.
1049 1828 1102 1854 ex
1122 1814 1264 1870 priore
1285 1817 1305 1849 9
1321 1813 1536 1855 theatrum
1558 1812 1647 1854 Pu-

203 1869 425 1926 bliumque
456 1872 672 1927 cognovi;
706 1872 818 1912 bona
845 1871 1309 1926 signa'consentientis
1342 1871 1647 1912 multitudinis.

207 1929 245 1958 ¹⁰
259 1927 431 1984 plausus
456 1942 555 1970 vero
583 1929 632 1971 L.
657 1928 808 1971 Cassio
839 1928 980 1980 datus,
1002 1928 1131 1971 etiam
1156 1928 1320 1971 facetus
1343 1929 1450 1970 mihi
1473 1929 1649 1985 quidem

248 2044 261 2072 1
287 2042 335 2072 ad
346 2042 441 2073 illum
460 2042 534 2083 δια]
565 2043 721 2075 Matium.
740 2044 908 2084 nihilper-
951 2043 1064 2074 edidit.
1118 2044 1261 2074 mutavit
1304 2044 1429 2084 primus
1469 2044 1651 2081 Victorius,

209 2084 324 2121 ditius,
347 2085 409 2116 int.
424 2085 534 2116 aiebat
554 2095 623 2116 esse
643 2087 821 2127 republica,
837 2086 910 2117 Cae-
951 2095 1048 2124 quem
1065 2086 1101 2117 P.
1118 2087 1291 2118 Manutius
1305 2091 1340 2117 et
1362 2087 1418 2117 alii
1435 2089 1540 2118 secuti
1555 2094 1648 2117 sunt.

204 2136 276 2157 sare
291 2127 478 2158 interfecta
502 2134 578 2168 post
592 2128 670 2160 Idus
683 2129 823 2161 Martias
838 2127 909 2160 haec
954 2128 987 2158 Si
1013 2134 1099 2159 esset
1126 2139 1207 2160 nam
1239 2130 1335 2169 quod,
1358 2131 1430 2160 vult
1453 2129 1650 2172 praeferrem.

212 2169 353 2211 epistola
367 2171 489 2211 scripta
502 2174 564 2201 est.

247 2214 267 2242 2
289 2212 317 2242 .ςέ
336 2213 392 2243 ille
405 2217 429 2244 t.
446 2212 486 2252 ιζ]
513 2213 675 2245 Caesarem
692 2214 862 2254 intelligit.

250 2257 269 2285 3
291 2264 408 2285 verum
424 2256 479 2286 ille
492 2256 656 2296 gaudens]
683 2256 752 2288 Ista
766 2257 906 2293 dicebat,

207 2306 253 2327 sc.
283 2297 442 2336 gaudens,
471 2306 509 2328 ut
536 2299 591 2338 qui
614 2298 747 2330 dolebat
770 2299 906 2331 Caesaris

209 2339 311 2376 eaede,
327 2344 362 2370 et
383 2341 537 2381 cupiebat
559 2342 719 2382 poenitere
740 2351 908 2383 percusso-

209 2391 260 2413 res
276 2381 354 2413 facti
379 2384 442 2419 sui,
457 2383 658 2424 omninoque
673 2384 908 2425 Pompeianos:

208 2423 328 2456 melius
356 2424 419 2455 hoe
445 2425 485 2455 ad
509 2426 730 2466 praecedentia
757 2427 910 2465 refertur,

211 2476 311 2506 quam
333 2467 375 2497 ad
397 2467 605 2509 affirmabat,
628 2474 666 2499 ut
692 2470 798 2500 visum
820 2470 910 2501 Grae-

210 2511 277 2545 vio,
292 2509 348 2548 qui
364 2510 516 2551 copulam
533 2510 634 2543 deleri
650 2511 791 2543 volebat.

252 2553 274 2581 4
295 2560 358 2582 non
367 2562 460 2592 posse
480 2555 589 2584 isthoec
603 2555 648 2586 sie
669 2554 775 2594 abire]
806 2555 833 2585 E
845 2554 910 2585 Te-

212 2593 314 2625 rentii
327 2594 452 2626 Andria
466 2595 495 2632 1,
512 2600 544 2633 2,
557 2600 590 2628 4.

258 2638 278 2666 5
308 2645 327 2665 ο
352 2638 550 2676 prudentem
593 2639 751 2680 Oppium]
787 2641 910 2672 Nescio

212 2686 257 2709 an
274 2678 391 2709 melius
399 2681 590 2719 pudentem.

255 2719 276 2750 6
298 2721 337 2750 de
353 2721 450 2752 Sexto
465 2724 537 2764 &e.]
565 2725 734 2765 Pompeio,
749 2735 847 2765 quem
863 2724 912 2755 di-

213 2765 298 2793 eunt
313 2763 346 2793 in
375 2765 476 2795 armis
488 2775 557 2797 esse
571 2774 607 2798 et
629 2767 751 2798 bellum
769 2778 910 2799 movere.

213 2804 254 2835 ie
268 2803 378 2836 Bruto
393 2811 511 2843 nostro,
525 2810 581 2840 ubi
595 2810 652 2847 sit,
668 2810 746 2850 quid
760 2816 848 2850 agat.

256 2850 275 2881 7
304 2849 361 2878 sed
387 2850 545 2890 quidquid
570 2854 666 2889 volet,
693 2853 789 2884 valde
813 2853 910 2892 volet]

211 2889 267 2920 Sic
279 2889 353 2921 edd.
369 2890 468 2923 Rom.
481 2893 574 2924 Jens.
591 2895 666 2926 Asc.
681 2895 756 2926 Ald.
780 2896 862 2925 item
877 2895 912 2925 in

212 2932 293 2970 Mss.
319 2933 415 2975 regiis
439 2936 561 2977 reperit
582 2936 786 2969 Alemannus
811 2941 911 2977 atque

953 2171 1011 2201 sed
1022 2172 1176 2212 quicquid
1187 2172 1334 2212 postulat
1347 2174 1444 2204 volet.

991 2217 1009 2245 Β
1035 2214 1149 2244 Niceoe
1176 2215 1311 2254 dixerit]
1346 2214 1560 2245 scribendum
1590 2224 1651 2255 pu-

948 2257 1018 2286 tavi
1041 2257 1172 2289 diceret.
1196 2263 1268 2287 tuin
1285 2267 1359 2288 eum
1373 2258 1511 2288 fortasse
1528 2262 1578 2287 est
1592 2267 1652 2297 pro

950 2299 1048 2330 enim.
1071 2299 1166 2337 illud,
1185 2300 1261 2339 quia
1282 2301 1317 2330 iu
1341 2300 1408 2332 Ms.
1432 2299 1587 2340 Longolii
1602 2310 1652 2331 re-

951 2347 1085 2382 pertum
1100 2347 1163 2379 est,
1180 2343 1298 2382 recepi.

995 2389 1015 2419 9
1048 2385 1217 2415 theatrum
1245 2385 1482 2425 Publiumque]
1522 2385 1585 2415 int.
1613 2383 1654 2415 de

954 2426 1071 2466 plausu
1096 2427 1277 2459 Dolabellae
1299 2427 1389 2465 dato,
1406 2438 1482 2457 cum
1506 2427 1540 2458 in
1560 2427 1654 2458 thea—

953 2475 1045 2499 trum
1060 2470 1213 2506 venisset‚
1224 2480 1335 2500 eversa
1347 2471 1502 2500 columna
1515 2470 1653 2501 Caesaris

954 2511 989 2541 in
1005 2511 1076 2541 foro
1101 2513 1160 2543 &c.
1183 2512 1221 2542 de
1248 2523 1313 2551 qua
1327 2512 1399 2543 aliis
1422 2513 1501 2543 locis
1524 2513 1653 2549 Cicero,

954 2559 994 2584 ut
1010 2554 1093 2584 Phil.
1113 2554 1139 2591 1,
1158 2557 1207 2586 12.
1233 2554 1394 2586 Publium
1409 2566 1486 2586 eum
1503 2556 1655 2590 mimum,

954 2596 1008 2635 qui
1033 2597 1073 2627 ad
1095 2597 1171 2628 Div.
1195 2597 1275 2634 XIl,
1295 2601 1344 2629 18.
1369 2605 1582 2629 memoratur.
1605 2598 1657 2627 in-

954 2638 1174 2678 telligendum
1197 2645 1311 2671 autem
1334 2646 1397 2677 est,
1415 2641 1521 2671 Publii
1545 2649 1654 2670 versus

953 2682 1110 2721 quosdam
1134 2683 1182 2713 ita
1202 2693 1271 2713 esse
1293 2681 1656 2723 pronunciatos,inte1-

954 2725 1071 2762 lectos,
1095 2729 1134 2755 ut
1158 2724 1200 2755 ad
1223 2727 1384 2756 Caesarem
1401 2731 1436 2755 et
1458 2730 1658 2765 praesentem

955 2767 1035 2807 reip.
1049 2772 1175 2798 statum
1185 2778 1206 2798 a
1219 2769 1340 2808 populo
1353 2768 1610 2808 applicarentur,
1621 2771 1658 2797 et

957 2809 1033 2840 inde
1048 2810 1179 2850 plausus
1194 2811 1298 2841 fieret.
1322 2811 1363 2841 cf.
1381 2821 1432 2850 ep.
1458 2812 1488 2840 3.
1504 2815 1588 2841 extr.
1607 2819 1657 2840 ren

956 2853 1082 2927 optf'ipie
1105 2852 1314 2894 intelligetur
1334 2863 1370 2884 ex
1395 2853 1453 2884 Or.
1476 2862 1536 2893 pro
1563 2854 1654 2886 Sext.

956 2905 985 2926 C·
1048 2917 1057 2927 ι
