1940 3231
689 142 906 184 LIBER
942 144 994 183 X.
1480 153 1560 193 713

123 244 266 291 doles.
299 246 427 292 modo
458 248 510 291 ali
516 247 631 306 quod
651 248 737 290 hoc
759 249 814 290 sit
837 253 872 284 9¹
891 250 967 296 ἔθος
986 251 1110 304 mam
1127 251 1265 291 ἁλωτόν.
1291 251 1404 304 quod
1429 251 1462 292 si
1485 252 1560 294 ad-

125 305 212 348 huc
234 307 396 349 nullum
418 316 496 360 est,
515 322 606 348 esse
628 316 770 347 tamen
794 315 959 363 potest:
983 314 1057 348 aut
1077 312 1172 362 &gerh
1194 321 1282 347 non
1303 316 1367 347 est
1388 311 1554 351 διοοικτονε

123 365 241 418 quod
262 365 368 405 mihi
392 365 634 421 persuaderi
659 378 746 405 non
770 374 927 420 potest.

556 451 791 495 CICERO
822 451 1051 494 ATTICO
1085 452 1129 494 S.
1576 456 1624 492 13

127 509 440 563 EPISTOLA
475 529 550 562 tua
582 523 828 578 gratissima
858 523 942 565 fuit
974 537 1082 571 meae
1115 521 1285 573 Tulliae,
1315 530 1359 563 et
1389 521 1557 563 meher-

122 579 217 620 cule
238 579 359 619 mihi.
384 592 550 635 semper
580 594 724 621 secum
758 581 919 636 aliquid
946 580 1130 622 afferunt
1153 591 1238 621 tuae
1261 580 1432 621 litterae.
1455 580 1558 621 scri-

123 637 199 678 bes
222 636 381 691 igitur:
415 651 478 687 ae,
502 638 536 677 si
559 637 662 692 quid
690 637 741 678 ιε]
774 653 893 695 spem
923 639 1100 694 potem,
1120 653 1175 679 ne
1205 638 1432 679 dimiseris.
1491 637 1559 679 Tu

121 693 304 735 Antonii
338 692 481 734 leones
516 695 792 750 pertimescas
825 711 945 737 cav.e
980 697 1021 729 92
1035 709 1118 748 nae,
1136 695 1245 736 nihil
1277 705 1342 737 est
1373 694 1445 735 illo
1478 694 1559 736 ho-

118 751 236 792 mine
261 749 514 804 jucundius.
548 752 721 793 attende
752 760 872 810 πξὶξιν
899 753 1372 796 ff02f21203.9³exoeavit
1403 752 1557 793 litteris

118 823 143 848 e
177 807 423 863 municipiis
457 809 615 852 denos:
646 820 690 850 et
724 825 809 852 1111
845 811 923 852 xiri
961 821 1170 853 venerunt
1201 811 1253 852 ad
1284 810 1430 851 xillam
1463 810 1557 866 ejus

119 879 262 906 mane.
285 866 471 921 primum
504 867 680 908 dormiit
711 868 764 909 ad
800 868 860 910 H.
887 883 964 909 111.
988 869 1157 920 deinde,
1179 883 1275 910 cum
1305 875 1417 909 esset
1447 882 1606 925 nun-p
1621 882 1692 917 ¹67·

118 922 290 973 tiatum‚
328 923 493 965 venisse
529 925 841 980 Neapolitanos
875 936 918 967 et
958 925 1193 977 00103005,
1227 925 1313 978 (his
1345 925 1460 966 enim
1494 935 1604 967 esta·

122 979 271 1022 Caesa1
303 980 471 1032 iratus‚)
509 983 717 1038 postlidie
752 984 889 1024 iedire
926 982 1082 1039 jussit:
1116 983 1248 1025 laxari
1283 998 1326 1024 se
1358 983 1481 1033 velle,
1515 993 1560 1024 et

117 1045 191 1094 mg)
218 1044 459 1080 matonam-lau
485 1044 646 1090 wau-Sat.
678 1039 759 1082 hoc
791 1043 833 1075 9⁴
848 1041 946 1081 here
979 1040 1139 1083 effecit.
1170 1040 1299 1081 hodie
1332 1049 1476 1081 autem
1513 1041 1559 1082 in

117 1096 344 1138 AEnariam
378 1098 558 1138 transire
594 1098 836 1139 constituit.
867 1097 1067 1139 exulibus
1098 1098 1283 1140 reditum
1315 1098 1558 1154 pollicetur.

119 1153 204 1195 Sed
237 1154 333 1195 haec
365 1154 631 1206 omittamus,
653 1155 706 1196 de
740 1155 864 1196 nobis
898 1155 1059 1210 aliquid
1094 1170 1288 1212 ·rgamus.
1347 1154 1418 1196 Ab
1440 1156 1559 1196 Axio

116 1212 265 1268 accepi
313 1211 490 1253 litteras.
552 1211 621 1253 De
665 1211 824 1253 Tirone
871 1222 1058 1270 gratum.
1120 1215 1361 1255 Vectenum
1406 1213 1557 1269 diligo.

119 1269 321 1310 Vestorio
355 1269 536 1310 reddidi.
598 1270 770 1311 Servius
804 1246 942 1327 pridie
978 1270 1128 1312 Nonas
1166 1270 1278 1311 Maii
1317 1246 1557 1312 Minturnis

117 1327 326 1368 mansisse
358 1325 531 1378 dicitur,
570 1326 701 1369 hodie
740 1328 783 1368 in
824 1328 1048 1369 Liternino
1087 1343 1311 1369 mansulus
1349 1328 1464 1384 apud
1503 1327 1557 1370 C.

117 1383 392 1426 Marcellum.
426 1398 519 1425 cras
558 1384 692 1436 ioitur
728 1400 805 1427 nos
839 1395 1005 1427 mature
1043 1386 1221 1437 videbit,
1257 1385 1450 1441 mihique
1483 1386 1559 1427 da-

116 1441 183 1483 bit
215 1452 518 1498 argumentum
553 1442 606 1484 ad
640 1453 683 1484 te
716 1443 927 1499 epistolae.
955 1444 1048 1498 jam
1072 1444 1187 1485 enim
1212 1446 1252 1477 95
1266 1457 1352 1483 non
1376 1444 1559 1499 reperio,

116 1499 233 1554 quod
267 1499 347 1541 tibi
382 1499 582 1541 scribam.
644 1499 755 1542 Illud
789 1501 991 1551 admiror,
1013 1502 1129 1556 quod
1150 1500 1369 1542 Antonius
1404 1501 1456 1542 ad
1490 1516 1560 1542 me

117 1571 172 1598 ne
205 1558 406 1598 nuntium
436 1557 626 1612 quidem,
657 1572 755 1599 cum
789 1559 1029 1613 praesertim
1062 1559 1103 1592 96
1116 1573 1185 1599 me
1209 1558 1330 1599 valde
1359 1558 1562 1600 observa-

114 1615 188 1656 rit.
208 1613 462 1656 97videlicet
485 1615 646 1670 aliquid
669 1617 857 1657 atrocius
887 1616 940 1657 de
968 1630 1037 1656 me
1071 1616 1331 1672 imperatum
1363 1624 1454 1658 est:
1487 1631 1562 1658 co-

115 1685 210 1713 ram
230 1686 388 1728 negare
421 1671 527 1713 mihi
558 1687 643 1714 non
667 1673 772 1715 vult.
795 1673 912 1729 quod
942 1687 1026 1730 ego
1058 1688 1138 1715 nec
1166 1682 1395 1729 rogaturus
1418 1688 1559 1715 eram:

112 1744 209 1782 nec,
231 1730 264 1770 si
290 1731 603 1787 impenassem,
627 1732 882 1773 crediturus.
908 1746 985 1772 nos
1009 1739 1154 1773 tamen
1186 1731 1366 1795 aliquid
1381 1731 1562 1786 excogi-

112 1788 317 1830 tabimus.
367 1787 448 1839 Τυ,
471 1803 633 1843 quaeso,
656 1789 690 1829 si
713 1788 849 1845 quid
838 1804 883 1830 m
907 1788 1158 1854 Hispaniis:
1183 1804 1276 1844 jam
1300 1788 1415 1830 enim
1439 1798 1561 1845 pote-

112 1845 171 1886 rit
192 1845 355 1887 audiri:
388 1855 431 1886 et
454 1860 603 1887 omnes
626 1847 688 1887 ita
708 1855 980 1903 exspectant,
1003 1856 1065 1898 ut,
1089 1847 1123 1888 si
1147 1856 1261 1887 recte
1284 1846 1428 1897 fuerit,
1451 1846 1559 1887 nihil

112 1903 279 1960 negotii
313 1903 509 1945 futurum
542 1913 711 1961 putent.
741 1919 824 1961 ego
851 1913 996 1945 autem
1027 1918 1122 1956 nec,
1144 1904 1321 1945 retentis
1349 1903 1431 1954 his,
1454 1918 1560 1945 con-

114 1937 275 2002 fectam
308 1975 398 2002 1em
433 1970 566 2018 puto;
598 1976 751 2018 neque,
776 1962 959 2013 amissis,
980 1960 1267 2019 desperatam.
1329 1961 1482 2002 Silium
1514 1971 1560 2002 et

115 2017 324 2070 Ocellam,
346 2021 386 2052 98
400 2029 444 2060 et
465 2026 629 2061 ceteros
663 2020 791 2061 credo
820 2020 1072 2061 retardatos.
1097 2030 1140 2061 te
1162 2033 1334 2075 quoque
1356 2034 1382 2060 a
1403 2018 1557 2061 Curtio

113 2076 313 2133 impediri
339 2076 480 2117 video.
502 2077 598 2129 etsi,
622 2086 671 2118 ut
693 2078 863 2135 opinor,
886 2077 1020 2119 habes
1040 2079 1163 2121 κέλητα
1182 2081 1303 2119 dom».

152 2195 190 2227 91
220 2190 291 2225 ηθος
319 2188 369 2221 διο.
401 2191 530 2231 ἅλω-ὲν]
559 2191 675 2222 Lectio
704 2202 811 2232 graeea
895 2196 936 2227 95
958 2202 1021 2223 non
1038 2192 1170 2232 reperio,
1185 2191 1286 2231 quod]
1311 2191 1420 2231 Vulgo
1436 2190 1489 2222 hic
1505 2198 1555 2222 est

110 2235 146 2266 h.
162 2236 184 2266 l.
208 2236 330 2274 ubique
352 2238 403 2264 est
425 2245 442 2264 e
465 2236 665 2275 conjectura.
689 2236 810 2266 retinui
852 2236 941 2275 quid.
966 2242 1000 2265 at
1025 2244 1126 2274 supra
1148 2245 1198 2274 ep.
1223 2237 1318 2265 8..ne
1344 2235 1474 2264 hercule
1496 2244 1556 2273 ego

111 2278 254 2309 maxime
270 2277 449 2316 vulgatam.
475 2277 546 2307 dac.
560 2277 716 2308 Gronovii
733 2288 811 2308 con·
853 2279 982 2317 quidem
997 2278 1133 2317 reperio,
1149 2277 1233 2317 quod
1248 2277 1402 2313 scribam,
1418 2276 1474 2306 ubi
1496 2287 1555 2317 pa-

106 2323 252 2361 jectum,
269 2329 366 2360 quam
381 2319 488 2349 textui
504 2319 702 2351 Gruteriano
726 2321 810 2350 inse·
855 2321 934 2350 riter
946 2319 1018 2351 edd.
1034 2319 1185 2358 quaedam
1198 2325 1322 2350 veteres
1338 2319 1426 2359 quid.
1442 2319 1555 2358 itaque

114 2365 191 2400 ruit,
206 2364 278 2398 ἦθος
295 2362 391 2402 κακίᾳ
407 2361 521 2398 ἄδολον,
537 2368 586 2392 est
600 2371 697 2392 sensu
713 2363 811 2400 bona,
856 2362 981 2393 correxi
996 2363 1093 2402 quod.

113 2406 170 2437 sed
184 2407 354 2438 contextui
372 2415 436 2435 non
454 2407 500 2435 ita
516 2412 606 2444 apta,
621 2410 660 2435 ut
677 2405 746 2436 illa.
898 2406 939 2438 96
961 2415 1012 2436 me
1025 2405 1121 2435 valde
1138 2403 1329 2444 observarit]
1355 2404 1484 2434 Ironice
1506 2403 1555 2434 di·-

154 2452 195 2484 92
219 2459 279 2487 ηα),
294 2449 379 2479 nihil
400 2448 459 2487 est]
488 2447 606 2478 Addidi
629 2457 677 2478 noe
699 2458 739 2478 ex
761 2447 812 2478 ed.
856 2453 961 2479 ctum,

114 2494 212 2524 Rom.
228 2492 316 2532 quod
337 2500 395 2532 per
416 2492 638 2529 conjecturam
661 2490 814 2530 placebat
898 2494 936 2524 97
961 2489 1108 2520 videlicet
1127 2489 1255 2529 aliquid
1275 2488 1349 2527 &c.]
1376 2488 1441 2519 Hie
1463 2488 1555 2519 locus

115 2536 256 2566 Graevio.
272 2544 348 2565 mox
364 2543 422 2573 pro
438 2534 523 2575 τςᾶξ
528 2547 538 2563 ν
551 2538 623 2563 παλ.
635 2532 747 2563 eadem
761 2532 812 2564 ed.
855 2533 937 2563 mihi
959 2541 1057 2562 sanus
1080 2541 1148 2561 non
1169 2531 1309 2562 videtur.
1333 2531 1392 2562 illa
1413 2531 1553 2571 aliquid,

113 2578 212 2622 ἇξχην
225 2584 298 2608 πολ.
855 2575 920 2612 vel,
942 2579 980 2604 ut
1005 2578 1056 2605 est
1082 2575 1115 2604 in
1140 2573 1375 2604 recentioribus
1397 2573 1469 2604 edd.
1494 2578 1555 2604 aut

156 2624 197 2656 93
220 2619 513 2660 ezwocazit-denos]
538 2621 560 2650 i.
576 2629 606 2649 e.
621 2617 732 2648 decern
749 2619 814 2658 pri·
856 2617 1028 2657 aliquida.
1044 2617 1077 2647 d.
1094 2626 1138 2647 m.
1150 2617 1171 2646 ι’.
1182 2621 1241 2652 est,
1257 2615 1349 2646 nullo
1365 2617 1462 2647 modo
1476 2626 1552 2646 cum

114 2674 197 2699 mos,
214 2669 300 2693 utet
315 2662 369 2692 alii
392 2662 638 2693 existimavere:
663 2670 740 2691 cum
762 2660 811 2691 his
855 2660 970 2690 ceteris
999 2664 1138 2690 coeunt:
1164 2660 1190 2689 si
1215 2659 1416 2696 eximantur,
1440 2658 1553 2688 omnia

113 2716 232 2738 venere
247 2705 349 2744 magis
337 2709 458 2734 tratus
477 2705 593 2735 [Vviri.
853 2702 954 2743 plana
967 2702 1051 2732 fiant
1067 2707 1102 2732 et
1118 2702 1199 2732 bene
1213 2701 1426 2732 cohaerentia.

157 2751 199 2783 94
221 2747 308 2786 here]
334 2747 386 2777 Sic
409 2746 596 2788 Malaspina
617 2747 652 2776 in
674 2747 812 2779 vetustis
896 2747 937 2779 98
960 2750 991 2775 et
1005 2743 1137 2783 ceteros]
1156 2744 1384 2785 Pompeianos,
1401 2753 1439 2775 ex
1454 2741 1554 2775 Italia

113 2792 204 2832 libris
221 2789 361 2830 reperit:
384 2789 430 2820 sic
446 2794 479 2820 et
494 2790 544 2827 ed.
561 2790 657 2823 Rom,
855 2788 942 2819 exire
958 2787 1138 2829 cupientes.
