1940 3231
214 921 245 952 p.
265 910 333 939 184.

327 958 462 1014 ·quod
484 958 591 999 mi'ni
616 956 836 998 tolerabile
859 959 996 1013 possit
1019 970 1122 998 esse.

329 172 408 211 ¹740
746 167 933 205 EPIST.
960 166 1042 204 AD
1069 166 1356 210 ATTICUM,

332 273 498 312 litteras
524 272 848 328 exspectabam.
885 274 919 302 ¹8
937 271 1013 311 nisi
1039 271 1140 312 iliud
1176 271 1349 326 quidem
1383 270 1554 312 mutari.
1588 273 1627 305 ¹9
1642 272 1676 313 si
1697 272 1774 314 ali-

336 338 401 370 ter
422 339 486 369 est
508 339 550 369 et
573 340 759 385 oportet,
782 344 866 369 non
892 329 1016 369 video
1043 344 1178 383 posse.
1211 331 1250 359 20
1265 328 1335 369 sed
1360 343 1457 368 cum
1483 330 1535 370 ab
1559 328 1631 369 illo
1654 344 1782 370 acce-

338 387 493 444 pissem
529 386 706 435 litteras,
737 385 972 425 desideravi
1005 395 1112 425 tuas.
1146 389 1179 415 2¹
1199 387 1276 426 etsi
1305 386 1524 441 putabam,
1549 396 1589 426 te
1622 387 1779 426 certio-

338 458 425 485 rem
468 443 628 484 facturn
664 456 748 482 non
788 456 892 481 esse.
926 443 1055 481 modo
1090 442 1262 482 valeres.
1304 443 1531 497 scripseras
1570 443 1700 492 enim,
1738 453 1782 483 te

339 501 525 556 quodam
552 499 800 540 valitudinis
833 512 989 553 genere
1020 501 1191 539 tentari.
1251 499 1435 541 Acrisius
1458 500 1631 555 quidam
1660 499 1781 539 Rho-

339 559 395 599 do
422 567 594 597 venerat
618 570 694 597 nx
721 555 786 596 Id.
812 555 962 601 Quint.
1001 555 1033 596 is
1058 557 1299 606 nuntiabat,
1324 558 1539 604 Quintum
1569 557 1702 597 filium
1727 556 1781 597 ad

342 615 558 656 Caesarem
598 612 842 669 profectum
886 627 933 653 1v
976 612 1072 653 Kal.
1106 612 1210 654 Jun.
1257 614 1539 655 Philotimum
1575 613 1784 654 Rhodum

341 672 481 729 pridie
515 685 614 711 eum
653 671 764 711 diem
806 670 998 721 venisse3
1045 670 1202 710 habere
1235 671 1285 710 ad
1319 686 1387 711 me
1426 672 1602 712 litteras.
1640 671 1784 727 ipsum

340 728 552 770 Acusium
580 728 742 777 audies,
767 728 838 768 sed
863 727 1023 767 tardius
1053 727 1134 767 iter
1158 727 1357 768 faciebat.
1389 742 1440 768 eo
1464 729 1561 779 feci,
1583 730 1622 759 22
1639 738 1685 769 ut
1707 727 1784 768 has

343 785 538 827 celeriter
567 785 683 826 eunti
718 786 878 826 darem.
921 784 1025 839 quid
1059 786 1113 824 sit
1146 785 1189 824 in
1221 784 1272 824 iis
1304 785 1469 835 litteris,
1499 787 1669 827 nescio:
1711 785 1785 826 sed

344 843 452 884 mihi
490 843 610 883 valde
640 843 830 889 Quintus
865 841 996 882 frater
1031 843 1285 897 gratulatur.
1321 842 1518 897 equidem
1556 842 1652 882 3›²3in
1689 856 1785 882 meo

348 911 469 941 tanto
494 911 673 956 peccato
697 900 803 940 nihil
834 913 886 939 ne
909 900 1177 954 cogitatione
1200 899 1374 954 quidem
1406 899 1572 954 assequi
1597 913 1786 954 possum,

1183 955 1245 997 Te
1267 971 1358 1007 oro,
1377 967 1424 996 ut
1446 957 1498 997 de
1521 957 1602 997 hac
1633 957 1788 996 misera

348 1016 517 1071 cogites
541 1032 549 1055 :
582 1025 624 1056 et
645 1014 766 1065 illud,
799 1014 852 1054 de
873 1028 959 1070 quo
983 1014 1034 1054 ad
1071 1023 1112 1054 te
1136 1014 1334 1069 proxime
1368 1013 1533 1069 scripsi,
1555 1024 1603 1053 ut
1625 1013 1787 1068 aliquid

346 1072 603 1115 conficiatur
626 1073 676 1113 ad
702 1072 893 1127 inopiam
921 1071 1271 1127 propulsandam,
1300 1081 1344 1112 et
1365 1072 1493 1112 etiam
1524 1071 1576 1111 de
1599 1071 1693 1127 ipso
1725 1080 1789 1110 te-

347 1140 577 1171 stamento.
609 1129 765 1170 24illud
797 1143 969 1185 quoque
1003 1128 1151 1169 vellem
1183 1139 1334 1170 antea:
1371 1129 1441 1169 sed
1466 1128 1611 1168 omnia
1643 1127 1788 1168 timui-

345 1203 456 1229 mus.
487 1187 640 1228 melius
663 1186 835 1242 quidem
860 1186 903 1226 in
935 1185 1127 1242 pessimis
1152 1185 1257 1225 nihil
1281 1185 1364 1226 fuit
1396 1185 1593 1226 discidio.
1625 1184 1787 1240 aliquid

346 1245 612 1296 fecissemus,
634 1247 737 1284 2⁵ut
770 1243 871 1293 vini,
897 1244 960 1283 vel
996 1241 1238 1283 tabularum
1273 1257 1479 1283 novarum
1510 1243 1700 1292 nomine,
1723 1240 1790 1282 vel

345 1313 654 1343 nocturnarum
678 1301 1068 1357 expugnationum,
1086 1300 1152 1340 vel
1173 1299 1379 1350 Metellae,
1402 1301 1464 1341 vel
1487 1300 1678 1341 omnium
1699 1313 1790 1339 ma-

346 1359 511 1401 lorum:
545 1373 622 1399 nec
642 1373 706 1398 res
733 1360 934 1414 perisset3
965 1367 1007 1398 et
1031 1357 1271 1398 videremur
1293 1357 1454 1411 aliquid
1476 1357 1635 1397 doloris
1656 1355 1790 1396 virilis

346 1417 564 1458 habuisse.
585 1417 759 1456 memini
785 1416 963 1456 omnino
987 1427 1080 1455 tuas
1103 1414 1281 1464 litteras,
1304 1416 1375 1455 sed
1398 1426 1441 1455 et
1465 1425 1633 1470 tempus
1656 1413 1788 1455 illud:

348 1474 426 1515 etsi
451 1473 622 1528 quidvis
646 1473 862 1529 praestitit.
887 1487 1000 1514 nunc
1023 1472 1195 1527 quidem
1219 1473 1310 1527 ipse
1334 1472 1501 1512 videtur
1522 1472 1790 1512 denuntiare.

349 1531 547 1573 audimus
562 1531 676 1571 enim
691 1530 742 1574 de
756 1540 867 1570 statu
890 1529 1153 1585 reipublieae.
1172 1544 1197 1570 o
1215 1530 1296 1570 dii!
1320 1543 1583 1584 generumne
1595 1538 1790 1569 nostrum

349 1589 641 1645 potissimum,
666 1598 710 1628 ut
726 1587 823 1637 hoc,
840 1587 904 1627 vel
920 1587 1084 1628 tabulas
1103 1589 1264 1628 novas?
1291 1588 1429 1642 placet
1447 1586 1553 1627 mihi
1577 1586 1724 1642 igitur,
1746 1593 1791 1626 et

350 1646 464 1688 idem
480 1646 574 1696 tibi,
588 1645 789 1686 nuntium
810 1645 985 1685 remitti.
1010 1654 1129 1701 petet
1143 1644 1322 1684 sortasse
1338 1645 1506 1684 tertiam
1521 1643 1788 1699 pensionem.

352 1815 550 1854 inspexerat.
577 1823 652 1844 nam
671 1814 786 1844 Cicero
799 1813 973 1853 scripserat
989 1812 1049 1843 At-

354 1857 435 1892 tico,
450 1867 501 1896 ep.
523 1855 569 1886 16.
595 1862 633 1885 ut
656 1856 723 1895 ipse
741 1866 816 1885 cum
840 1855 981 1885 Camillo
1006 1855 1054 1884 lo-

356 1904 531 1938 queretur:
555 1897 617 1927 hoe
633 1897 758 1928 factum
774 1899 948 1939 scripserat
965 1898 1056 1929 Cice-

357 1940 430 1972 roni
444 1939 616 1970 Camillus,

404 1985 441 2013 18
464 1983 526 2012 nisi
549 1983 635 2013 illud
658 1992 686 2021 q.
710 1982 852 2022 mutari]
885 1992 929 2011 se.
954 1986 1053 2012 testa-

357 2029 510 2055 mentum
531 2024 697 2054 Terentiae
723 2030 840 2064 potest.
872 2025 946 2059 nisi,
972 2024 1057 2063 quod

357 2066 460 2097 edidit
482 2068 642 2103 Graevius,
670 2074 718 2096 est
744 2067 778 2096 in
807 2068 959 2097 omnibus
986 2066 1058 2097 edd.

358 2115 440 2139 vett.
458 2110 491 2139 m'
505 2111 550 2139 sic
564 2114 614 2139 est
629 2119 648 2138 a
663 2109 771 2139 Bosio.

406 2154 442 2186 19
464 2153 491 2181 si
513 2153 611 2181 aliler
633 2155 679 2180 est
706 2156 737 2181 et
759 2150 894 2190 oportet]
926 2150 979 2180 Sic
1007 2150 1057 2180 ed.

359 2194 451 2224 Jens.
466 2197 511 2223 est
533 2194 573 2223 ab
596 2193 645 2223 ed.
671 2193 766 2223 Rom.
791 2193 892 2223 abest.
938 2193 1058 2222 Manu-

359 2236 427 2266 tius
443 2236 596 2271 correxit,
612 2236 639 2265 .ςὶ
655 2236 753 2265 aliter
767 2240 812 2265 est
828 2239 864 2265 ut
878 2244 927 2274 op.
966 2235 1056 2265 Grae-

359 2277 432 2308 vius
455 2278 549 2308 malit
571 2288 622 2316 ac,
641 2288 705 2308 non
730 2278 812 2308 bene
833 2283 910 2308 ante
925 2281 1056 2317 oportet.

362 2321 462 2350 aliter
484 2324 515 2350 et
537 2321 637 2349 etiam
662 2319 738 2349 alibi
761 2325 823 2355 est,
840 2327 875 2349 ut
901 2330 998 2359 supra
1014 2320 1058 2355 X,

365 2365 414 2392 11.
430 2364 457 2392 si
480 2363 518 2392 de
533 2372 639 2403 puero
661 2363 761 2392 aliter
783 2363 938 2402 scripsisti
962 2366 992 2391 et
1015 2362 1061 2392 ad

362 2408 623 2434 matren1.-—non
649 2405 736 2435 uideo
753 2413 844 2444 posse
866 2414 909 2434 sc.
938 2404 1060 2434 mutari

361 2451 614 2477 testamentum.

406 2492 447 2518 20
468 2490 523 2519 sed
538 2499 610 2519 eum
635 2499 655 2519 α
671 2490 761 2519 nullo
786 2490 858 2519 (1.1.
883 2488 1062 2519 desideravi

363 2531 453 2569 tuus]
480 2531 598 2570 Inepta
621 2532 785 2561 sententia
801 2537 849 2561 est
866 2542 904 2561 ex
921 2532 1025 2561 veri-is
1041 2541 1062 2561 α

363 2574 465 2602 nullo.
522 2573 683 2604 Corradus
711 2578 744 2603 et
774 2573 946 2603 Manutius
975 2578 1063 2603 recte

363 2616 530 2655 conjecere
557 2616 598 2645 ab
628 2616 683 2645 illo
709 2625 754 2645 sc.
779 2615 940 2645 Camillo:
974 2614 1060 2654 quod

364 2667 432 2688 non
448 2657 592 2687 dubitavi
610 2657 760 2697 recipere.
785 2658 839 2687 alii
856 2658 1024 2695 conjecere
1040 2666 1061 2687 α

366 2698 556 2738 Nilo‚quod
572 2704 604 2728 et
620 2706 787 2739 receptum
801 2705 848 2729 est
864 2701 895 2729 in
912 2706 1058 2729 textum:

364 2742 399 2778 in
425 2752 489 2781 quo
514 2748 546 2772 et
563 2741 710 2771 Graevius
733 2741 877 2781 reliquit,
894 2743 955 2772 etsi
980 2741 1061 2771 illud

362 2785 535 2825 probabat.

407 2830 443 2857 21
469 2828 526 2856 etsi
542 2826 718 2866 putabam,
737 2830 766 2855 te
788 2826 953 2856 certiorem
965 2824 1003 2865 s.
1025 2836 1060 2857 n.

361 2868 406 2908 e.]

362 2910 474 2947 literas
491 2911 532 2942 ad
546 2921 599 2942 me
615 2912 747 2943 mittere
762 2920 884 2954 posses.
920 2911 973 2942 Sic
989 2909 1060 2945 edd.

1093 1822 1143 1853 pr.
1158 1811 1280 1852 Vulgg.
1295 1816 1326 1842 et
1339 1812 1384 1842 sie
1392 1821 1429 1851 p.

1141 1857 1182 1885 22
1216 1859 1254 1884 ut
1281 1856 1340 1884 has
1367 1855 1514 1884 celeriter
1542 1855 1634 1884 eunti
1661 1853 1792 1894 darem]

1099 1898 1158 1927 has
1177 1897 1249 1926 dedi
1264 1907 1303 1927 ex
1325 1896 1374 1927 ed.
1399 1896 1496 1927 Rom.
1510 1906 1607 1935 quam
1633 1905 1731 1926 nemo
1744 1895 1796 1926 in-

1100 1940 1224 1979 spexit:
1240 1939 1332 1969 Jens.
1348 1938 1449 1969 edidit
1465 1949 1510 1975 eo,
1525 1938 1612 1977 quod
1627 1944 1660 1968 et
1675 1938 1709 1967 in
1722 1937 1794 1968 aliis

1099 1982 1189 2011 libris
1213 1988 1377 2020 repertum
1394 1987 1443 2011 est
1457 1993 1463 2010 :
1487 1991 1526 2010 ex
1542 1991 1579 2010 eo
1595 1981 1720 2011 factum
1735 1989 1794 2018 ego

1101 2024 1134 2054 in
1162 2023 1235 2054 edd.
1269 2023 1518 2059 recentioribus,
1540 2023 1626 2062 quod
1648 2022 1796 2053 Graevius

1102 2071 1140 2096 ut
1154 2074 1392 2105 supervacuum
1409 2065 1540 2095 delevit.

1141 2112 1181 2139 23
1204 2109 1238 2137 in
1263 2118 1330 2138 meo
1345 2112 1437 2138 tanto
1453 2106 1600 2148 peccato]
1626 2106 1721 2146 Quod
1737 2107 1794 2138 ad-

1101 2151 1172 2180 misi
1195 2150 1264 2180 filia
1287 2160 1360 2180 mea
1384 2149 1568 2181 Dolabellae
1590 2149 1741 2187 locanda,
1755 2154 1795 2180 ut

1101 2198 1133 2223 et
1150 2193 1226 2223 alibi
1243 2197 1350 2224 vocat.

1142 2237 1183 2266 24
1204 2235 1290 2264 illud
1313 2244 1435 2275 quoque
1455 2236 1569 2265 vellem
1592 2233 1640 2274 α.]
1671 2233 1723 2263 De
1745 2233 1796 2263 di-

1100 2278 1205 2307 vorti‹›
1221 2277 1340 2307 Tulliae
1356 2287 1430 2307 cum
1446 2276 1718 2307 Dolabella—sed
1729 2286 1796 2306 om·

1101 2322 1156 2350 nia
1173 2321 1344 2350 timuimus
1357 2329 1401 2350 sc.
1418 2329 1437 2349 a
1452 2318 1635 2351 Dolabella.

1143 2364 1183 2393 25
1208 2366 1244 2391 ut
1266 2362 1346 2398 vini,
1371 2362 1420 2392 vel
1444 2363 1510 2392 tab.
1534 2371 1568 2391 n.
1593 2360 1644 2399 n.]
1670 2364 1709 2390 ut
1728 2360 1800 2391 vini

1102 2412 1152 2434 est
1167 2416 1185 2434 a
1202 2403 1312 2441 Bosio,
1326 2415 1343 2434 e
1360 2404 1423 2434 Ms.
1439 2410 1561 2434 tamen.
1573 2402 1645 2433 edd.
1661 2412 1710 2442 pr.
1725 2412 1799 2432 om-

1105 2456 1161 2476 nes
1174 2452 1207 2476 et
1224 2446 1369 2487 plerique
1392 2446 1472 2477 Mss.
1493 2449 1532 2475 ut
1545 2445 1632 2475 vivi:
1654 2444 1740 2483 quod
1762 2449 1798 2475 et

1105 2488 1250 2519 defen-lit
1262 2489 1421 2525 Graevius,
1434 2498 1498 2519 non
1509 2487 1603 2518 bene.
1619 2496 1695 2517 narn
1709 2487 1799 2526 quod

1106 2531 1140 2561 iu
1157 2531 1206 2561 his
1221 2531 1324 2560 verbis
1340 2532 1471 2569 quaerit,
1486 2535 1536 2560 est
1555 2530 1587 2559 in
1601 2529 1660 2559 illo
1674 2540 1681 2558 τ
1710 2530 1798 2560 vide-

1106 2583 1219 2603 remur
1241 2574 1368 2613 aliquid
1380 2573 1496 2603 doloris
1517 2573 1622 2602 virilis
1637 2572 1798 2602 habuisse.

1104 2615 1278 2654 requiritur
1290 2615 1423 2645 verbum
1438 2614 1574 2653 alicujus
1587 2614 1705 2654 culpae,
1720 2624 1800 2653 qua.

1104 2658 1146 2688 lia
1158 2663 1352 2697 sequuntur,
1366 2658 1439 2687 vino
1450 2657 1590 2687 ebrietas
1603 2657 1683 2687 bene
1693 2657 1803 2695 expri-

1104 2701 1217 2730 mitur.
1242 2700 1343 2739 igitur
1357 2700 1424 2729 vini
1437 2699 1570 2729 servavi.
1607 2698 1801 2730 Tunstauus

1104 2752 1135 2782 p.
1158 2744 1225 2772 183.
1248 2742 1381 2781 corrigit
1405 2742 1479 2772 vz'cz‘.
1499 2742 1594 2772 male.
1638 2740 1801 2771 Metelloe:

1104 2783 1233 2814 videtur
1270 2784 1375 2824 pellex
1404 2784 1514 2821 fuisse,
1553 2784 1604 2814 vel
1637 2782 1800 2814 adultera.

1103 2825 1241 2865 deniqne
1263 2836 1302 2858 ex
1327 2826 1399 2859 edd.
1421 2837 1470 2868 pr.
1487 2828 1626 2868 perisset
1644 2824 1718 2856 dedi
1739 2834 1799 2866 pro

432 2879 476 2898 sc.
496 2879 574 2904 esse,
591 2869 642 2908 qui
666 2870 705 2898 ad
721 2878 771 2898 me
797 2868 870 2905 iret,
888 2878 944 2910 per
963 2878 1060 2906 quem
1099 2869 1257 2909 periisset.
