1940 3231
684 141 902 182 LIBER
939 139 1026 178 VIL
1494 148 1571 194 ⁶02

121 246 339 304 suspicor,
362 247 477 304 quod
503 255 544 289 te
565 256 694 303 cogat
724 246 890 296 cedere,
912 253 956 286 et
987 244 1302 300 propemodum
1334 246 1569 303 infringat:

127 308 208 346 etsi
224 307 398 347 alteram
414 315 664 362 quartanam
684 302 937 358 Pamphilus
957 310 1055 343 tuus
1071 302 1176 343 mihi
1192 303 1306 343 dixit
1325 303 1570 358 decessisse,

120 359 173 404 vet
194 364 367 405 alteram
398 364 600 405 leviorem
631 360 849 402 accedere.
909 358 1113 401 Terentia
1135 374 1250 411 vcro,
1273 375 1371 415 quae
1394 361 1569 415 quidem

128 421 278 462 eodem
313 432 506 475 tempore
535 420 587 460 ad
620 429 789 474 portam
824 417 1132 458 Brundisinam
1157 418 1288 469 venit,
1311 432 1398 473 quo
1420 432 1503 473 ego
1527 421 1570 460 in

128 489 318 534 portum,
351 477 542 531 mihique
578 476 710 517 obvia
742 477 785 516 in
819 474 914 516 foro
949 474 1047 525 fuit,
1089 475 1137 516 L.
1165 475 1374 517 Pontium
1408 475 1491 515 sibi
1525 477 1569 517 in

125 533 370 577 Trebulano
403 533 565 574 dixisse
591 533 807 585 narrabat,
839 533 970 574 etiam
1001 547 1095 574 eam
1129 533 1375 575 decessisse.
1437 533 1570 578 Quod

124 592 163 633 si
185 593 260 644 ita,
282 601 345 632 est
367 591 483 646 quod
506 591 698 632 maxime
718 591 962 632 mehercule
983 600 1114 646 0pt03
1145 591 1274 646 idque
1297 604 1422 647 spero
1444 591 1570 632 ‘29tua

122 649 353 706 prudentia
373 658 417 688 et
440 649 725 705 temperantia
747 659 789 689 te
810 658 1106 689 consecutum.
1168 649 1307 689 Venio
1331 648 1382 689 ad
1405 648 1567 703 episto-

126 709 188 747 las
211 717 319 756 tuaS,
337 721 443 760 quas
465 721 547 763 ego
572 716 797 748 sexcentas
822 721 906 746 uno
931 715 1124 762 tempore
1146 706 1310 762 accepi,
1333 705 1461 746 aliam
1485 706 1569 747 alia

117 762 439 820 jucundiorem,
461 766 613 819 30quae
636 764 810 819 quidem
833 773 954 804 erant
976 774 1051 804 tua
1071 778 1216 805 manu.
1270 766 1307 794 3¹
1327 763 1442 804 Nam
1466 763 1567 805 Ale,

123 820 237 862 xidis
259 821 450 862 animum
476 822 689 873 amabam,
707 821 822 877 quod
848 832 932 862 tam
959 835 1093 877 prope
1115 821 1350 862 accedebat
1372 823 1422 861 ad
1449 821 1570 862 simi-0

119 873 349 919 litudincm
383 889 467 920 tuae
501 880 676 921 litterae:
711 876 888 920 manum
917 894 1001 920 non
1025 879 1238 930 amabam,
1261 878 1376 935 quod
1400 879 1566 920 indica-

121 935 198 976 bat
231 944 272 976 te
305 951 393 977 non
428 936 580 978 valere.
615 937 739 992 cujus
775 937 979 991 quoniam
1016 937 1179 977 mentio
1216 936 1333 977 facta
1369 945 1458 987 est;
1490 935 1565 977 Ti-

119 1007 270 1034 ronem
306 993 447 1035 Patris
482 1009 648 1051 aegrum
681 994 849 1049 reliqui,
871 993 1203 1044 adolescentem,
1236 1003 1283 1034 ut
1316 994 1445 1045 nosti,
1467 996 1507 1025 32
1520 1004 1565 1036 et

117 1048 245 1101 adde,
268 1052 301 1092 si
325 1052 427 1107 quid
452 1053 529 1104 vis,
561 1052 770 1108 probum:
803 1051 913 1092 nihil
944 1051 1031 1092 vidi
1062 1051 1229 1092 melius.
1260 1052 1406 1106 itaque
1436 1066 1563 1093 careo

118 1122 251 1163 aegre.
274 1124 534 1164 quamquam
561 1110 786 1151 videbatur
809 1123 852 1149 se
875 1123 961 1149 non
984 1108 1174 1164 graviter
1201 1108 1384 1159 habere,
1418 1119 1562 1150 tamen

114 1180 213 1205 sum
247 1167 470 1219 sollicitus,
493 1167 816 1222 maximamque
846 1181 966 1221 spem
1001 1167 1138 1207 liabeo
1170 1167 1213 1207 in
1247 1165 1328 1206 Μ’.
1352 1165 1473 1206 Curii
1498 1167 1564 1208 di-

116 1221 314 1278 ligentia,
336 1225 389 1265 de
410 1240 495 1280 qua
525 1225 577 1265 ad
610 1239 678 1265 me
710 1224 883 1279 scripsit
913 1222 1031 1275 Tiro,
1062 1233 1106 1264 et
1136 1223 1260 1264 multi
1293 1224 1563 1265 nuntiarunt.

123 1279 280 1321 Curius
310 1292 455 1323 autem
488 1285 580 1339 ipse
611 1281 758 1332 sensit,
781 1296 907 1336 quam
937 1291 982 1321 tu
1008 1280 1133 1321 velles
1157 1295 1200 1322 se
1222 1296 1246 1322 a
1268 1295 1336 1321 me
1358 1281 1497 1336 diligi,
1519 1292 1565 1323 et

116 1352 170 1380 co
195 1353 287 1378 suin
310 1339 544 1382 admodum
567 1339 818 1380 delectatus.
842 1349 886 1379 et
918 1338 1162 1380 mehercule
1183 1341 1222 1369 33
1236 1349 1315 1389 est,
1337 1353 1466 1394 quem
1498 1338 1561 1380 fa·
1592 1339 1595 1341 ’

109 1394 198 1436 cile
220 1395 390 1452 diligas.
411 1399 587 1448 αὐτόχθων
616 1396 659 1437 in
692 1396 868 1437 homine
898 1397 1120 1437 urbanitas
1150 1406 1229 1438 est.
1251 1398 1293 1427 34
1306 1395 1398 1451 ejus
1429 1404 1561 1438 testa·
1573 1405 1617 1443 b..

118 1465 312 1495 mentum
345 1454 528 1511 deporto
565 1453 827 1495 Ciceronum
863 1454 998 1510 signis
1030 1454 1325 1510 obsignatum,
1355 1454 1562 1496 35cohor·

110 1510 258 1566 *tisque
291 1511 532 1567 praetoriae:
563 1514 605 1543 36
619 1511 724 1553 fecit
755 1511 895 1567 palam
930 1522 972 1552 te
993 1526 1048 1552 ex
1070 1511 1228 1562 libella,
1251 1526 1319 1552 me
1338 1526 1392 1552 ex
1417 1522 1564 1554 terun-

116 1568 200 1611 cio.
264 1567 314 1609 In
358 1568 487 1610 Actio
531 1568 736 1625 Corcyrae
780 1568 939 1610 Alexio
981 1583 1050 1609 me
1091 1570 1270 1625 opipare
1312 1581 1561 1610 muneratus

116 1636 194 1674 est.
258 1626 426 1673 Quinto
460 1626 663 1668 Ciceroni
695 1626 848 1668 obsisti
876 1641 964 1668 non
990 1626 1148 1683 potuit,
1171 1642 1256 1683 quo
1281 1627 1421 1669 minus
1443 1626 1562 1683 Thy-

153 1759 197 1791 29
220 1758 471 1798 tuaprudentia
489 1762 521 1788 et
544 1757 657 1798 temp]
685 1759 706 1788 i.
723 1768 751 1788 e.
768 1757 817 1788 di·
860 1762 898 1788 ut
920 1758 995 1788 feci.
1019 1759 1054 1788 in
1077 1757 1143 1788 fine
1166 1757 1274 1789 addidi
1301 1761 1360 1796 est,
1381 1768 1422 1788 ex
1446 1756 1562 1789 eadem

108 1797 266 1842 digentis„
281 1811 344 1839 quo
361 1801 459 1831 verbo
473 1801 582 1830 utitur
596 1812 647 1840 ep.
666 1803 696 1832 5.
713 1807 797 1831 extr.

155 1845 198 1872 30
218 1852 290 1881 quoe
318 1844 446 1883 quidem
475 1847 573 1873 erant
601 1846 661 1873 tua
691 1843 810 1882 manu]

109 1889 210 1926 ιςναηι
235 1885 331 1922 dixit,
353 1887 430 1924 quia
452 1886 561 1926 plures
590 1891 686 1916 erant
713 1886 815 1926 ipsius

113 1936 216 1956 manu
231 1929 374 1969 scriptae.
390 1929 446 1960 sed
461 1929 599 1959 fortasse
611 1928 726 1971 Cicero
736 1928 816 1959 scri-

108 1969 180 2009 psit
196 1974 281 2001 erat.

157 2014 195 2041 :31
220 2012 316 2043 Nam
332 2013 479 2044 Alexidis
491 2017 643 2045 animum
659 2014 815 2045 amabam

114 2064 296 2086 —mamem
320 2065 383 2085 non
407 2057 491 2096 um.]
517 2058 571 2088 Sic
593 2056 667 2087 edd.
693 2062 728 2086 et
752 2066 814 2087 scr.

113 2106 238 2129 omnes.
254 2098 331 2137 quia
348 2107 486 2129 manum
501 2100 536 2129 in
550 2099 650 2140 priori
665 2099 814 2129 membro

112 2138 232 2178 melius
254 2142 411 2172 convenit
433 2142 491 2177 rei,
514 2141 687 2173 Manutius
709 2141 742 2171 id
765 2151 814 2171 re-

106 2182 191 2222 'poni
215 2183 346 2213 volebat
372 2193 431 2223 pro
457 2185 620 2221 animum,
648 2184 681 2213 in
709 2183 815 2213 altero

93 2227 98 2234 “
111 2225 261 2261 membro
278 2225 403 2263 omitti,
413 2226 500 2266 quod
512 2232 643 2257 secutus
657 2230 707 2256 est
721 2226 813 2256 Grae-

112 2267 195 2297 vius.
240 2268 304 2299 Sed
317 2269 365 2298 ita
379 2269 452 2299 hiat
464 2269 591 2300 oratio:
616 2278 694 2299 nam
716 2269 751 2298 in
765 2268 814 2299 al-

112 2314 186 2340 tero
212 2311 362 2341 membro
390 2312 636 2342 substantivum
666 2320 813 2341 necessa-

112 2353 200 2383 rium
217 2353 356 2384 videtur.
371 2364 414 2384 an
428 2354 637 2385 scribendum
662 2363 730 2384 rem
751 2363 815 2383 non

113 2404 147 2430 ᾳ.
157 2395 245 2436 quod
260 2396 416 2427 convenit
428 2398 530 2427 etiam
544 2397 706 2436 sequenti,
720 2395 816 2436 cujus

112 2447 144 2478 q.
174 2437 274 2478 nus.
303 2439 326 2470 i.
349 2449 380 2470 e.
410 2439 650 2471 invalitudinis,
695 2439 734 2469 In
760 2438 813 2470 ed.

112 2480 187 2513 Aldi
202 2485 237 2511 et
251 2481 324 2512 aliis
338 2486 390 2512 est
403 2482 453 2512 bis
467 2491 620 2513 manum.

155 2526 198 2555 32
229 2528 261 2554 et
289 2524 385 2561 adde,
411 2526 439 2554 εἰ
467 2525 547 2565 qnid
569 2525 632 2559 vis,
653 2523 810 2563 probum]

112 2565 192 2597 Non
221 2566 332 2607 placet
361 2571 415 2597 et.-
438 2567 525 2607 quod
554 2568 589 2597 in
615 2567 678 2597 hac
706 2566 814 2596 forma

111 2617 282 2648 nunquam
298 2608 449 2640 additur:
471 2620 531 2641 nec
547 2609 644 2649 quid:
667 2613 813 2650 putoque

112 2651 333 2688 scribendum,
349 2651 445 2690 adde,
458 2653 485 2682 si
501 2653 559 2682 vis.

155 2695 196 2724 33
218 2697 276 2732 est,
293 2704 388 2734 quem
390 2693 502 2734 facile
521 2693 657 2734 diligas]
684 2694 737 2724 Sic
760 2692 812 2724 ed.

113 2734 212 2770 Rom.
227 2742 262 2766 et
282 2736 358 2767 inde
381 2736 468 2775 aliae,
482 2742 522 2768 ut
540 2737 613 2768 Ald.
630 2737 702 2767 Asc.
719 2736 811 2767 Man.

111 2786 213 2820 quam
227 2782 277 2807 est
290 2778 323 2808 in
346 2778 396 2810 ed.
412 2780 504 2810 Jens.
520 2780 685 2810 revocavit
700 2779 813 2809 Victo-

111 2821 192 2856 rius,
210 2819 396 2861 Malaspina
411 2823 468 2853 δερ.
483 2832 579 2862 quem
599 2822 719 2852 melius
733 2831 813 2852 con-

109 2863 201 2892 venit
226 2862 343 2892 formae
368 2865 527 2895 orationis
540 2863 651 2905 facile
677 2865 811 2903 diligas.

107 2904 165 2942 εις-(1
179 2909 253 2947 post
275 2905 397 2944 diligas
419 2906 725 2947 interpungendum
747 2910 811 2943 est,

170 2961 280 2991 ΥΟΕ.
306 2962 384 2991 111.
410 2962 451 2994 P·
477 2963 532 2991 U.

859 1800 910 1832 ed.
928 1801 1022 1831 Rom.

902 1846 943 1874 34
964 1842 1036 1882 ejus
1060 1846 1292 1873 testamentum
1321 1843 1452 1883 deporto
1478 1844 1559 1874 dum

856 1895 935 1915 rum
955 1885 1020 1916 Cic.
1035 1885 1140 1924 signis
1153 1885 1233 1925 σὸς]
1262 1885 1344 1915 Haec
1364 1886 1462 1916 lectio
1477 1893 1526 1916 est
1542 1898 1560 1917 e

857 1929 1062 1958 correctione
1093 1928 1306 1963 Criticorum,
1330 1934 1370 1958 ut
1400 1929 1559 1966 Manutii,

854 1971 911 2009 qui
933 1975 1048 2001 tamen
1069 1974 1106 2000 et
1128 1969 1228 2000 deleri
1250 1971 1383 2001 volebat
1404 1972 1559 2007 duorum,

858 2018 892 2043 et
908 2023 968 2054 pro
983 2023 1022 2043 eo
1038 2012 1112 2053 poni
1132 2012 1295 2044 Romam.-
1314 2012 1401 2052 quod
1417 2020 1450 2044 et
1468 2014 1559 2044 Grae-

859 2055 910 2086 vio
928 2055 1090 2096 placebat.
1116 2055 1185 2094 Ego
1199 2056 1341 2086 duorum
1357 2055 1472 2093 delevi,
1484 2057 1561 2096 quia

856 2099 925 2138 ejus
941 2098 1071 2128 nullum
1086 2098 1262 2137 vestigium
1277 2099 1373 2128 estin
1390 2098 1462 2129 edd.
1478 2106 1558 2130 vett.

856 2147 896 2171 ut
919 2151 979 2172 nec
1002 2139 1159 2177 Romam,
1183 2150 1248 2180 quo
1271 2141 1370 2171 verbo
1396 2151 1455 2171 nec
1478 2146 1560 2182 opus

857 2188 942 2214 crat.

900 2228 941 2257 35
962 2224 1346 2265 aohorfisqueproetorz'ae]
1365 2225 1443 2256 Non
1459 2225 1560 2256 intel·

856 2267 989 2307 ligenda
1003 2272 1054 2298 est
1074 2267 1191 2299 cohors
1214 2267 1367 2299 militaris
1389 2269 1559 2309 praetoria,

857 2310 913 2341 sed
936 2310 1006 2348 illa,
1026 2319 1101 2350 quae
1124 2311 1263 2341 comites
1288 2312 1439 2351 praetoris
1460 2310 1559 2341 habe?

858 2353 926 2390 bat,
942 2353 1128 2394 praefectos,
1143 2353 1276 2389 scribas,
1293 2354 1434 2385 medicos
1452 2354 1509 2384 ἃς.
1527 2364 1558 2384 v.

858 2395 951 2426 Clav.
977 2395 1064 2436 quod
1092 2406 1131 2426 cx
1157 2406 1196 2426 eo
1222 2395 1424 2437 intelligitur
1449 2395 1559 2432 facile,

857 2439 934 2477 quia
956 2438 1110 2468 militaris
1133 2438 1278 2469 cohortis
1300 2440 1394 2479 signa
1417 2448 1484 2469 nou
1509 2438 1560 2470 ce'-

857 2481 982 2521 pissent
996 2481 1131 2511 tabulae.

901 2524 942 2554 36
951 2522 1040 2563 fecit
1050 2524 1170 2563 palam
1186 2527 1217 2553 te
1234 2522 1310 2562 Sca]
1335 2523 1484 2554 Primum
1497 2534 1560 2565 pa-

859 2566 927 2596 lam
949 2565 1033 2596 mihi
1048 2566 1203 2597 vitiosum
1220 2566 1363 2603 videtur,
1382 2570 1416 2596 et
1438 2576 1457 2597 a
1471 2567 1561 2607 glos-

857 2613 967 2639 satore
998 2613 1130 2646 natum,
1157 2609 1213 2648 qui
1242 2618 1308 2639 non
1334 2611 1563 2649 concoquebat

844 2649 935 2690 secie
960 2652 1030 2682 sinc
1054 2651 1280 2690 adjunctione.
1304 2651 1559 2691 intelligendum

857 2699 907 2724 est
922 2695 1071 2724 heredem
1085 2704 1102 2724 e
1117 2698 1332 2724 testamento.
1355 2698 1429 2724 tum
1446 2694 1563 2733 scripsi

855 2746 896 2766 ez·
921 2737 1029 2766 libella
1052 2747 1127 2766 curn
1153 2736 1284 2767 Graevio
1307 2746 1366 2776 pro
1389 2745 1430 2766 ez·
1453 2737 1561 2768 liberis

856 2786 908 2809 ιιι.
923 2779 976 2809 sed
993 2780 1103 2809 libella
1113 2781 1187 2817 jam
1203 2779 1306 2809 edidit
1320 2779 1498 2814 Jensonus,
1510 2778 1561 2808 in-

857 2820 896 2851 de
912 2823 1099 2859 ascensius,
1116 2821 1218 2851 Aldus
1233 2827 1268 2851 et
1284 2821 1351 2855 alii,
1368 2830 1396 2849 v.
1414 2824 1446 2849 et
1467 2820 1560 2852 clav.

857 2868 931 2895 tum
955 2873 1014 2904 pro
1038 2875 1089 2895 me
1110 2874 1152 2894 ez·
1175 2872 1212 2894 rx
1235 2864 1352 2900 unciis,
1378 2872 1429 2893 me
1451 2872 1491 2894 ex
1513 2867 1561 2893 te·

855 2907 982 2939 runeio.
1000 2917 1032 2939 v.
1051 2906 1143 2939 Clav.
1159 2905 1194 2937 in
1211 2905 1391 2937 terunciu&

810 2960 882 2989 Rr
