1940 3231
731 120 939 163 LIBER
971 120 1060 161 XV.
1550 125 1626 160 835

180 242 255 270 ens
289 244 314 272 e
347 227 605 280 Puteolano,
637 227 983 282 diverteramque
1016 225 1059 266 in
1088 223 1350 267 Cumanum.
1376 224 1436 266 ibi
1463 226 1625 267 ubene

179 287 393 329 valentem
418 287 606 329 videram
632 284 804 327 Piliam.
829 286 866 316 12
879 284 984 340 quin
1007 283 1139 324 etiam
1171 282 1331 324 Baulos
1356 282 1506 323 Cumis
1529 298 1625 325 eam

178 343 283 386 vidi.
309 354 482 386 venerat
503 344 618 385 enim
640 344 683 384 in
709 341 862 383 funus:
898 341 968 384 cui
993 340 1133 381 funeri
1151 354 1238 397 ego
1254 353 1428 396 quoque
1447 354 1624 395 operam

174 400 290 443 dedi.
340 402 423 444 Cn.
462 400 679 450 Lucullus,
716 399 939 440 familiaris
977 407 1138 449 noster,
1175 406 1357 439 matrem
1402 396 1624 439 efferebat.

175 459 315 500 mansi
339 459 473 515 igitur
493 472 545 499 eo
567 457 637 498 die
660 457 702 497 in
727 457 1015 498 Sinuessano:
1042 465 1173 511 atque
1196 455 1296 497 inde
1319 469 1445 496 mane
1468 454 1626 509 postri-

174 515 246 557 die
267 516 482 572 Arpinum
518 514 812 570 proficiscens,
835 514 948 555 hanc
971 513 1199 569 epistolam
1223 512 1414 554 exaravi.
1437 521 1528 552 erat
1550 526 1625 552 au-

177 582 265 614 tem
299 573 406 614 nihil
437 572 553 623 novi,
584 571 700 628 quod
732 583 807 614 aut
840 572 1088 622 scriberem,
1111 580 1186 612 aut
1214 586 1268 612 ex
1293 580 1335 611 te
1357 583 1623 626 quaererem3

175 631 257 672 nisi
281 630 393 671 forte
415 629 499 670 hoc
529 629 582 671 ad
617 644 705 670 rem
731 640 855 686 putas
880 629 1118 685 pertinere:
1152 629 1314 670 Brutus
1338 635 1483 668 noster
1504 626 1625 668 misit

173 687 226 729 ad
256 702 323 728 me
345 687 587 729 orationem
612 702 747 738 suam,
775 687 1015 728 ¹³habitam
1044 686 1088 726 in
1109 687 1322 728 concione
1346 683 1624 741 Capitolina3

173 744 416 800 petivitque
451 761 476 786 a
516 760 597 796 me,
634 754 681 786 ut
711 758 805 786 eam
834 759 911 785 nec
946 742 1178 786 ambitiose
1213 744 1474 799 corrigerem
1507 751 1623 793 ante,

169 815 301 857 quam
323 803 483 844 ederet.
506 811 571 844 est
593 813 739 843 autem
761 802 901 844 oratio
921 801 1083 858 scripta
1104 801 1426 859 elegantissime
1449 810 1622 841 senten-

169 858 256 910 tiis,
282 861 438 912 verbis,
461 870 510 901 ut
532 860 638 902 nihil
665 860 800 916 possit
822 859 946 901 ultra.
967 873 1050 915 ego
1074 868 1234 910 tamen,
1257 858 1290 900 si
1309 858 1424 899 illam
1445 872 1621 899 causam

165 914 431 969 habuissem,
467 921 504 949 14
517 918 782 973 scripsissem
816 917 1052 958 ardentius.
1086 920 1253 965 ὑπόθεσις,
1287 916 1421 966 vides,
1443 930 1541 971 quae
1565 916 1623 956 sit

165 988 351 1030 persona
372 975 570 1018 dicentis.
595 976 741 1031 itaque
763 989 857 1016 eam
880 974 1096 1030 corrigere
1118 988 1205 1015 non
1232 974 1370 1030 potui.
1393 988 1480 1028 quo
1502 972 1620 1014 enim

165 1033 210 1073 in
245 1047 402 1089 genere
438 1034 599 1076 Brutus
633 1042 780 1073 noster
801 1046 892 1073 esse
917 1031 1021 1082 vult,
1044 1040 1089 1072 et
1110 1031 1224 1086 quod
1243 1031 1462 1087 judicium
1487 1030 1622 1072 habet

165 1089 220 1131 de
241 1091 410 1146 optimo
444 1105 601 1147 genere
634 1090 822 1142 dicendi,
853 1090 896 1131 id
928 1089 989 1130 ita
1016 1098 1276 1130 consecutus
1298 1098 1364 1130 est
1386 1089 1431 1129 in
1453 1102 1504 1130 ea
1524 1102 1620 1129 ora-

167 1147 302 1200 tione,
325 1159 373 1189 ut
405 1148 644 1204 elegantius
677 1162 769 1188 esse
802 1146 910 1189 nihil
941 1146 1094 1203 possit.
1121 1148 1156 1176 ¹5
1172 1146 1245 1188 sed
1268 1161 1351 1203 ego
1375 1145 1489 1186 solus
1511 1145 1620 1187 alius

166 1219 288 1257 sum3
319 1206 409 1247 sive
442 1206 526 1248 hoc
557 1215 687 1257 recte,
710 1205 800 1246 sive
829 1219 917 1246 non
952 1213 1083 1246 recte.
1117 1212 1161 1245 tu
1198 1214 1341 1245 tamen
1367 1203 1495 1244 velim
1524 1217 1621 1244 ora-

165 1262 328 1304 tionem
352 1263 485 1320 legas,
508 1264 589 1305 nisi
614 1262 836 1318 for·tejam
858 1261 1019 1319 legisti,
1039 1262 1356 1317 certioremque
1376 1275 1445 1302 me
1468 1260 1619 1311 facias,

167 1320 271 1376 quid
286 1320 460 1376 judices
491 1321 597 1378 ipse.
620 1335 883 1377 quamquam
914 1334 1077 1371 vereor,
1100 1334 1153 1360 ne
1175 1319 1438 1375 cognomine
1462 1328 1537 1360 tuo
1560 1318 1620 1359 la-

165 1392 283 1434 PSUS,
309 1379 346 1409 16
360 1385 573 1435 ὑπεςοιττικὶς
597 1379 653 1420 sis
682 1379 727 1419 in
752 1377 1009 1433 judicando.
1042 1377 1115 1418 sed
1139 1377 1174 1418 si
1198 1377 1479 1419 recordabere
1502 1386 1618 1430 Δημο-

165 1437 277 1482 σθένες
300 1435 496 1488 fulmina,
520 1446 611 1478 tum
646 1435 876 1493 intelliges,
909 1448 1034 1492 posse
1056 1444 1100 1476 et
1119 1437 1339 1476 ἀττικώτοιτω
1362 1434 1618 1491 gravissime

165 1492 268 1536 dici.
293 1494 366 1536 sed
390 1494 484 1535 haec
505 1509 666 1536 coram.
690 1508 806 1535 nunc
829 1507 908 1534 nec
931 1493 1022 1534 sine
1044 1491 1245 1548 epistola,
1270 1506 1350 1534 nec
1373 1506 1473 1534 cum
1499 1491 1617 1533 inani

167 1550 352 1607 epistola
372 1551 487 1593 volui
510 1552 562 1594 ad
587 1561 628 1593 te
651 1551 958 1593 Metrodorum
982 1551 1143 1592 venire.

603 1641 840 1684 ciCERo
870 1639 1102 1683 ATTICO
1135 1639 1180 1682 S.
1629 1613 1663 1676 2'

165 1694 424 1759 QUINTO
457 1709 712 1753 DECIMO
745 1709 930 1752 Kalend.
964 1725 987 1751 e
1021 1710 1284 1751 Sinuessano
1319 1707 1659 1765 proficiscenS,b.

162 1780 262 1808 cum
300 1767 510 1810 dedissem
539 1768 593 1810 ad
627 1780 669 1811 te
707 1767 886 1820 litteras,
920 1767 1279 1823 divertissemque
1313 1781 1337 1808 a
1365 1766 1533 1818 Cumis,
1567 1767 1613 1808 in

162 1822 379 1867 Vesciano
402 1826 550 1883 accepi
585 1842 610 1868 a
643 1825 866 1868 tabellario
889 1838 985 1869 tuas
1012 1825 1203 1877 litteras3
1235 1824 1279 1866 in
1302 1824 1462 1879 quibus
1485 1824 1614 1868 nimis

160 1882 299 1924 multa
319 1883 373 1925 de
396 1883 631 1926 Buthroto.
657 1887 693 1919 17
708 1899 795 1925 non
817 1883 934 1925 enim
958 1883 1038 1925 tibi
1062 1897 1117 1925 ea
1138 1897 1203 1924 res
1227 1882 1380 1938 majori
1401 1896 1517 1924 curae
1539 1892 1616 1927 aut

162 1949 242 1991 est,
265 1950 340 1982 aut
360 1941 457 1992 erit,
479 1956 608 1998 quam
632 1942 755 1983 mihi.
781 1942 842 1983 sic
865 1942 981 1982 enim
1004 1941 1144 1992 decet,
1168 1951 1209 1981 te
1231 1954 1328 1981 mea
1348 1954 1513 1990 curare,
1540 1948 1616 1981 tua.

161 2011 246 2039 me.
277 2001 561 2055 quamobrem
597 2000 639 2042 id
661 1999 836 2056 quidem
873 2000 935 2041 sic
970 2008 1218 2055 susceptum
1241 2007 1307 2039 est
1331 1997 1454 2049 mihi,
1477 2008 1526 2040 ut
1548 1998 1614 2039 ni-

162 2053 222 2096 hil
263 2057 343 2097 sim
383 2057 610 2099 habiturus
648 2057 885 2113 antiquiuS.
939 2056 988 2098 L.
1026 2057 1269 2098 Antonium
1301 2056 1613 2097 concionatum

161 2126 269 2164 esse,
291 2115 481 2172 cognovi
505 2115 590 2157 tuis
612 2115 766 2157 litteris
788 2124 833 2156 et
853 2114 964 2168 aliis,
988 2115 1184 2157 sordide:
1205 2113 1307 2167 sed,
1330 2113 1373 2155 id
1396 2113 1522 2173 quale
1545 2112 1613 2155 fu-

905 2274 1085 2314 pertinere,
1113 2273 1162 2307 nil
1190 2273 1279 2306 enim
1310 2273 1421 2304 differt
1451 2283 1471 2305 a
1496 2282 1609 2306 causa.

203 2275 236 2303 ll
255 2282 352 2313 poene
376 2272 554 2314 valentem]
580 2273 665 2304 Edd.
690 2283 741 2314 pr.
764 2283 861 2314 pene.
903 2316 934 2349 T
1007 2318 1045 2348 21

935 2327 989 2357 op.
1053 2339 1062 2347 .

155 2324 217 2356 pro
231 2326 295 2355 quo
310 2316 387 2346 bene
400 2316 578 2356 legendum
595 2322 683 2347 recte
699 2321 863 2356 putarunt

156 2357 288 2398 quidam
302 2359 363 2390 viri
379 2358 481 2397 docti,
498 2359 675 2395 Corradus,
692 2359 833 2399 Malasp.

202 2403 239 2431 12
261 2401 340 2441 quin
365 2402 468 2433 etiam
495 2401 624 2433 Baulos
650 2401 761 2432 Cumis
786 2411 862 2432 eam

152 2443 236 2484 vidi]
263 2444 337 2474 Hoc
351 2450 402 2476 est
421 2455 438 2475 e
459 2445 549 2475 Bosii
571 2445 775 2484 conjectura,
792 2454 859 2474 non

153 2484 252 2517 bona.
266 2485 340 2518 edd.
357 2497 406 2528 pr.
423 2487 547 2518 habent
562 2497 592 2527 q.
608 2497 634 2517 e.
646 2489 764 2527 paullo
772 2489 861 2518 elam

153 2528 206 2558 iis.
219 2528 353 2560 fecerim
363 2531 481 2570 paullo
489 2534 564 2570 post
584 2529 695 2561 Cumis
709 2539 737 2560 e.
753 2539 784 2560 v.

200 2573 236 2602 13
259 2572 408 2604 habitam
432 2574 468 2603 in
497 2573 646 2604 concione
678 2571 799 2612 Capit]
827 2582 858 2603 v.

152 2613 248 2651 XIV,
268 2616 317 2644 10.

201 2659 238 2687 14
269 2657 466 2697 scripsissem
498 2658 670 2689 ardentius
699 2655 854 2696 ὑποθέσεις]

151 2699 205 2730 Sic
216 2698 343 2738 vulgati
356 2700 451 2731 hodie
462 2712 472 2739 3
490 2701 576 2740 quod
588 2711 700 2731 verum
714 2710 782 2731 non
795 2704 857 2731 est.

154 2751 232 2772 naui
255 2747 306 2772 est
328 2752 397 2774 una
418 2748 551 2774 tantum
576 2744 735 2774 orationis
756 2743 859 2783 hypo-

151 2783 266 2815 thesis.
283 2788 383 2824 atque
406 2786 439 2815 in
463 2786 516 2816 ed.
533 2786 631 2817 Rom.
653 2791 703 2817 est
722 2785 860 2822 ὖπὸθεσις,

154 2826 243 2866 quod
267 2828 409 2867 reposui,
425 2833 556 2859 mutata
576 2829 858 2870 interpunctione.

154 2878 233 2901 nam
259 2867 342 2903 :va-09.
369 2880 436 2901 non
463 2875 573 2912 potest
596 2870 638 2903 ad
661 2871 860 2913 scripsissem

950 2362 986 2391 15
1009 2360 1066 2390 sed
1091 2369 1150 2399 ego
1177 2360 1264 2391 solus
1289 2358 1377 2390 alius
1398 2357 1487 2398 sum]
1525 2360 1614 2390 solas

905 2402 1079 2433 manifeste
1095 2403 1251 2433 vitiosum
1266 2407 1328 2433 est.
1352 2400 1423 2431 Viri
1437 2401 1525 2432 docti
1539 2412 1612 2434 cor.

903 2445 1018 2484 rig-unt
1031 2449 1125 2475 totus.
1143 2455 1209 2475 non
1227 2445 1324 2476 male.
1337 2445 1476 2475 fortasse
1489 2445 1611 2476 scilicet

902 2487 1046 2528 scripsit,
1057 2498 1075 2518 e
1088 2488 1178 2527 cujus
1192 2486 1388 2527 compendio
1399 2487 1469 2518 scil.
1482 2486 1610 2518 factum

902 2531 1000 2561 solus.
1039 2530 1145 2570 Supra
1164 2530 1247 2561 dixit
1262 2530 1391 2567 Cicero,
1412 2530 1518 2561 Bruto
1533 2540 1609 2561 ora-

901 2577 1003 2603 torem
1018 2581 1115 2602 suum
1131 2581 1197 2602 non
1214 2572 1353 2613 placere.

949 2616 984 2646 16
1007 2614 1200 2658 §regam-mk
1227 2614 1284 2655 sis]
1317 2614 1387 2645 scil.
1425 2614 1605 2646 secundum

900 2668 974 2688 eam
996 2658 1201 2698 opinionem,
1223 2667 1297 2698 quae
1317 2661 1392 2688 tum
1415 2663 1488 2689 erat
1508 2657 1608 2697 vulgo

900 2700 940 2730 de
956 2709 1075 2740 genere
1089 2701 1194 2732 attico
1207 2700 1383 2735 scribendi,
1399 2710 1497 2740 qnam
1513 2700 1610 2731 refel-

904 2743 944 2774 lit
961 2744 1077 2775 Cicero
1092 2743 1240 2784 pluribus
1255 2743 1348 2779 locis,
1364 2752 1393 2773 v.
1409 2753 1437 2773 c.
1452 2742 1511 2773 Or.
1532 2745 1581 2773 18.

951 2788 986 2820 17
1009 2795 1074 2816 non
1097 2786 1199 2827 enim]
1225 2787 1312 2817 enim
1337 2784 1479 2816 refertur
1502 2784 1543 2816 ad
1559 2786 1609 2815 nie

904 2829 966 2859 mis
980 2830 1100 2862 multa.

821 2951 952 2991 3112
