1940 3231
752 126 965 169 LIBER
1000 129 1110 168 XIV.
1581 136 1656 172 313

219 251 369 280 vereor
400 237 568 280 Gallica
597 235 726 278 etiarn
757 233 893 286 bella3
928 233 1072 289 19ipse
1095 233 1253 274 Sextus
1275 247 1361 289 quo
1383 235 1551 278 evadat.
1583 238 1658 281 sed

218 297 365 337 omnia
401 296 501 338 licet
533 300 805 342 concurrant,
843 290 944 332 Idus
980 291 1155 332 Martiae
1190 290 1481 334 consolantur.
1521 297 1657 337 nostri

218 362 363 394 autem
386 356 490 410 ὅςωες,
514 351 629 408 quod
660 364 734 406 per
762 350 878 405 ipsos
908 348 1062 390 confici
1097 349 1255 405 potuit,
1277 348 1584 406 gloriosissime
1615 363 1659 395 et

216 410 644 466 magnificentissime
676 406 972 448 confecerunt.
1004 406 1180 462 reliquas
1203 421 1268 447 res
1301 421 1405 463 opes
1428 417 1471 448 et
1509 410 1656 464 copias

218 467 595 522 deside1·ant,quas
618 463 753 506 nullas
775 464 999 505 habemus.
1023 464 1136 506 Haec
1159 478 1241 521 ego
1265 465 1317 505 ad
1342 473 1398 517 te,
1414 477 1475 515 ut,
1498 466 1531 506 si
1553 467 1659 522 quid

217 526 334 577 novi,
356 530 473 578 (nam
495 522 690 579 quotidie
711 522 871 578 aliquid
891 523 1133 578 exspecto‚)
1155 521 1383 564 confestim
1405 524 1455 564 ad
1481 538 1568 566 me:
1600 528 1659 576 et,

216 582 251 622 si
276 584 374 623 novi
399 581 520 631 nihil,
543 589 690 621 nostro
714 594 831 621 more
855 589 998 620 tamen
1025 593 1078 621 ne
1101 581 1316 636 patiamur
1338 581 1565 623 intermitti
1588 582 1658 623 lit-

215 639 385 680 terulas.
417 638 617 694 equidem
642 653 728 679 non
751 638 1042 679 committam.

644 727 880 770 CICERO
911 726 1141 769 ATTICO
1173 728 1218 769 S.
1669 728 1695 763 5

214 784 425 838 SPERO
459 796 537 837 tibi
563 796 658 851 jam
678 810 784 846 esse,
812 805 861 836 ut
883 794 1095 845 volutum,
1126 794 1331 850 quoniam
1355 795 1528 851 quidem
1550 800 1658 842 ἧσ-ίτη-

215 873 290 901 σας,
326 868 424 894 cum
459 853 610 895 leviter
637 863 881 895 commotus
917 867 1054 895 esses:
1098 853 1168 893 sed
1206 862 1348 894 tamen
1374 852 1498 894 velim
1534 855 1656 906 scire,

213 910 318 965 quid
340 926 458 968 agas.
519 911 655 967 Signa
676 910 801 962 bella,
823 910 936 966 quod
973 909 1164 951 Calvena
1190 910 1370 951 moleste
1400 910 1498 962 fert,
1522 926 1566 952 se
1588 927 1659 953 su-

215 978 410 1023 spectum
434 984 525 1011 esse
558 969 710 1010 Bruto.
742 968 814 1009 illa
835 969 959 1024 signa
989 981 1075 1008 non
1099 968 1226 1019 bona,
1250 969 1283 1009 si
1316 983 1414 1009 cum
1438 969 1572 1025 signis
1599 969 1659 1010 le-

211 1026 364 1081 giones
387 1028 567 1068 veniunt
588 1042 611 1068 e
634 1026 791 1068 Gallia.
823 1026 925 1082 quid
951 1036 995 1067 tu
1019 1025 1111 1066 illas
1137 1036 1275 1082 putas,
1297 1040 1395 1081 quae
1416 1026 1589 1067 fuerunt
1612 1028 1656 1068 in

213 1082 444 1140 Hispania,
464 1099 607 1126 nonne
625 1088 665 1115 20
679 1084 791 1125 idem
813 1084 1130 1140 postulaturas?
1165 1084 1286 1139 quid,
1305 1099 1410 1139 quas
1433 1087 1469 1115 21
1486 1083 1655 1126 Annius
1669 1107 1699 1138 p.
1716 1101 1789 1132 224.

215 1144 552 1198 transportavlt?
585 1141 819 1184 caninium
842 1141 973 1193 VOlUl,
997 1141 1067 1182 sed
1088 1147 1276 1194 μνημονικὸν
1294 1144 1494 1197 ἆμαίξτημαι,
1530 1144 1571 1173 29
1584 1142 1656 1184 Ab
1669 1150 1700 1172 a·

215 1198 403 1241 aleatore
433 1207 560 1256 φυςμὸς
579 1202 695 1244 πολύς.
735 1214 833 1240 nam
867 1200 949 1240 ista
980 1199 1155 1254 quidem
1190 1197 1375 1240 Caesaris
1405 1199 1658 1242 libertorum

213 1257 459 1313 conjuratio
481 1256 607 1303 facile
629 1258 960 1313 opprimeretur,
983 1258 1015 1297 si
1041 1265 1157 1297 recta
1182 1265 1350 1312 saperet
1371 1258 1410 1287 23
1424 1255 1658 1300 Antonius,

216 1312 365 1356 Meam
390 1314 566 1356 stultam
590 1315 906 1366 verecundiam,
929 1319 969 1346 24
982 1314 1055 1370 qui
1081 1313 1212 1369 legari
1236 1313 1447 1354 noluerim
1470 1324 1569 1357 ante
1591 1330 1657 1357 res

213 1372 416 1428 prolatas,
436 1387 488 1414 ne
510 1373 703 1415 deserere
723 1373 887 1414 viderer
910 1372 1024 1413 hunc
1046 1385 1186 1412 rerum
1212 1380 1449 1424 tumorem3
1473 1374 1541 1414 cui
1565 1388 1657 1414 cer-

213 1439 255 1470 te
279 1430 312 1472 si
335 1445 503 1487 possem
539 1429 714 1480 mederi,
736 1431 882 1472 deesse
913 1444 1000 1470 non
1023 1429 1238 1471 deberem.
1271 1429 1345 1470 sed
1370 1430 1488 1471 vides
1518 1432 1658 1487 magi-

213 1496 386 1540 stratus,
409 1488 443 1529 si
466 1488 637 1544 quidem
664 1487 723 1529 illi
746 1487 1048 1545 magistratus:
1077 1487 1194 1528 vides
1217 1497 1361 1528 tamen
1386 1490 1558 1544 tyranni
1594 1504 1660 1530 sa-

213 1545 368 1587 tellites
391 1546 434 1587 in
458 1545 675 1601 imperiis;
700 1546 816 1587 vides
837 1545 1031 1602 ejusdem
1055 1545 1297 1596 exercitus3
1321 1545 1438 1586 vides
1462 1546 1505 1586 in
1527 1545 1661 1588 latere

214 1612 454 1655 veteranos;
477 1618 575 1659 quae
598 1611 699 1644 sunt
718 1607 869 1659 εὗςίπιςοι
888 1603 1058 1644 omnia:
1084 1617 1156 1644 eos
1180 1611 1321 1643 autem
1340 1603 1413 1658 qui
1437 1603 1554 1644 orbis
1575 1615 1660 1645 ter-

209 1674 269 1702 rae
293 1662 501 1703 custodiis
524 1676 609 1702 non
639 1661 770 1702 modo
803 1661 929 1716 septi,
953 1674 1100 1702 verum
1133 1660 1264 1701 etiam
1292 1660 1440 1717 magni
1471 1675 1562 1702 esse
1583 1662 1658 1703 de-

211 1719 387 1770 bebant,
409 1721 450 1750 25
465 1728 633 1760 tantum
670 1733 757 1759 non
780 1718 942 1760 laudari
973 1727 1102 1774 atque
1136 1717 1285 1769 amari,
1309 1720 1381 1759 sed
1420 1719 1657 1774 parietibus

211 1776 441 1818 contineri.
480 1776 600 1831 atqui
635 1775 694 1817 illi
731 1790 907 1832 quoquo
947 1776 1077 1817 modo
1118 1776 1256 1827 beati3
1298 1775 1451 1817 civitas
1485 1777 1656 1820 misera.

212 1833 296 1876 Sed
321 1834 447 1876 velim
484 1835 606 1886 scire,
639 1834 744 1889 quid
780 1834 821 1865 2⁷6
837 1834 1050 1875 adventus
1085 1832 1274 1874 Octavii.
1308 1848 1411 1874 num
1445 1834 1519 1889 qui
1553 1849 1658 1876 con-

208 1907 358 1933 cursus
380 1893 432 1934 ad
455 1907 569 1944 eum,
591 1906 695 1934 num
728 1906 824 1947 quae
848 1896 1038 1947 νεωτεςισμέ
1061 1891 1264 1947 suspicio,
1298 1905 1382 1932 non
1407 1901 1512 1946 puto
1536 1893 1658 1948 equi-

210 1950 334 1991 dem:
367 1950 438 1992 sed
474 1959 616 1991 tamen
649 1949 859 2005 quidquid
891 1958 970 2000 est,
1008 1949 1116 1990 scire
1146 1949 1289 2006 cupio.
1353 1947 1467 1990 Haec
1505 1950 1657 2006 scripsi

209 2007 264 2048 ad
287 2015 327 2048 te
347 2007 623 2064 proficiscens
646 2007 808 2048 Astura
831 2005 1028 2048 111Idus.

650 2080 886 2123 CICERO
918 2078 1150 2122 ATTICO
1183 2080 1228 2122 S.
1669 2087 1699 2129 6

164 2158 170 2165 ’
209 2137 443 2191 PRIDIE
466 2149 567 2192 Idus
592 2150 754 2192 Fundis
776 2150 925 2207 accepi
948 2159 1043 2191 tuas
1066 2150 1229 2192 litteras
1263 2164 1436 2192 cenans.
1468 2149 1657 2206 primum

208 2206 344 2263 igitur
367 2207 518 2249 melius
552 2223 669 2252 esse:
701 2209 857 2250 deinde
887 2207 1064 2249 meliora
1098 2218 1139 2249 te
1162 2208 1374 2249 nuntiare.
1406 2207 1557 2250 odiosa
1587 2208 1660 2250 illa

207 2265 324 2307 enim
346 2265 532 2317 fuerant,
554 2266 746 2323 legiones
770 2266 928 2307 venire.
982 2265 1095 2306 Nam
1120 2266 1172 2307 de
1195 2266 1384 2308 Octavio
1407 2280 1562 2321 susque
1585 2267 1660 2307 de-

207 2337 307 2379 que.
341 2332 550 2380 exspecto
581 2324 686 2380 quid
708 2326 745 2358 27
761 2324 814 2365 de
837 2323 1008 2365 Mario:
1042 2338 1170 2379 quem
1202 2324 1377 2379 quidem
1399 2337 1483 2380 ego
1516 2324 1659 2366 subla-

23 2265 29 2291 Ι

24 2302 30 2321 t

23 2339 33 2431 i

42 2456 43 2462 κ
254 2440 292 2472 19
313 2439 382 2478 ipse
397 2437 533 2478 Sextus]
559 2449 588 2468 v.
605 2439 646 2470 ad
661 2448 714 2478 ep.
732 2441 762 2470 l.
954 2437 1062 2469 Roma
1077 2438 1255 2469 noluerim.

251 2483 292 2511 20
315 2481 399 2511 idem
417 2481 662 2521 postulaturus]
689 2481 785 2522 Quod
807 2480 911 2512 Galli·
997 2482 1037 2512 95
1073 2484 1206 2511 tantum
1242 2480 1321 2520 non]
1361 2481 1430 2511 Aut
1469 2479 1658 2513 addendum

208 2531 269 2559 eoe,
284 2532 329 2553 sc.
345 2527 384 2554 ut
399 2523 460 2554 sibi
482 2525 643 2565 promissa
662 2535 682 2555 a
696 2526 825 2556 caesare
840 2534 912 2564 per·
953 2532 1031 2559 non,
1052 2528 1130 2554 ante
1146 2526 1295 2560 tantum,
1310 2529 1370 2553 aut
1393 2523 1655 2563 intelligendum

42 2587 45 2598 ,
208 2564 392 2597 solvantur.
955 2565 1037 2596 illud
1060 2566 1188 2603 malim,
1212 2566 1274 2597 etsi
1296 2567 1364 2596 scio
1393 2566 1427 2597 id
1450 2566 1553 2597 etiam
1579 2571 1659 2597 ante

42 2603 46 2646 l
251 2610 287 2638 21
315 2608 445 2638 Annius
469 2609 723 2649 transportam't]
758 2608 799 2640 In
822 2608 913 2640 Grae-
955 2608 1013 2638 sed
1037 2609 1140 2639 etiam
1166 2609 1279 2639 omitti
1304 2608 1484 2639 interdum.
1512 2618 1544 2640 v.
1563 2609 1656 2641 Clav.

209 2649 294 2680 ciam
311 2650 351 2681 ad
363 2650 487 2681 bellum
503 2656 621 2683 contra
636 2651 787 2683 Parthos.
958 2650 994 2680 in
1009 2660 1073 2681 non
1087 2651 1192 2681 moda.

252 2694 293 2724 22
314 2693 365 2723 Ab
378 2693 534 2733 aleatore]
560 2694 719 2725 Antonio.
994 2693 1036 2724 26
1058 2694 1219 2724 adventus
1244 2691 1388 2732 Octavii]
1436 2692 1486 2723 Ab
1522 2691 1658 2732 Apollo-

250 2737 291 2767 23
314 2735 493 2774 Antonius]
531 2736 664 2768 Nomen
691 2737 754 2768 hoc
782 2736 912 2767 videtur
954 2734 1022 2772 nia,
1048 2736 1105 2766 ubi
1133 2735 1321 2766 studiorum
1345 2745 1444 2766 causa
1466 2735 1588 2773 fuerat,
1616 2735 1658 2766 ad

208 2785 278 2808 esse
307 2788 327 2809 a
354 2778 546 2818 glossatore.
579 2789 658 2811 nam
682 2784 732 2811 est
760 2780 796 2811 in
820 2780 911 2810 alea-
953 2777 1173 2809 hereditatem
1192 2778 1330 2809 Caesaris
1345 2776 1544 2808 adeundam.

210 2823 291 2852 tore.
999 2823 1038 2854 27
1062 2821 1102 2851 de
1123 2820 1249 2860 Mario]
1278 2819 1404 2851 Pseudo
1420 2819 1542 2856 Mario,
1560 2828 1659 2859 quem

249 2865 292 2893 24
324 2862 381 2901 qui
410 2862 517 2900 legari
541 2863 718 2904 noluerim]
756 2863 912 2904 Legatio-
955 2862 1120 2895 Antonius
1138 2863 1316 2894 interfecit.
1331 2862 1372 2893 cf.
1392 2871 1445 2903 ep.
1460 2864 1490 2895 7.
1504 2863 1533 2893 8,

208 2914 285 2936 nem
301 2903 437 2937 liberam
453 2908 562 2946 petere
577 2916 596 2937 a
607 2910 739 2946 senatu,
753 2910 787 2939 et
800 2907 911 2938 abesse
