1940 3231
339 132 413 166 514
751 129 933 168 EPIST.
961 130 1038 168 AD
1063 127 1349 171 ΑΤΤἸΟΠΜ,

340 231 549 282 }ocutum,
570 242 634 273 est
665 232 852 288 aliquid3
883 236 922 265 33
938 234 1010 274 sed
1044 233 1181 274 multo
1213 242 1278 274 est
1301 231 1451 273 melius
1484 229 1700 287 abrogari.
1736 227 1770 269 ei

339 289 456 330 enim
479 304 603 331 nemo
628 289 847 346 impediet,
873 293 914 325 39
929 291 1032 346 quid
1054 301 1118 331 est
1141 291 1331 331 firmius?
1364 289 1427 329 sin
1451 290 1546 339 erit,
1570 288 1643 343 qui
1674 285 1773 327 ferri

340 360 427 387 non
451 346 588 398 sinat3
635 347 746 388 idem
777 359 946 388 senatus
977 347 1174 388 consulto
1209 346 1459 388 intercedet.
1491 349 1531 376 40
1547 359 1624 386 nee
1655 343 1776 398 quie-

342 417 470 459 quam
495 404 606 445 aliud
632 419 739 460 opus
773 414 851 455 est,
873 419 1002 459 quam
1025 404 1240 460 abrogari.
1270 406 1305 434 4¹
1327 418 1424 444 nam
1458 403 1574 459 prior
1606 402 1674 442 lex
1699 413 1778 441 nos

342 459 450 501 nihil
484 459 682 502 iaedebat.
712 464 753 493 42
770 476 895 516 quam
934 462 983 511 si,
1021 470 1067 501 ut
1088 473 1151 502 cst
1184 460 1470 517 promulgata,
1502 459 1673 500 laudare
1703 470 1777 498 vo-

344 517 583 564 luissemus,
606 527 692 568 aut,
715 528 763 558 ut
795 528 885 558 crat
920 518 1191 573 negligenda,
1213 518 1457 573 negligere3
1497 530 1650 558 nocere
1684 527 1776 554 om-

344 574 448 615 nino
475 575 598 614 nobis
621 589 704 615 non
731 576 954 630 potuisset.
985 575 1110 615 ⁴³11ic
1133 575 1238 616 mihi
1265 575 1448 630 primum
1472 588 1614 614 meum
1637 570 1778 613 consi-

345 630 449 672 lium
472 631 626 682 defuit,
648 632 718 671 sed
742 632 872 672 etiarn
894 631 1052 673 obfuit.
1084 632 1206 681 caeci,
1231 632 1351 682 caeci,
1382 632 1572 686 inquam,
1603 629 1781 677 fuimus,

348 689 389 729 in
416 689 569 728 vestitu
595 689 816 740 mutando,
839 690 881 730 in
906 690 1065 744 populo
1095 688 1301 744 rogando.
1334 689 1464 743 quod,
1484 692 1526 720 44
1539 687 1620 728 nisi
1643 684 1782 727 nomi-

347 745 481 796 natim
507 759 671 786 mecum
695 747 765 801 agi
789 756 983 801 coeptuin
1008 755 1133 795 esset,
1153 745 1242 785 fieri
1267 745 1554 801 perniciosum
1579 744 1676 786 fuit.
1709 740 1782 782 sed

348 815 481 858 pergo
506 804 737 857 praeterita.
762 814 1054 843 verumtamen
1076 803 1132 843 ob
1150 801 1260 843 hane
1282 816 1470 852 eausam,
1490 811 1552 851 ut,
1573 804 1614 833 45
1628 801 1661 841 si
1679 797 1783 855 quid

348 870 515 914 agatur,
539 859 673 915 legem
701 859 830 909 illam,
851 860 893 899 in
916 873 1000 914 qua
1024 859 1248 914 popularia
1269 859 1404 903 muita
1422 869 1538 908 sunt,
1559 872 1612 899 ne
1633 868 1785 913 tanga-

349 917 418 956 tis.
453 929 595 956 verum
621 926 685 956 est
708 916 901 967 stultum,
924 930 992 956 me
1024 915 1272 972 praecipere,
1295 915 1397 970 qnid
1427 917 1581 972 agatis,
1603 924 1677 955 aut
1698 928 1786 969 quo

348 972 495 1013 modo.
528 973 689 1013 utinam
720 973 848 1014 modo
871 982 1023 1029 agatur
1049 972 1237 1027 aliquid!
1269 973 1310 1013 in
1334 987 1420 1027 quo
1443 972 1536 1028 ipso
1559 972 1694 1012 multa
1715 985 1787 1012 oc-

350 1029 517 1071 cultant
556 1039 641 1071 tuae
676 1029 845 1081 litterae,
878 1030 1021 1081 credo,
1060 1044 1113 1070 ne
1153 1029 1448 1070 vehementius
1489 1028 1790 1084 desperatione

351 1088 589 1143 perturber.
622 1087 722 1142 quid
746 1090 861 1128 enim
896 1087 1013 1129 vides
1035 1087 1105 1143 agi
1140 1101 1279 1142 posse,
1310 1096 1383 1127 aut
1405 1102 1491 1141 quo
1525 1086 1682 1127 modo?
1713 1098 1791 1141 per

353 1147 633 1185 senatumne?
664 1155 727 1185 ast
763 1155 853 1185 tute
876 1145 1084 1201 scripsisti
1107 1145 1159 1185 ad
1184 1158 1266 1194 me,
1287 1145 1328 1175 46
1341 1144 1557 1199 quoddam
1579 1152 1710 1199 caput
1731 1142 1791 1183 le-

243 1201 421 1257 p.47-gis
461 1201 661 1242 Clodium
703 1202 743 1242 in
776 1202 906 1243 curiae
945 1212 1066 1257 poste
1100 1201 1260 1251 fixisse,
1293 1215 1344 1242 ne
1380 1201 1542 1251 referri,
1566 1214 1672 1241 neve
1703 1199 1791 1240 dici

312 1258 517 1299 ³·lieeret.
540 1274 626 1314 quo
647 1259 775 1299 modo
800 1260 931 1315 igitur
957 1258 1176 1300 Domitius
1207 1273 1250 1298 se
1279 1258 1391 1298 dixit
1414 1258 1674 1299 relaturum?
1703 1271 1790 1312 quo

354 1316 484 1357 modo
506 1327 665 1365 autem,
690 1317 754 1365 iis,
777 1331 884 1371 quos
917 1326 959 1357 tu
985 1316 1150 1366 scribis,
1172 1325 1215 1355 et
1236 1315 1289 1356 de
1312 1330 1353 1356 re
1382 1313 1643 1365 dicentibus,
1664 1323 1722 1365 et,
1745 1321 1793 1354 ut

355 1372 595 1423 referretur,
628 1373 959 1429 postulantibu5‚
986 1376 1023 1407 47
1043 1372 1221 1413 Clodius
1256 1374 1421 1415 tacuit?
1451 1388 1516 1424 ac,
1539 1373 1571 1413 si
1607 1385 1683 1428 per
1715 1385 1792 1427 po-

354 1430 518 1486 pulum,
554 1431 781 1486 poteritne,
805 1430 884 1470 nisi
916 1430 968 1471 de
1000 1431 1192 1470 omnium
1228 1430 1496 1471 tribunoruin
1528 1429 1667 1486 plebis
1696 1442 1792 1469 sen-

355 1487 518 1528 tentia?
547 1487 650 1542 quid
672 1488 723 1528 de
756 1487 906 1529 bonis?
943 1486 1047 1542 quid
1079 1487 1131 1528 de
1161 1487 1319 1528 domo?
1343 1487 1558 1544 poteritne
1591 1485 1791 1527 restitui?

354 1553 443 1595 aut,
468 1545 499 1584 si
525 1559 609 1584 non
631 1545 803 1600 poterit,
822 1555 995 1600 egomet
1018 1559 1104 1599 quo
1127 1544 1256 1585 modo
1281 1547 1459 1600 potero?
1492 1544 1605 1585 Haec
1629 1543 1709 1584 nisi
1730 1542 1793 1584 vi-

355 1601 428 1642 des
450 1601 662 1657 expediri,
679 1616 806 1656 quam
832 1603 872 1641 in
898 1616 1015 1658 spem
1040 1616 1108 1643 me
1131 1616 1257 1642 vocas
1277 1604 1288 1642 ?
1321 1602 1385 1643 sin
1407 1612 1550 1642 autem
1573 1601 1662 1656 spei
1685 1598 1795 1641 nihil

355 1667 436 1709 est,
457 1673 553 1714 quae
576 1669 640 1699 est
663 1659 768 1700 mihi
795 1659 904 1701 vita?
943 1660 1087 1714 itaque
1108 1668 1315 1714 exspecto
1351 1658 1670 1700 Thessalonicae
1696 1666 1793 1698 acta

358 1715 457 1757 Kal.
482 1716 605 1756 Sext.
629 1730 682 1756 ex
707 1716 864 1770 quibus
899 1726 1099 1766 statuam,
1124 1716 1165 1756 in
1193 1726 1344 1757 tuosne
1377 1731 1503 1772 agros
1526 1714 1794 1771 confugiam,

355 1775 397 1804 48
413 1781 458 1813 ut
480 1787 618 1828 neque
642 1773 808 1814 videam
844 1774 1057 1824 homines,
1079 1788 1187 1828 quos
1222 1773 1370 1824 nolim,
1392 1785 1435 1814 et
1469 1783 1525 1825 te,
1549 1782 1596 1814 nt
1629 1771 1796 1823 scribis,

358 1895 446 1925 gem,
464 1885 519 1916 sed
541 1886 762 1926 privilegium,
785 1891 882 1926 atque
905 1886 997 1923 aden,
1016 1896 1055 1916 ex
1100 1887 1200 1917 etiam
1216 1884 1332 1926 offuit]
1360 1889 1412 1918 Sic
1426 1887 1594 1918 Victorius
1607 1896 1646 1917 ex
1659 1884 1799 1924 antiquo

358 1927 485 1967 legibus
499 1927 579 1958 XII.
593 1929 795 1965 tabularum,
811 1929 881 1968 ipso
896 1930 973 1967 jure
989 1939 1054 1959 non
1101 1928 1279 1968 exemplari
1294 1939 1327 1960 se
1350 1929 1443 1960 edere
1459 1929 1551 1965 dicit,
1569 1938 1628 1968 pro
1643 1930 1675 1958 h.
1698 1937 1743 1957 m.
1762 1937 1798 1967 p.

359 1970 479 2001 vaiere.
532 1971 627 2001 (Iuleo
654 1971 778 2001 amicus
805 1971 951 2011 Pompeii
979 1972 1055 2003 fuit.
1101 1981 1165 2001 non
1190 1971 1281 2001 modo
1307 1973 1476 2002 consilium
1505 1971 1537 2002 d.
1563 1971 1650 2009 quod
1678 1969 1719 1999 ab
1747 1969 1802 2001 ed.

360 2022 434 2043 cum
447 2021 486 2043 eo
502 2011 604 2052 igitur
615 2013 654 2043 de
670 2013 731 2044 hac
748 2023 781 2043 re
796 2012 926 2043 loeutus
936 2019 985 2044 est
999 2014 1059 2044 At·
1105 2013 1199 2043 Rom.
1225 2014 1332 2044 fluxit.
1377 2013 1439 2044 Sed
1453 2015 1499 2044 sic
1523 2017 1594 2043 erat
1604 2015 1678 2053 jam
1700 2012 1734 2042 in
1749 2012 1801 2043 ed.

361 2056 456 2090 ficus,
467 2058 507 2084 ut
522 2054 553 2084 id
574 2055 728 2095 Pompeio
743 2056 984 2086 demonstraret
999 2057 1057 2087 ἃς.
1101 2055 1250 2085 .ῐθυεοηί.
1278 2066 1320 2086 an
1332 2056 1365 2086 id
1386 2061 1482 2086 vocat
1495 2055 1668 2094 antiquum
1691 2064 1802 2085 exem-

362 2097 526 2127 Corradus
542 2097 675 2136 conjicit
696 2099 797 2128 etiam
818 2098 990 2134 Aculeone,
1006 2099 1061 2128 Ci-

360 2139 488 2169 eci-onis
504 2140 699 2170 consobrino
710 2145 743 2170 et
753 2140 838 2178 juris
851 2141 958 2179 perito
969 2150 986 2170 e
1000 2140 1064 2170 dis-

361 2180 484 2222 cipiina
491 2186 642 2221 paterna,
649 2182 826 2221 eodemque
838 2182 974 2213 Caesaris
984 2183 1066 2213 ami-

362 2232 414 2254 eo.
450 2224 511 2254 Ed.
523 2224 615 2255 Jens.
630 2229 664 2255 et
678 2224 752 2255 aliae
766 2224 889 2254 habeut
908 2225 1057 2255 Curione.

407 2268 447 2297 38
468 2267 524 2296 sed
545 2269 648 2296 multo
674 2271 720 2297 est
750 2268 865 2296 melius
888 2267 1062 2307 abrogari]

363 2307 493 2348 Nempe
508 2308 579 2348 lege
593 2309 670 2346 alia,
685 2318 752 2340 non
768 2309 869 2346 scto,
885 2320 924 2340 ex
940 2309 996 2340 ina
1009 2311 1062 2349 ju-

366 2360 409 2381 ris
426 2360 535 2381 causa.

408 2393 449 2425 :39
463 2393 543 2432 quid
553 2392 756 2433 estfirmz'us]
773 2393 964 2434 Suspicatus
977 2404 1066 2431 sum,

367 2433 542 2472 legendum
557 2443 626 2465 esse
639 2435 713 2465 erit.

408 2478 450 2506 40
472 2486 529 2506 nec
557 2477 730 2516 quicquam
765 2477 861 2507 aliud
894 2488 972 2518 θρω-
1007 2481 1066 2514 est,

366 2527 468 2558 quam
483 2518 656 2557 abrogari]
678 2518 875 2550 Tunstallns
889 2530 921 2559 p.
938 2523 990 2554 71.
1009 2529 1067 2550 nec

367 2570 397 2600 q.
413 2570 445 2590 a.
461 2569 540 2599 opus
552 2564 610 2597 est,
625 2561 775 2600 inquam,
787 2563 957 2601 abrogari.
973 2562 1067 2592 bene.

367 2603 497 2642 opinor.
521 2612 597 2632 nam
614 2604 780 2633 consentit
793 2604 1015 2643 sequentibus.

410 2647 449 2674 41
474 2653 555 2674 nam
565 2645 659 2683 prior
681 2645 746 2683 lex]
776 2645 815 2675 In
840 2656 904 2685 qua
918 2647 1067 2677 universe

369 2686 505 2717 Clodius
519 2685 642 2716 tulerat
658 2686 696 2717 de
719 2687 770 2724 iis,
785 2689 838 2728 qui
856 2689 959 2719 civem
984 2688 1068 2719 indi-

368 2732 424 2758 eta
439 2737 537 2758 causa
550 2727 756 2758 occidissent.

412 2773 453 2800 42
475 2779 576 2809 quam
599 2770 639 2806 si,
662 2775 700 2801 ut
723 2775 769 2801 est
791 2773 1022 2811 promulgata,
1045 2774 1066 2802 l.

369 2811 590 2851 voluissemus]
637 2812 851 2843 Scribendum
897 2820 992 2853 put0,
1029 2820 1067 2845 ut

369 2858 441 2883 orat
450 2863 485 2893 p.
501 2855 547 2884 sic
563 2864 651 2890 mox,
667 2859 705 2884 uc
718 2859 792 2885 erat
805 2856 1012 2896 negligenda.

412 2899 452 2926 43
475 2897 527 2927 hic
542 2897 622 2928 mihi
631 2897 781 2938 primum
796 2908 906 2929 meum
919 2909 946 2929 c.
966 2898 999 2928 d.
1014 2898 1071 2929 sed

1107 2098 1200 2137 piar?
1227 2098 1284 2128 sed
1305 2100 1406 2128 etiam
1428 2108 1495 2128 non
1519 2096 1723 2138 praecedente
1737 2106 1803 2128 mm

1107 2141 1198 2170 modo
1212 2150 1277 2170 uon
1293 2149 1404 2171 rarum
1418 2147 1481 2171 est.

1149 2185 1191 2213 44
1213 2183 1274 2212 nisi
1287 2184 1483 2213 nominatim
1499 2191 1624 2213 mecum
1639 2182 1698 2220 agi
1712 2191 1741 2212 c.
1756 2181 1800 2222 e.]

1108 2223 1197 2255 Alias
1220 2229 1270 2255 est
1285 2225 1322 2255 de
1344 2235 1407 2261 me,
1421 2235 1538 2264 nempe
1560 2225 1594 2254 iu
1616 2224 1701 2263 lege.
1726 2233 1805 2254 mox

1106 2267 1164 2297 aed
1181 2277 1283 2306 pergo
1299 2268 1497 2307 proeteriea5
1516 2267 1578 2297 int.
1600 2275 1803 2297 commemo-

1107 2319 1179 2340 rare
1193 2320 1230 2340 ae
1248 2309 1493 2350 reprehendere.

1148 2353 1189 2382 45
1211 2352 1239 2381 si
1261 2352 1341 2391 quid
1361 2350 1533 2390 ageretur]
1559 2350 1693 2380 Cot-rexi
1718 2359 1803 2389 aga-

1108 2397 1176 2423 tur.
1198 2394 1391 2430 necessario,
1406 2394 1479 2432 quia
1495 2393 1655 2431 sequitur,
1672 2402 1713 2423 ne
1728 2396 1804 2423 tan—

1105 2437 1209 2473 gatis.
1255 2436 1287 2466 Si
1304 2436 1374 2476 quis
1397 2435 1495 2466 malit
1514 2439 1647 2473 agetur,
1663 2444 1730 2465 non
1753 2443 1804 2466 re-

1109 2487 1265 2517 pugnem.

1152 2520 1194 2550 46
1215 2520 1377 2559 quoddam
1391 2522 1489 2559 eaput
1502 2519 1583 2557 legis
1605 2518 1681 2557 δια]
1705 2518 1805 2559 quod—

1110 2562 1189 2592 dam
1203 2572 1317 2592 verum
1332 2571 1400 2592 esse
1415 2571 1482 2591 non
1497 2565 1616 2599 potest.
1633 2570 1709 2591 nam
1723 2560 1807 2592 illud

1111 2608 1211 2644 caput
1237 2604 1323 2642 quod
1348 2604 1460 2639 fuerit,
1487 2603 1607 2633 diserte
1635 2602 1727 2633 dicit.
1762 2612 1805 2634 an

1111 2646 1318 2676 scribendum
1344 2646 1536 2686 quondam?
1570 2655 1687 2685 nempe
1709 2645 1744 2675 in
1766 2655 1806 2677 ea

1111 2688 1264 2728 epistola,
1279 2688 1332 2718 cui
1345 2687 1518 2728 respondet
1532 2687 1564 2717 in
1580 2698 1631 2727 ep.
1651 2690 1699 2717 12.

1152 2733 1192 2763 47
1220 2730 1348 2761 Clodius
1361 2729 1478 2768 tacuit]
1506 2730 1545 2759 In
1559 2729 1608 2760 ed.
1624 2729 1809 2760 Gronoviu-

1111 2782 1154 2803 na
1172 2777 1222 2802 est
1236 2777 1360 2808 tamen,
1376 2773 1446 2803 sine
1463 2777 1551 2802 nota.
1574 2772 1668 2809 vitio,
1682 2775 1722 2802 ut
1735 2771 1806 2812 opi-

1111 2824 1184 2849 nor,
1202 2824 1388 2854 operarum.

1154 2859 1194 2887 48
1217 2860 1255 2886 ut
1268 2856 1455 2897 neque—et]
1485 2866 1514 2887 v.
1530 2854 1597 2888 alia
1608 2855 1758 2898 exempla
1772 2855 1808 2887 in

1113 2897 1224 2930 Clave.
1242 2909 1270 2929 v.
1285 2907 1396 2939 neque.
