1940 3231
311 161 387 196 612
725 154 907 194 EPIST.
935 155 1013 194 AD
1039 154 1329 199 ATTICUM,

314 273 578 326 magnopere
599 267 802 312 metuam,
824 259 973 303 Parthi
998 260 1178 313 faciunt,
1202 263 1242 291 54
1253 259 1323 315 qui
1349 265 1522 315 repente
1544 257 1751 301 Bibulum

315 318 570 360 semivivum
593 317 870 374 reliquerunt.

280 403 305 440 3
748 399 983 442 CICERO
1014 399 1242 443 ATTICO
1275 401 1303 442 S

272 462 386 516 b.A.
419 476 461 517 d.
495 490 603 517 viu.
639 474 704 516 Id.
743 474 953 516 Decemb.
994 472 1287 516 Herculanum
1320 474 1432 525 veni,
1471 483 1514 514 et
1556 473 1616 515 ibi
1656 481 1751 516 tuas

319 533 482 574 litteras
505 533 605 588 legi,
626 546 730 586 quas
756 530 1016 572 Philotimus
1038 530 1145 572 mihi
1168 532 1380 575 reddidit:
1415 546 1438 572 e
1459 529 1616 587 quibus
1638 530 1752 572 hanc

319 592 459 647 primo
489 600 664 645 aspectu
688 588 954 646 voluptatem
987 588 1099 654 cepi,
1121 590 1234 643 quod
1265 600 1386 631 erant
1407 605 1431 630 a
1453 596 1495 629 te
1524 589 1619 645 ipso
1649 588 1754 630 scri-

320 656 433 703 ptae.
466 646 619 687 deinde
641 660 786 686 eanum
817 646 1139 687 ι’(ῑοιιιειῑίεείωει
1168 646 1393 703 diligentia
1414 661 1507 687 sum
1530 661 1686 687 mirum
1707 646 1754 687 in

318 704 496 744 modum
518 702 768 744 delectatus.
819 702 886 744 Ac
919 703 1102 758 primum
1126 702 1244 754 illud,
1266 719 1309 744 m
1332 719 1416 759 quo
1440 714 1481 745 te
1504 706 1542 734 55
1558 703 1754 745 Dieaear-

318 760 402 802 cho
424 761 619 801 assentiri
642 775 788 816 negas,
810 761 889 800 etsi
911 760 1188 816 cupidissime
1216 762 1457 817 expetitum
1480 778 1505 802 a
1526 776 1594 803 me
1619 762 1688 813 sit,
1710 771 1755 802 et

319 819 586 874 approbante
618 827 674 869 te,
699 832 749 858 ne
779 817 939 858 diutius
969 832 1083 858 anno
1115 819 1157 858 in
1191 819 1413 874 provincia
1433 833 1584 871 essem,
1608 829 1753 861 tamen

319 890 406 916 non
440 885 504 915 est
536 884 681 916 nostia
713 875 990 916 contentione
1013 874 1354 930 perfectum.31c
1376 875 1491 916 enim
1513 877 1638 928 scito,
1660 892 1755 919 ver-

322 931 423 973 bum
454 933 496 972 in
520 942 667 974 senatu
700 931 864 973 factum
894 946 985 973 esse
1006 945 1240 996 numquam
1263 932 1316 973 de
1339 932 1423 973 ullo
1444 933 1653 986 nostrum,
1676 934 1753 990 qui

319 989 564 1045 pioxineias
589 989 870 1040 obtinuimus,
891 1004 977 1044 quo
1010 989 1052 1029 in
1084 988 1150 1029 his
1180 989 1356 1041 diutius,
1386 1004 1514 1045 quam
1545 1004 1600 1032 ex
1632 1006 1752 1033 sena-

321 1057 387 1088 tus
419 1047 616 1088 consulto
652 1061 948 1088 maneremus:
983 1056 1030 1087 ut
1049 1045 1143 1101 jam
1166 1060 1218 1087 ne
1240 1046 1361 1087 istius
1382 1047 1557 1113 quidem
1579 1048 1639 1089 rei
1661 1049 1752 1101 cul,-

320 1119 419 1160 pam
444 1105 691 1156 sustineam,
714 1104 829 1159 quod
850 1103 990 1144 minus
1014 1103 1087 1144 diu
1118 1103 1305 1145 fue1im
1297 1119 1339 1145 in
1365 1105 1600 1160 provincia,
1623 1121 1753 1161 quam

318 1163 499 1203 fortasse
530 1162 660 1202 fuerit
690 1161 809 1202 utile.
832 1161 921 1213 sed,
945 1175 1066 1212 Qum
1095 1176 1137 1202 sr
1164 1175 1261 1203 Hoc
1290 1165 1506 1204 MELlus?
1537 1177 1652 1218 saepe
1672 1179 1752 1220 op-

317 1230 501 1275 p01tune
531 1219 616 1260 diei
640 1219 821 1269 videtur,
849 1227 896 1259 ut
927 1218 971 1259 in
1002 1218 1086 1260 hoc
1117 1219 1225 1275 ipso
1286 1219 1387 1260 Sive
1417 1219 1531 1261 enim
1563 1220 1613 1262 ad
1646 1235 1751 1263 con-

316 1277 507 1318 cordiam
543 1291 606 1317 ies
646 1276 800 1317 adduci
840 1283 994 1331 potest,
1033 1276 1122 1316 sive
1161 1276 1213 1316 ad
1249 1276 1460 1318 bonorum
1492 1277 1753 1321 victoriam?

317 1334 519 1375 utriusvis
552 1335 611 1375 rei
646 1348 714 1374 me
745 1343 821 1375 aut
852 1333 1094 1397 adjutorem
1120 1332 1247 1374 velim
1281 1348 1385 1385 esse,
1407 1341 1482 1376 aut
1513 1346 1629 1376 certe
1660 1350 1749 1377 non

315 1401 553 1448 expertem.
586 1391 662 1432 Sin
685 1391 916 1432 vincuntur
939 1389 1061 1431 boni·
1052 1390 1349 1447 ,ubicumque
1369 1405 1521 1466 essem,
1542 1407 1627 1434 una
1649 1406 1751 1434 cum

315 1449 367 1490 iis
402 1449 539 1490 victus
573 1462 723 1489 essem
756 1462 887 1504 quare
920 1447 1113 1489 celeritas
1145 1448 1280 1490 nostri
1309 1449 1470 1490 reditus
1501 1455 1652 1514 ἅμετοιμξ
1640 1452 1749 1496 ἑλητος

314 1506 444 1547 debet
465 1521 527 1546 ess
533 1520 570 1547 e.
593 1506 746 1562 quodsi
775 1506 857 1547 ista
877 1505 1003 1547 nobis
1025 1505 1237 1561 cogitatio
1260 1505 1314 1547 de
1337 1505 1559 1563 triumpho
1588 1506 1751 1562 injecta

314 1578 402 1605 non
425 1573 549 1614 esset,
572 1578 699 1619 quam
723 1563 763 1594 56
776 1572 821 1604 tu
843 1577 1015 1618 quoque
1035 1563 1322 1628 approbabas,
1344 1578 1411 1606 nae
1435 1572 1482 1605 tu
1503 1563 1617 1605 haud
1639 1563 1751 1605 mul-

315 1632 408 1662 tum
431 1620 665 1676 requileres
690 1619 807 1661 iilum
831 1621 986 1685 virum,
1008 1620 1082 1675 qui
1113 1620 1157 1662 in
1182 1634 1231 1662 vr
1259 1619 1369 1662 libio
1392 1620 1647 1662 informatus
1668 1630 1748 1662 est.

314 1678 419 1733 quid
450 1679 565 1718 enim
597 1677 677 1719 tibi
709 1677 880 1729 faciam,
911 1678 984 1733 qui
1015 1676 1110 1719 illos
1148 1677 1280 1718 libros
1319 1678 1562 1720 devorasti?
1593 1677 1748 1733 57quin

311 1750 429 1777 nunc
461 1736 601 1792 ipsum
632 1750 719 1776 non
750 1735 961 1776 dubitabo
993 1749 1082 1776 rem
1114 1743 1279 1776 tantam
1309 1735 1511 1791 abjicere,
1534 1735 1568 1776 si
1598 1734 1643 1775 id
1665 1735 1748 1776 erit

313 1794 486 1835 rectius.
510 1803 738 1848 utrumque
760 1806 860 1833 vero
893 1791 1020 1833 simul
1049 1791 1119 1847 agi
1151 1806 1237 1834 non
1271 1802 1428 1848 potest,
1449 1801 1494 1834 et
1520 1792 1573 1833 de
1595 1791 1748 1834 trium-

314 1850 402 1906 pho
419 1851 660 1902 ambitiose,
683 1859 726 1890 et
746 1849 799 1890 de
818 1849 1039 1906 republica
1054 1848 1201 1890 libere.
1221 1850 1294 1891 sed
1315 1864 1369 1891 ne
1385 1849 1745 1905 dubitaris,quin‚

180 1929 212 1960 p.
234 1922 302 1952 102.
315 1909 430 1965 quod
452 1908 689 1958 honestius,
711 1907 752 1948 id
776 1907 883 1949 mihi
906 1907 1099 1949 futurum
1121 1907 1176 1948 sit
1197 1907 1430 1963 antiquius.
1494 1906 1609 1948 Nam
1630 1907 1748 1961 quod

272 1974 301 1994 ²-
316 1975 439 2022 putas
472 1965 616 2006 utilius
648 1979 739 2005 esse
760 1964 827 2006 vel
857 1964 979 2015 mihi,
996 1964 1112 2020 quod
1144 1965 1278 2005 tutius
1307 1966 1378 2016 sit,
1399 1966 1439 1995 58
1454 1963 1521 2005 vel
1541 1963 1672 2005 etiam
1695 1972 1744 2005 ut

312 2023 562 2079 reipublicae
595 2023 794 2078 prodesse
826 2023 1007 2087 possim,
1024 2036 1093 2063 me
1122 2036 1213 2062 esse
1242 2036 1341 2063 cum
1364 2021 1573 2078 imperio:
1607 2021 1649 2062 id
1670 2036 1745 2062 co-

310 2095 401 2121 ram
432 2080 798 2122 considerabimus
821 2079 946 2134 quale
977 2079 1046 2120 sit.
1077 2078 1208 2121 habet
1237 2080 1352 2121 enim
1382 2094 1447 2121 ies
1468 2078 1743 2120 deliberatio-

309 2152 437 2190 nem;
468 2138 548 2178 etsi
569 2152 624 2178 ex
648 2146 768 2193 parte
789 2151 948 2193 magna
968 2137 1048 2179 tibi
1070 2136 1272 2178 assentio.
1334 2136 1403 2178 De
1431 2137 1576 2179 animo
1598 2145 1744 2178 autem

308 2210 407 2237 meo
438 2210 541 2251 erga
570 2194 894 2250 rempublicam,
918 2196 1034 2236 bene
1064 2193 1185 2246 facis,
1207 2194 1324 2250 quod
1354 2208 1441 2235 non
1471 2193 1668 2236 dubitas:
1699 2201 1745 2234 et

309 2253 413 2299 illud
446 2253 580 2309 probe
603 2251 791 2308 judicaS‚
813 2266 1084 2308 nequaquam
1116 2252 1217 2293 satis
1246 2266 1322 2307 pro
1345 2251 1451 2292 meis
1472 2250 1642 2302 officiis,
1665 2265 1744 2306 pro

310 2310 444 2366 ipsius
475 2311 518 2351 in
550 2309 655 2351 alios
686 2308 911 2363 effusione,
942 2309 1114 2351 ⁵9illum
1144 2309 1189 2351 in
1219 2323 1289 2351 me
1325 2307 1543 2350 liberalem
1581 2307 1738 2349 fuisse:

352 2473 392 2503 54
415 2482 444 2511 q.
460 2477 590 2513 repente
603 2471 648 2504 B.
664 2471 855 2502 semivivum
869 2473 1005 2512 relique·
1090 2474 1128 2505 57
1152 2472 1231 2512 quin
1252 2481 1341 2502 nunc
1364 2472 1472 2511 ipsum
1496 2479 1560 2502 non
1582 2469 1630 2510 d.]
1654 2480 1744 2502 nunc

309 2514 402 2553 runt]
435 2514 482 2544 Ex
512 2515 678 2554 provincia
700 2524 758 2544 sna
778 2519 896 2554 sponte
919 2515 1004 2545 exie·
1045 2514 1154 2554 ipsum
1167 2520 1218 2545 est
1232 2523 1290 2553 pro
1304 2514 1367 2544 hoc
1381 2514 1451 2553 ipso
1465 2517 1633 2553 tempore:
1651 2513 1742 2544 simis

308 2561 401 2593 runt,
423 2566 499 2586 eum
522 2557 660 2588 Bibulus
685 2562 777 2587 metu
798 2557 1004 2588 exanimatus
1046 2556 1122 2587 liter
1135 2566 1224 2587 nune
1237 2557 1343 2595 ipsum
1357 2561 1407 2587 est
1422 2555 1507 2586 infra
1523 2555 1561 2586 L.
1583 2555 1663 2585 XII.
1679 2556 1739 2586 &c.

307 2604 404 2630 esset.
1088 2602 1127 2630 53
1150 2601 1202 2629 vel
1222 2599 1321 2629 etiam
1343 2603 1382 2629 ut
1401 2598 1483 2638 reip.
1499 2598 1650 2638 prodesse
1665 2607 1741 2637 pos-

351 2644 390 2672 55
424 2639 630 2679 Dicaearcho]
662 2640 798 2671 Auctori
826 2641 902 2671 vitae
931 2651 1004 2682 pra·
1045 2641 1121 2679 sim]
1140 2641 1340 2672 concinnius
1355 2645 1390 2671 et
1411 2640 1568 2680 superiori
1589 2640 1738 2672 membro

307 2683 414 2719 ctieae,
432 2692 498 2712 non
513 2684 639 2718 otiosae,
656 2687 694 2713 ut
709 2683 879 2722 Epicurus.
1046 2684 1155 2723 aptius
1182 2683 1267 2715 foret
1292 2685 1344 2713 vel
1369 2683 1563 2722 reipublic-Q
1587 2686 1627 2712 ut
1645 2692 1682 2722 p.
1701 2691 1739 2722 p

350 2726 390 2756 56
413 2729 449 2756 eu
464 2736 494 2765 q.
512 2725 682 2765 approbasj
709 2725 785 2755 Sine
809 2725 907 2755 dubio
922 2725 999 2754 scri·
1042 2727 1108 2756 sive
1122 2726 1176 2755 cui
1186 2736 1240 2765 pr.
1249 2736 1286 2766 p.

306 2767 449 2798 bendum
475 2768 694 2807 approbabas:
718 2776 766 2796 res
789 2769 876 2797 enim
900 2767 999 2807 perti-
1085 2770 1123 2802 59
1140 2769 1235 2798 illum
1250 2770 1285 2799 in
1303 2777 1353 2797 me
1368 2765 1660 2811 liberalemfxiesq]
1682 2765 1738 2801 In.-

307 2816 364 2840 net
379 2811 419 2840 ad
437 2810 639 2850 praeteritum
657 2815 798 2848 tempus.
823 2819 884 2839 nec
906 2810 999 2840 dubi-
1040 2809 1199 2850 teuigunt
1214 2811 1389 2845 Caesarem.

306 2858 338 2881 τῖ’
333 2853 374 2884 yi
389 2852 450 2884 hoc
465 2853 543 2883 vitio
558 2852 697 2884 liberare
713 2851 919 2885 Ciceronem.
