<?xml version="1.0" encoding="UTF-8"?>
<!DOCTYPE html PUBLIC "-//W3C//DTD XHTML 1.0 Transitional//EN"
    "http://www.w3.org/TR/xhtml1/DTD/xhtml1-transitional.dtd">
<html xmlns="http://www.w3.org/1999/xhtml" xml:lang="en" lang="en">
 <head>
  <title>
</title>
<meta http-equiv="Content-Type" content="text/html;charset=utf-8" />
  <meta name='ocr-system' content='tesseract 3.04.00' />
  <meta name='ocr-capabilities' content='ocr_page ocr_carea ocr_par ocr_line ocrx_word'/>
</head>
<body>
  <div class='ocr_page' id='page_1' title='image "./p2operaomnia03ciceuoft_0245.png"; bbox 0 0 1940 3231; ppageno 0'>
   <div class='ocr_carea' id='block_1_1' title="bbox 696 115 1563 162">
    <p class='ocr_par' dir='ltr' id='par_1_1' title="bbox 696 115 1563 162">
     <span class='ocr_line' id='line_1_1' title="bbox 696 115 1563 162; baseline 0.002 -5"><span class='ocrx_word' id='word_1_1' title='bbox 696 117 900 157; x_wconf 85' lang='lat' dir='ltr'>LIBER</span> <span class='ocrx_word' id='word_1_2' title='bbox 938 115 1010 156; x_wconf 71' lang='lat' dir='ltr'>IX.</span> <span class='ocrx_word' id='word_1_3' title='bbox 1487 124 1563 162; x_wconf 76' lang='lat'>669</span> 
     </span>
    </p>
   </div>
   <div class='ocr_carea' id='block_1_2' title="bbox 127 219 1567 720">
    <p class='ocr_par' dir='ltr' id='par_1_2' title="bbox 127 219 1567 720">
     <span class='ocr_line' id='line_1_2' title="bbox 127 219 1565 278; baseline 0.001 -13"><span class='ocrx_word' id='word_1_4' title='bbox 127 223 395 277; x_wconf 75' lang='lat' dir='ltr'>fefellerunt3</span> <span class='ocrx_word' id='word_1_5' title='bbox 428 223 553 266; x_wconf 83' lang='lat' dir='ltr'>initio</span> <span class='ocrx_word' id='word_1_6' title='bbox 589 237 683 278; x_wconf 87' lang='lat' dir='ltr'>spes</span> <span class='ocrx_word' id='word_1_7' title='bbox 716 220 1061 276; x_wconf 79' lang='lat' dir='ltr'>compositioniS,</span> <span class='ocrx_word' id='word_1_8' title='bbox 1091 234 1176 274; x_wconf 86' lang='lat' dir='ltr'>qua</span> <span class='ocrx_word' id='word_1_9' title='bbox 1206 219 1336 272; x_wconf 78' lang='lat' dir='ltr'>facta,</span> <span class='ocrx_word' id='word_1_10' title='bbox 1367 223 1565 266; x_wconf 83' lang='lat' dir='ltr'>volebam</span> 
     </span>
     <span class='ocr_line' id='line_1_3' title="bbox 127 279 1566 338; baseline -0.004 -16"><span class='ocrx_word' id='word_1_11' title='bbox 127 283 191 323; x_wconf 88' lang='lat' dir='ltr'>uti</span> <span class='ocrx_word' id='word_1_12' title='bbox 216 283 407 338; x_wconf 84' lang='lat' dir='ltr'>populari</span> <span class='ocrx_word' id='word_1_13' title='bbox 432 282 534 332; x_wconf 82' lang='lat' dir='ltr'>vita,</span> <span class='ocrx_word' id='word_1_14' title='bbox 566 279 852 321; x_wconf 83' lang='lat' dir='ltr'>sollicitudine</span> <span class='ocrx_word' id='word_1_15' title='bbox 887 284 1151 318; x_wconf 85' lang='lat' dir='ltr'>senectutem</span> <span class='ocrx_word' id='word_1_16' title='bbox 1186 288 1372 318; x_wconf 76' lang='lat' dir='ltr'>nostram</span> <span class='ocrx_word' id='word_1_17' title='bbox 1410 282 1566 324; x_wconf 73' lang='lat' dir='ltr'>lsslibe-</span> 
     </span>
     <span class='ocr_line' id='line_1_4' title="bbox 128 335 1564 393; baseline 0.001 -14"><span class='ocrx_word' id='word_1_18' title='bbox 128 339 237 390; x_wconf 79' lang='lat' dir='ltr'>rari3</span> <span class='ocrx_word' id='word_1_19' title='bbox 260 339 413 379; x_wconf 83' lang='lat' dir='ltr'>deinde</span> <span class='ocrx_word' id='word_1_20' title='bbox 436 338 590 379; x_wconf 87' lang='lat' dir='ltr'>bellum</span> <span class='ocrx_word' id='word_1_21' title='bbox 613 336 782 377; x_wconf 86' lang='lat' dir='ltr'>crudele</span> <span class='ocrx_word' id='word_1_22' title='bbox 804 346 847 376; x_wconf 82' lang='lat' dir='ltr'>et</span> <span class='ocrx_word' id='word_1_23' title='bbox 868 336 1105 376; x_wconf 76' lang='lat' dir='ltr'>exitiosum</span> <span class='ocrx_word' id='word_1_24' title='bbox 1129 335 1284 391; x_wconf 81' lang='lat' dir='ltr'>suscipi</span> <span class='ocrx_word' id='word_1_25' title='bbox 1307 350 1331 375; x_wconf 82' lang='lat' dir='ltr'>a</span> <span class='ocrx_word' id='word_1_26' title='bbox 1359 335 1564 393; x_wconf 75' lang='lat' dir='ltr'>Pompeio</span> 
     </span>
     <span class='ocr_line' id='line_1_5' title="bbox 131 391 1566 451; baseline 0.001 -16"><span class='ocrx_word' id='word_1_27' title='bbox 131 396 438 451; x_wconf 82' lang='lat' dir='ltr'><strong>intelligebam.</strong></span> <span class='ocrx_word' id='word_1_28' title='bbox 500 393 696 433; x_wconf 87' lang='lat' dir='ltr'>Melioris</span> <span class='ocrx_word' id='word_1_29' title='bbox 730 392 1022 434; x_wconf 88' lang='lat' dir='ltr'>mediusfidius</span> <span class='ocrx_word' id='word_1_30' title='bbox 1046 391 1152 432; x_wconf 87' lang='lat' dir='ltr'>civis</span> <span class='ocrx_word' id='word_1_31' title='bbox 1175 400 1217 432; x_wconf 90' lang='lat' dir='ltr'>et</span> <span class='ocrx_word' id='word_1_32' title='bbox 1241 392 1319 434; x_wconf 87' lang='lat' dir='ltr'>viri</span> <span class='ocrx_word' id='word_1_33' title='bbox 1345 396 1566 447; x_wconf 80' lang='lat' dir='ltr'>putabam,</span> 
     </span>
     <span class='ocr_line' id='line_1_6' title="bbox 127 448 1567 507; baseline -0.001 -14"><span class='ocrx_word' id='word_1_34' title='bbox 127 453 282 507; x_wconf 82' lang='lat' dir='ltr'>quovis</span> <span class='ocrx_word' id='word_1_35' title='bbox 305 451 516 507; x_wconf 86' lang='lat' dir='ltr'>supplicio</span> <span class='ocrx_word' id='word_1_36' title='bbox 537 450 666 500; x_wconf 84' lang='lat' dir='ltr'>affici,</span> <span class='ocrx_word' id='word_1_37' title='bbox 689 465 817 505; x_wconf 86' lang='lat' dir='ltr'>quam</span> <span class='ocrx_word' id='word_1_38' title='bbox 843 449 900 491; x_wconf 91' lang='lat' dir='ltr'>illi</span> <span class='ocrx_word' id='word_1_39' title='bbox 921 448 1164 490; x_wconf 71' lang='lat' dir='ltr'>crudelitati</span> <span class='ocrx_word' id='word_1_40' title='bbox 1185 463 1270 490; x_wconf 89' lang='lat' dir='ltr'>non</span> <span class='ocrx_word' id='word_1_41' title='bbox 1296 450 1430 490; x_wconf 83' lang='lat' dir='ltr'>solum</span> <span class='ocrx_word' id='word_1_42' title='bbox 1456 466 1567 506; x_wconf 84' lang='lat' dir='ltr'>prae-</span> 
     </span>
     <span class='ocr_line' id='line_1_7' title="bbox 129 506 1566 559; baseline -0.001 -9"><span class='ocrx_word' id='word_1_43' title='bbox 129 524 235 559; x_wconf 84' lang='lat' dir='ltr'>esse,</span> <span class='ocrx_word' id='word_1_44' title='bbox 260 523 401 550; x_wconf 88' lang='lat' dir='ltr'>verum</span> <span class='ocrx_word' id='word_1_45' title='bbox 424 511 551 548; x_wconf 86' lang='lat' dir='ltr'>etiam</span> <span class='ocrx_word' id='word_1_46' title='bbox 585 508 802 548; x_wconf 83' lang='lat' dir='ltr'>interesse.</span> <span class='ocrx_word' id='word_1_47' title='bbox 827 508 993 548; x_wconf 89' lang='lat' dir='ltr'>videtur</span> <span class='ocrx_word' id='word_1_48' title='bbox 1017 506 1082 547; x_wconf 86' lang='lat' dir='ltr'>vel</span> <span class='ocrx_word' id='word_1_49' title='bbox 1114 506 1223 547; x_wconf 90' lang='lat' dir='ltr'>mori</span> <span class='ocrx_word' id='word_1_50' title='bbox 1257 507 1388 547; x_wconf 82' lang='lat' dir='ltr'>satius</span> <span class='ocrx_word' id='word_1_51' title='bbox 1421 509 1566 559; x_wconf 79' lang='lat' dir='ltr'>fuisse,</span> 
     </span>
     <span class='ocr_line' id='line_1_8' title="bbox 129 563 1566 622; baseline 0 -15"><span class='ocrx_word' id='word_1_52' title='bbox 129 581 256 622; x_wconf 82' lang='lat' dir='ltr'>quam</span> <span class='ocrx_word' id='word_1_53' title='bbox 279 579 369 606; x_wconf 88' lang='lat' dir='ltr'>esse</span> <span class='ocrx_word' id='word_1_54' title='bbox 399 579 497 605; x_wconf 87' lang='lat' dir='ltr'>cum</span> <span class='ocrx_word' id='word_1_55' title='bbox 526 565 591 605; x_wconf 82' lang='lat' dir='ltr'>iis.</span> <span class='ocrx_word' id='word_1_56' title='bbox 650 564 718 606; x_wconf 87' lang='lat' dir='ltr'>Ad</span> <span class='ocrx_word' id='word_1_57' title='bbox 753 566 847 606; x_wconf 85' lang='lat' dir='ltr'>haec</span> <span class='ocrx_word' id='word_1_58' title='bbox 881 565 1013 620; x_wconf 86' lang='lat' dir='ltr'>igitur</span> <span class='ocrx_word' id='word_1_59' title='bbox 1038 564 1199 619; x_wconf 87' lang='lat' dir='ltr'>cogita,</span> <span class='ocrx_word' id='word_1_60' title='bbox 1233 564 1292 604; x_wconf 90' lang='lat' dir='ltr'>mi</span> <span class='ocrx_word' id='word_1_61' title='bbox 1313 563 1476 616; x_wconf 80' lang='lat' dir='ltr'>Attice,</span> <span class='ocrx_word' id='word_1_62' title='bbox 1500 567 1566 607; x_wconf 90' lang='lat' dir='ltr'>vel</span> 
     </span>
     <span class='ocr_line' id='line_1_9' title="bbox 131 619 1565 678; baseline 0.001 -16"><span class='ocrx_word' id='word_1_63' title='bbox 131 625 274 678; x_wconf 83' lang='lat' dir='ltr'>potius</span> <span class='ocrx_word' id='word_1_64' title='bbox 312 622 529 677; x_wconf 81' lang='lat' dir='ltr'>excogita.</span> <span class='ocrx_word' id='word_1_65' title='bbox 572 622 766 677; x_wconf 89' lang='lat' dir='ltr'>quemvis</span> <span class='ocrx_word' id='word_1_66' title='bbox 808 631 1009 662; x_wconf 84' lang='lat' dir='ltr'>eventum</span> <span class='ocrx_word' id='word_1_67' title='bbox 1051 619 1205 662; x_wconf 80' lang='lat' dir='ltr'>fortius</span> <span class='ocrx_word' id='word_1_68' title='bbox 1248 620 1397 674; x_wconf 83' lang='lat' dir='ltr'>feram,</span> <span class='ocrx_word' id='word_1_69' title='bbox 1436 637 1565 678; x_wconf 86' lang='lat' dir='ltr'>quam</span> 
     </span>
     <span class='ocr_line' id='line_1_10' title="bbox 129 679 471 720; baseline -0.003 0"><span class='ocrx_word' id='word_1_70' title='bbox 129 679 244 720; x_wconf 87' lang='lat' dir='ltr'>hunc</span> <span class='ocrx_word' id='word_1_71' title='bbox 265 679 471 720; x_wconf 86' lang='lat' dir='ltr'>dolorem.</span> 
     </span>
    </p>
   </div>
   <div class='ocr_carea' id='block_1_3' title="bbox 330 782 1365 825">
    <p class='ocr_par' dir='ltr' id='par_1_3' title="bbox 330 782 1365 825">
     <span class='ocr_line' id='line_1_11' title="bbox 330 782 1365 825; baseline 0 0"><span class='ocrx_word' id='word_1_72' title='bbox 330 783 548 825; x_wconf 80' lang='lat' dir='ltr'><strong>CAESAR</strong></span> <span class='ocrx_word' id='word_1_73' title='bbox 580 783 713 825; x_wconf 86' lang='lat' dir='ltr'>IMP.</span> <span class='ocrx_word' id='word_1_74' title='bbox 738 784 782 825; x_wconf 88' lang='lat' dir='ltr'>S.</span> <span class='ocrx_word' id='word_1_75' title='bbox 808 782 865 825; x_wconf 92' lang='lat' dir='ltr'>D.</span> <span class='ocrx_word' id='word_1_76' title='bbox 890 782 1197 824; x_wconf 87' lang='lat' dir='ltr'>CICERONI</span> <span class='ocrx_word' id='word_1_77' title='bbox 1232 782 1365 825; x_wconf 78' lang='lat' dir='ltr'>IMP.</span> 
     </span>
    </p>
   </div>
   <div class='ocr_carea' id='block_1_4' title="bbox 123 839 1567 1466">
    <p class='ocr_par' dir='ltr' id='par_1_4' title="bbox 123 839 1567 1466">
     <span class='ocr_line' id='line_1_12' title="bbox 129 839 1566 909; baseline 0.002 -17"><span class='ocrx_word' id='word_1_78' title='bbox 129 839 274 893; x_wconf 82' lang='lat' dir='ltr'>CUM</span> <span class='ocrx_word' id='word_1_79' title='bbox 302 852 509 893; x_wconf 80' lang='lat' dir='ltr'>Furnium</span> <span class='ocrx_word' id='word_1_80' title='bbox 534 862 725 893; x_wconf 88' lang='lat' dir='ltr'>nostrum</span> <span class='ocrx_word' id='word_1_81' title='bbox 750 861 917 893; x_wconf 78' lang='lat' dir='ltr'>tantum</span> <span class='ocrx_word' id='word_1_82' title='bbox 943 851 1156 902; x_wconf 79' lang='lat' dir='ltr'>vidissem,</span> <span class='ocrx_word' id='word_1_83' title='bbox 1178 865 1317 907; x_wconf 82' lang='lat' dir='ltr'>neque</span> <span class='ocrx_word' id='word_1_84' title='bbox 1340 853 1472 909; x_wconf 82' lang='lat' dir='ltr'>loqui,</span> <span class='ocrx_word' id='word_1_85' title='bbox 1494 867 1566 895; x_wconf 86' lang='lat' dir='ltr'>ne-</span> 
     </span>
     <span class='ocr_line' id='line_1_13' title="bbox 125 909 1565 967; baseline 0.001 -17"><span class='ocrx_word' id='word_1_86' title='bbox 125 923 208 964; x_wconf 87' lang='lat' dir='ltr'>que</span> <span class='ocrx_word' id='word_1_87' title='bbox 241 911 388 950; x_wconf 86' lang='lat' dir='ltr'>audire</span> <span class='ocrx_word' id='word_1_88' title='bbox 429 925 523 950; x_wconf 85' lang='lat' dir='ltr'>meo</span> <span class='ocrx_word' id='word_1_89' title='bbox 557 910 786 950; x_wconf 83' lang='lat' dir='ltr'>commodo</span> <span class='ocrx_word' id='word_1_90' title='bbox 823 909 1074 965; x_wconf 81' lang='lat' dir='ltr'>potuissem,</span> <span class='ocrx_word' id='word_1_91' title='bbox 1114 923 1400 965; x_wconf 79' lang='lat' dir='ltr'>properarem,</span> <span class='ocrx_word' id='word_1_92' title='bbox 1437 922 1565 967; x_wconf 77' lang='lat' dir='ltr'>atque</span> 
     </span>
     <span class='ocr_line' id='line_1_14' title="bbox 127 966 1565 1022; baseline 0.002 -16"><span class='ocrx_word' id='word_1_93' title='bbox 127 981 261 1007; x_wconf 86' lang='lat' dir='ltr'>essem</span> <span class='ocrx_word' id='word_1_94' title='bbox 295 968 338 1007; x_wconf 89' lang='lat' dir='ltr'>in</span> <span class='ocrx_word' id='word_1_95' title='bbox 372 967 537 1018; x_wconf 86' lang='lat' dir='ltr'>itinere,</span> <span class='ocrx_word' id='word_1_96' title='bbox 570 967 801 1022; x_wconf 76' lang='lat' dir='ltr'>praemissis</span> <span class='ocrx_word' id='word_1_97' title='bbox 828 966 922 1021; x_wconf 84' lang='lat' dir='ltr'>jam</span> <span class='ocrx_word' id='word_1_98' title='bbox 957 966 1225 1021; x_wconf 83' lang='lat' dir='ltr'>legionibus;</span> <span class='ocrx_word' id='word_1_99' title='bbox 1258 967 1475 1022; x_wconf 85' lang='lat' dir='ltr'>praeterire</span> <span class='ocrx_word' id='word_1_100' title='bbox 1504 979 1565 1009; x_wconf 83' lang='lat' dir='ltr'>ta-</span> 
     </span>
     <span class='ocr_line' id='line_1_15' title="bbox 126 1023 1565 1080; baseline 0.002 -16"><span class='ocrx_word' id='word_1_101' title='bbox 126 1037 224 1064; x_wconf 85' lang='lat' dir='ltr'>men</span> <span class='ocrx_word' id='word_1_102' title='bbox 251 1039 333 1065; x_wconf 88' lang='lat' dir='ltr'>non</span> <span class='ocrx_word' id='word_1_103' title='bbox 360 1025 494 1080; x_wconf 85' lang='lat' dir='ltr'>potui,</span> <span class='ocrx_word' id='word_1_104' title='bbox 518 1026 621 1079; x_wconf 88' lang='lat' dir='ltr'>quin</span> <span class='ocrx_word' id='word_1_105' title='bbox 645 1034 688 1064; x_wconf 88' lang='lat' dir='ltr'>et</span> <span class='ocrx_word' id='word_1_106' title='bbox 719 1024 947 1064; x_wconf 80' lang='lat' dir='ltr'>scriberem</span> <span class='ocrx_word' id='word_1_107' title='bbox 980 1024 1031 1064; x_wconf 83' lang='lat' dir='ltr'>ad</span> <span class='ocrx_word' id='word_1_108' title='bbox 1055 1034 1110 1074; x_wconf 86' lang='lat' dir='ltr'>te,</span> <span class='ocrx_word' id='word_1_109' title='bbox 1133 1032 1175 1063; x_wconf 87' lang='lat' dir='ltr'>et</span> <span class='ocrx_word' id='word_1_110' title='bbox 1200 1023 1315 1064; x_wconf 88' lang='lat' dir='ltr'>illum</span> <span class='ocrx_word' id='word_1_111' title='bbox 1350 1026 1565 1067; x_wconf 83' lang='lat' dir='ltr'>mitterem</span> 
     </span>
     <span class='ocr_line' id='line_1_16' title="bbox 125 1080 1565 1138; baseline 0.002 -17"><span class='ocrx_word' id='word_1_112' title='bbox 125 1081 371 1137; x_wconf 78' lang='lat' dir='ltr'>gratiasque</span> <span class='ocrx_word' id='word_1_113' title='bbox 405 1096 600 1138; x_wconf 81' lang='lat' dir='ltr'>agerem:</span> <span class='ocrx_word' id='word_1_114' title='bbox 633 1081 712 1121; x_wconf 89' lang='lat' dir='ltr'>etsi</span> <span class='ocrx_word' id='word_1_115' title='bbox 748 1081 830 1122; x_wconf 87' lang='lat' dir='ltr'>hoc</span> <span class='ocrx_word' id='word_1_116' title='bbox 853 1090 895 1121; x_wconf 88' lang='lat' dir='ltr'>et</span> <span class='ocrx_word' id='word_1_117' title='bbox 926 1080 1008 1120; x_wconf 83' lang='lat' dir='ltr'>feci</span> <span class='ocrx_word' id='word_1_118' title='bbox 1044 1094 1172 1136; x_wconf 83' lang='lat' dir='ltr'>saepe,</span> <span class='ocrx_word' id='word_1_119' title='bbox 1195 1090 1238 1120; x_wconf 89' lang='lat' dir='ltr'>et</span> <span class='ocrx_word' id='word_1_120' title='bbox 1269 1082 1425 1137; x_wconf 84' lang='lat' dir='ltr'>saepius</span> <span class='ocrx_word' id='word_1_121' title='bbox 1460 1083 1565 1124; x_wconf 85' lang='lat' dir='ltr'>mihi</span> 
     </span>
     <span class='ocr_line' id='line_1_17' title="bbox 125 1138 1566 1196; baseline 0.001 -17"><span class='ocrx_word' id='word_1_122' title='bbox 125 1139 318 1179; x_wconf 79' lang='lat' dir='ltr'>facturus</span> <span class='ocrx_word' id='word_1_123' title='bbox 360 1139 528 1190; x_wconf 81' lang='lat' dir='ltr'>videor3</span> <span class='ocrx_word' id='word_1_124' title='bbox 562 1139 621 1179; x_wconf 87' lang='lat' dir='ltr'>ita</span> <span class='ocrx_word' id='word_1_125' title='bbox 651 1138 703 1178; x_wconf 87' lang='lat' dir='ltr'>de</span> <span class='ocrx_word' id='word_1_126' title='bbox 737 1153 803 1178; x_wconf 86' lang='lat' dir='ltr'>me</span> <span class='ocrx_word' id='word_1_127' title='bbox 837 1138 1025 1178; x_wconf 86' lang='lat' dir='ltr'>mereris.</span> <span class='ocrx_word' id='word_1_128' title='bbox 1057 1138 1101 1179; x_wconf 89' lang='lat' dir='ltr'>in</span> <span class='ocrx_word' id='word_1_129' title='bbox 1133 1138 1281 1193; x_wconf 87' lang='lat' dir='ltr'>primis</span> <span class='ocrx_word' id='word_1_130' title='bbox 1317 1154 1341 1179; x_wconf 84' lang='lat' dir='ltr'>a</span> <span class='ocrx_word' id='word_1_131' title='bbox 1375 1150 1416 1179; x_wconf 83' lang='lat' dir='ltr'>te</span> <span class='ocrx_word' id='word_1_132' title='bbox 1450 1150 1566 1196; x_wconf 88' lang='lat' dir='ltr'>peto,</span> 
     </span>
     <span class='ocr_line' id='line_1_18' title="bbox 125 1195 1565 1252; baseline 0.003 -17"><span class='ocrx_word' id='word_1_133' title='bbox 125 1196 329 1250; x_wconf 84' lang='lat' dir='ltr'>quoniam</span> <span class='ocrx_word' id='word_1_134' title='bbox 352 1196 524 1237; x_wconf 86' lang='lat' dir='ltr'>confido</span> <span class='ocrx_word' id='word_1_135' title='bbox 548 1210 615 1236; x_wconf 90' lang='lat' dir='ltr'>me</span> <span class='ocrx_word' id='word_1_136' title='bbox 636 1195 829 1235; x_wconf 86' lang='lat' dir='ltr'>celeriter</span> <span class='ocrx_word' id='word_1_137' title='bbox 859 1196 912 1236; x_wconf 88' lang='lat' dir='ltr'>ad</span> <span class='ocrx_word' id='word_1_138' title='bbox 935 1196 1082 1235; x_wconf 88' lang='lat' dir='ltr'>urbem</span> <span class='ocrx_word' id='word_1_139' title='bbox 1109 1205 1349 1252; x_wconf 80' lang='lat' dir='ltr'>venturum,</span> <span class='ocrx_word' id='word_1_140' title='bbox 1374 1207 1419 1237; x_wconf 85' lang='lat' dir='ltr'>ut</span> <span class='ocrx_word' id='word_1_141' title='bbox 1442 1207 1482 1238; x_wconf 91' lang='lat' dir='ltr'>te</span> <span class='ocrx_word' id='word_1_142' title='bbox 1504 1198 1565 1239; x_wconf 89' lang='lat' dir='ltr'>ibi</span> 
     </span>
     <span class='ocr_line' id='line_1_19' title="bbox 128 1252 1567 1308; baseline 0.001 -15"><span class='ocrx_word' id='word_1_143' title='bbox 128 1253 311 1304; x_wconf 84' lang='lat' dir='ltr'>videam,</span> <span class='ocrx_word' id='word_1_144' title='bbox 334 1265 381 1294; x_wconf 86' lang='lat' dir='ltr'>ut</span> <span class='ocrx_word' id='word_1_145' title='bbox 414 1263 486 1293; x_wconf 88' lang='lat' dir='ltr'>tuo</span> <span class='ocrx_word' id='word_1_146' title='bbox 509 1252 704 1303; x_wconf 85' lang='lat' dir='ltr'>consilio,</span> <span class='ocrx_word' id='word_1_147' title='bbox 737 1253 890 1308; x_wconf 86' lang='lat' dir='ltr'>gratia,</span> <span class='ocrx_word' id='word_1_148' title='bbox 913 1253 1139 1308; x_wconf 81' lang='lat' dir='ltr'>dignitate,</span> <span class='ocrx_word' id='word_1_149' title='bbox 1163 1267 1245 1308; x_wconf 84' lang='lat' dir='ltr'>ope</span> <span class='ocrx_word' id='word_1_150' title='bbox 1276 1254 1468 1295; x_wconf 88' lang='lat' dir='ltr'>omnium</span> <span class='ocrx_word' id='word_1_151' title='bbox 1503 1269 1567 1295; x_wconf 89' lang='lat' dir='ltr'>re-</span> 
     </span>
     <span class='ocr_line' id='line_1_20' title="bbox 125 1308 1566 1366; baseline 0.003 -17"><span class='ocrx_word' id='word_1_152' title='bbox 125 1323 218 1350; x_wconf 87' lang='lat' dir='ltr'>rum</span> <span class='ocrx_word' id='word_1_153' title='bbox 244 1311 304 1351; x_wconf 90' lang='lat' dir='ltr'>uti</span> <span class='ocrx_word' id='word_1_154' title='bbox 329 1312 504 1366; x_wconf 87' lang='lat' dir='ltr'>possim.</span> <span class='ocrx_word' id='word_1_155' title='bbox 543 1310 612 1351; x_wconf 81' lang='lat' dir='ltr'>Ad</span> <span class='ocrx_word' id='word_1_156' title='bbox 634 1310 901 1365; x_wconf 87' lang='lat' dir='ltr'>propositum</span> <span class='ocrx_word' id='word_1_157' title='bbox 926 1320 1134 1351; x_wconf 86' lang='lat' dir='ltr'>revertar:</span> <span class='ocrx_word' id='word_1_158' title='bbox 1170 1308 1437 1352; x_wconf 85' lang='lat' dir='ltr'>festinationi</span> <span class='ocrx_word' id='word_1_159' title='bbox 1459 1327 1566 1355; x_wconf 85' lang='lat' dir='ltr'>meae</span> 
     </span>
     <span class='ocr_line' id='line_1_21' title="bbox 123 1367 1567 1427; baseline 0.003 -20"><span class='ocrx_word' id='word_1_160' title='bbox 123 1367 412 1424; x_wconf 82' lang='lat' dir='ltr'>brevitatique</span> <span class='ocrx_word' id='word_1_161' title='bbox 442 1369 679 1410; x_wconf 83' lang='lat' dir='ltr'>litterarum</span> <span class='ocrx_word' id='word_1_162' title='bbox 707 1367 917 1423; x_wconf 83' lang='lat' dir='ltr'>ignosces.</span> <span class='ocrx_word' id='word_1_163' title='bbox 951 1368 1114 1423; x_wconf 85' lang='lat' dir='ltr'>reliqua</span> <span class='ocrx_word' id='word_1_164' title='bbox 1135 1381 1188 1408; x_wconf 83' lang='lat' dir='ltr'>ex</span> <span class='ocrx_word' id='word_1_165' title='bbox 1219 1368 1379 1409; x_wconf 88' lang='lat' dir='ltr'>Furnio</span> <span class='ocrx_word' id='word_1_166' title='bbox 1403 1384 1567 1427; x_wconf 88' lang='lat' dir='ltr'>cogno-</span> 
     </span>
     <span class='ocr_line' id='line_1_22' title="bbox 125 1439 232 1466; baseline 0.019 -2"><span class='ocrx_word' id='word_1_167' title='bbox 125 1439 232 1466; x_wconf 84' lang='lat' dir='ltr'>sees.</span> 
     </span>
    </p>
   </div>
   <div class='ocr_carea' id='block_1_5' title="bbox 414 1497 1288 1540">
    <p class='ocr_par' dir='ltr' id='par_1_5' title="bbox 414 1497 1288 1540">
     <span class='ocr_line' id='line_1_23' title="bbox 414 1497 1288 1540; baseline 0.001 -1"><span class='ocrx_word' id='word_1_168' title='bbox 414 1498 631 1540; x_wconf 80' lang='lat' dir='ltr'><strong>CAESAR</strong></span> <span class='ocrx_word' id='word_1_169' title='bbox 664 1497 855 1540; x_wconf 91' lang='lat' dir='ltr'>OPPIO</span> <span class='ocrx_word' id='word_1_170' title='bbox 889 1497 1212 1540; x_wconf 80' lang='lat' dir='ltr'>CORNELIO</span> <span class='ocrx_word' id='word_1_171' title='bbox 1245 1498 1288 1540; x_wconf 91' lang='lat' dir='ltr'>S.</span> 
     </span>
    </p>
   </div>
   <div class='ocr_carea' id='block_1_6' title="bbox 127 1553 1607 1623">
    <p class='ocr_par' dir='ltr' id='par_1_6' title="bbox 127 1553 1607 1623">
     <span class='ocr_line' id='line_1_24' title="bbox 127 1553 1607 1623; baseline 0.003 -16"><span class='ocrx_word' id='word_1_172' title='bbox 127 1553 403 1608; x_wconf 87' lang='lat' dir='ltr'>GAUDEO</span> <span class='ocrx_word' id='word_1_173' title='bbox 427 1567 681 1617; x_wconf 87' lang='lat' dir='ltr'>mehercule,</span> <span class='ocrx_word' id='word_1_174' title='bbox 706 1582 781 1606; x_wconf 86' lang='lat' dir='ltr'>vos</span> <span class='ocrx_word' id='word_1_175' title='bbox 816 1566 1059 1622; x_wconf 82' lang='lat' dir='ltr'>significare</span> <span class='ocrx_word' id='word_1_176' title='bbox 1090 1566 1258 1618; x_wconf 88' lang='lat' dir='ltr'>litteris,</span> <span class='ocrx_word' id='word_1_177' title='bbox 1281 1582 1406 1623; x_wconf 82' lang='lat' dir='ltr'>quam</span> <span class='ocrx_word' id='word_1_178' title='bbox 1443 1568 1564 1611; x_wconf 84' lang='lat' dir='ltr'>valde</span> <span class='ocrx_word' id='word_1_179' title='bbox 1598 1575 1607 1582; x_wconf 82' lang='lat'>‘</span> 
     </span>
    </p>
   </div>
   <div class='ocr_carea' id='block_1_7' title="bbox 120 1623 1568 2602">
    <p class='ocr_par' dir='ltr' id='par_1_7' title="bbox 120 1623 1568 2602">
     <span class='ocr_line' id='line_1_25' title="bbox 125 1623 1562 1681; baseline 0.003 -18"><span class='ocrx_word' id='word_1_180' title='bbox 125 1624 317 1679; x_wconf 88' lang='lat' dir='ltr'>probetis</span> <span class='ocrx_word' id='word_1_181' title='bbox 339 1639 402 1674; x_wconf 85' lang='lat' dir='ltr'>ea,</span> <span class='ocrx_word' id='word_1_182' title='bbox 425 1640 520 1680; x_wconf 87' lang='lat' dir='ltr'>quae</span> <span class='ocrx_word' id='word_1_183' title='bbox 543 1625 655 1681; x_wconf 86' lang='lat' dir='ltr'>apud</span> <span class='ocrx_word' id='word_1_184' title='bbox 681 1623 922 1665; x_wconf 87' lang='lat' dir='ltr'>Corfinium</span> <span class='ocrx_word' id='word_1_185' title='bbox 947 1634 1044 1665; x_wconf 87' lang='lat' dir='ltr'>sunt</span> <span class='ocrx_word' id='word_1_186' title='bbox 1066 1634 1200 1680; x_wconf 84' lang='lat' dir='ltr'>gesta.</span> <span class='ocrx_word' id='word_1_187' title='bbox 1220 1626 1400 1666; x_wconf 87' lang='lat' dir='ltr'>consilio</span> <span class='ocrx_word' id='word_1_188' title='bbox 1423 1637 1562 1668; x_wconf 86' lang='lat' dir='ltr'>vestro</span> 
     </span>
     <span class='ocr_line' id='line_1_26' title="bbox 126 1681 1565 1738; baseline 0.003 -17"><span class='ocrx_word' id='word_1_189' title='bbox 126 1689 224 1721; x_wconf 86' lang='lat' dir='ltr'>utar</span> <span class='ocrx_word' id='word_1_190' title='bbox 244 1681 441 1733; x_wconf 88' lang='lat' dir='ltr'>libenter,</span> <span class='ocrx_word' id='word_1_191' title='bbox 462 1692 504 1723; x_wconf 87' lang='lat' dir='ltr'>et</span> <span class='ocrx_word' id='word_1_192' title='bbox 528 1682 610 1723; x_wconf 86' lang='lat' dir='ltr'>hoc</span> <span class='ocrx_word' id='word_1_193' title='bbox 633 1682 849 1732; x_wconf 87' lang='lat' dir='ltr'>libentius,</span> <span class='ocrx_word' id='word_1_194' title='bbox 868 1682 983 1737; x_wconf 84' lang='lat' dir='ltr'>quod</span> <span class='ocrx_word' id='word_1_195' title='bbox 1007 1696 1102 1722; x_wconf 84' lang='lat' dir='ltr'>mea</span> <span class='ocrx_word' id='word_1_196' title='bbox 1123 1692 1276 1738; x_wconf 90' lang='lat' dir='ltr'>sponte</span> <span class='ocrx_word' id='word_1_197' title='bbox 1299 1682 1439 1724; x_wconf 84' lang='lat' dir='ltr'>facere</span> <span class='ocrx_word' id='word_1_198' title='bbox 1461 1699 1565 1726; x_wconf 88' lang='lat' dir='ltr'>con-</span> 
     </span>
     <span class='ocr_line' id='line_1_27' title="bbox 124 1738 1564 1795; baseline 0.002 -16"><span class='ocrx_word' id='word_1_199' title='bbox 124 1738 364 1791; x_wconf 84' lang='lat' dir='ltr'>stitueram,</span> <span class='ocrx_word' id='word_1_200' title='bbox 398 1750 444 1780; x_wconf 93' lang='lat' dir='ltr'>ut</span> <span class='ocrx_word' id='word_1_201' title='bbox 479 1754 606 1795; x_wconf 87' lang='lat' dir='ltr'>quam</span> <span class='ocrx_word' id='word_1_202' title='bbox 646 1739 907 1780; x_wconf 85' lang='lat' dir='ltr'>lenissimum</span> <span class='ocrx_word' id='word_1_203' title='bbox 949 1753 1017 1779; x_wconf 88' lang='lat' dir='ltr'>me</span> <span class='ocrx_word' id='word_1_204' title='bbox 1058 1742 1319 1794; x_wconf 82' lang='lat' dir='ltr'>praeberem3</span> <span class='ocrx_word' id='word_1_205' title='bbox 1351 1751 1394 1781; x_wconf 91' lang='lat' dir='ltr'>et</span> <span class='ocrx_word' id='word_1_206' title='bbox 1432 1741 1564 1782; x_wconf 87' lang='lat' dir='ltr'>Pom-</span> 
     </span>
     <span class='ocr_line' id='line_1_28' title="bbox 122 1795 1564 1853; baseline 0.003 -17"><span class='ocrx_word' id='word_1_207' title='bbox 122 1795 284 1850; x_wconf 90' lang='lat' dir='ltr'>peium,</span> <span class='ocrx_word' id='word_1_208' title='bbox 304 1797 447 1838; x_wconf 83' lang='lat' dir='ltr'>darem</span> <span class='ocrx_word' id='word_1_209' title='bbox 463 1812 652 1853; x_wconf 80' lang='lat' dir='ltr'>operam,</span> <span class='ocrx_word' id='word_1_210' title='bbox 670 1807 716 1837; x_wconf 92' lang='lat' dir='ltr'>ut</span> <span class='ocrx_word' id='word_1_211' title='bbox 734 1796 1068 1838; x_wconf 85' lang='lat' dir='ltr'>reconciliarem.</span> <span class='ocrx_word' id='word_1_212' title='bbox 1085 1805 1296 1838; x_wconf 85' lang='lat' dir='ltr'>tentemus</span> <span class='ocrx_word' id='word_1_213' title='bbox 1316 1798 1398 1839; x_wconf 89' lang='lat' dir='ltr'>hoc</span> <span class='ocrx_word' id='word_1_214' title='bbox 1418 1800 1564 1852; x_wconf 88' lang='lat' dir='ltr'>modo,</span> 
     </span>
     <span class='ocr_line' id='line_1_29' title="bbox 125 1853 1565 1910; baseline 0.004 -18"><span class='ocrx_word' id='word_1_215' title='bbox 125 1853 159 1893; x_wconf 87' lang='lat' dir='ltr'>si</span> <span class='ocrx_word' id='word_1_216' title='bbox 193 1868 417 1908; x_wconf 88' lang='lat' dir='ltr'>possumus</span> <span class='ocrx_word' id='word_1_217' title='bbox 440 1855 632 1895; x_wconf 85' lang='lat' dir='ltr'>omnium</span> <span class='ocrx_word' id='word_1_218' title='bbox 657 1854 897 1895; x_wconf 79' lang='lat' dir='ltr'>voluntates</span> <span class='ocrx_word' id='word_1_219' title='bbox 929 1868 1192 1910; x_wconf 80' lang='lat' dir='ltr'>recuperare,</span> <span class='ocrx_word' id='word_1_220' title='bbox 1214 1865 1257 1895; x_wconf 88' lang='lat' dir='ltr'>et</span> <span class='ocrx_word' id='word_1_221' title='bbox 1278 1855 1480 1897; x_wconf 87' lang='lat' dir='ltr'>diuturna</span> <span class='ocrx_word' id='word_1_222' title='bbox 1502 1857 1565 1898; x_wconf 88' lang='lat' dir='ltr'>vi·</span> 
     </span>
     <span class='ocr_line' id='line_1_30' title="bbox 124 1911 1566 1969; baseline 0.004 -19"><span class='ocrx_word' id='word_1_223' title='bbox 124 1911 262 1951; x_wconf 87' lang='lat' dir='ltr'>ctoria</span> <span class='ocrx_word' id='word_1_224' title='bbox 284 1912 344 1952; x_wconf 90' lang='lat' dir='ltr'>uti</span> <span class='ocrx_word' id='word_1_225' title='bbox 364 1929 373 1954; x_wconf 92' lang='lat'><strong>:</strong></span> <span class='ocrx_word' id='word_1_226' title='bbox 405 1912 610 1968; x_wconf 87' lang='lat' dir='ltr'>quoniam</span> <span class='ocrx_word' id='word_1_227' title='bbox 640 1912 791 1967; x_wconf 87' lang='lat' dir='ltr'>reliqui</span> <span class='ocrx_word' id='word_1_228' title='bbox 815 1911 1066 1953; x_wconf 83' lang='lat' dir='ltr'>crudelitate</span> <span class='ocrx_word' id='word_1_229' title='bbox 1088 1912 1233 1953; x_wconf 86' lang='lat' dir='ltr'>odium</span> <span class='ocrx_word' id='word_1_230' title='bbox 1258 1912 1447 1969; x_wconf 88' lang='lat' dir='ltr'>effugere</span> <span class='ocrx_word' id='word_1_231' title='bbox 1476 1929 1566 1956; x_wconf 91' lang='lat' dir='ltr'>non</span> 
     </span>
     <span class='ocr_line' id='line_1_31' title="bbox 124 1969 1565 2025; baseline 0.004 -18"><span class='ocrx_word' id='word_1_232' title='bbox 124 1977 371 2022; x_wconf 87' lang='lat' dir='ltr'>potuerunt,</span> <span class='ocrx_word' id='word_1_233' title='bbox 408 1984 544 2025; x_wconf 91' lang='lat' dir='ltr'>neque</span> <span class='ocrx_word' id='word_1_234' title='bbox 578 1970 803 2011; x_wconf 82' lang='lat' dir='ltr'>victoriam</span> <span class='ocrx_word' id='word_1_235' title='bbox 840 1969 1001 2010; x_wconf 87' lang='lat' dir='ltr'>diutius</span> <span class='ocrx_word' id='word_1_236' title='bbox 1037 1979 1194 2021; x_wconf 88' lang='lat' dir='ltr'>tenere,</span> <span class='ocrx_word' id='word_1_237' title='bbox 1235 1980 1389 2025; x_wconf 85' lang='lat' dir='ltr'>praeter</span> <span class='ocrx_word' id='word_1_238' title='bbox 1429 1986 1565 2013; x_wconf 88' lang='lat' dir='ltr'>unum</span> 
     </span>
     <span class='ocr_line' id='line_1_32' title="bbox 126 2024 1566 2082; baseline 0.003 -16"><span class='ocrx_word' id='word_1_239' title='bbox 126 2024 176 2065; x_wconf 90' lang='lat' dir='ltr'>L.</span> <span class='ocrx_word' id='word_1_240' title='bbox 201 2024 376 2078; x_wconf 83' lang='lat' dir='ltr'>Sullam,</span> <span class='ocrx_word' id='word_1_241' title='bbox 406 2041 534 2082; x_wconf 87' lang='lat' dir='ltr'>quem</span> <span class='ocrx_word' id='word_1_242' title='bbox 566 2027 807 2067; x_wconf 87' lang='lat' dir='ltr'>imitaturus</span> <span class='ocrx_word' id='word_1_243' title='bbox 841 2041 927 2067; x_wconf 89' lang='lat' dir='ltr'>non</span> <span class='ocrx_word' id='word_1_244' title='bbox 962 2041 1069 2067; x_wconf 87' lang='lat' dir='ltr'>sum.</span> <span class='ocrx_word' id='word_1_245' title='bbox 1100 2027 1194 2069; x_wconf 86' lang='lat' dir='ltr'>haec</span> <span class='ocrx_word' id='word_1_246' title='bbox 1225 2041 1337 2068; x_wconf 82' lang='lat' dir='ltr'>nova</span> <span class='ocrx_word' id='word_1_247' title='bbox 1368 2029 1423 2069; x_wconf 86' lang='lat' dir='ltr'>sit</span> <span class='ocrx_word' id='word_1_248' title='bbox 1456 2029 1566 2071; x_wconf 84' lang='lat' dir='ltr'>ratio</span> 
     </span>
     <span class='ocr_line' id='line_1_33' title="bbox 125 2083 1567 2135; baseline 0.004 -13"><span class='ocrx_word' id='word_1_249' title='bbox 125 2083 353 2135; x_wconf 77' lang='lat' dir='ltr'>vincendi3</span> <span class='ocrx_word' id='word_1_250' title='bbox 384 2094 432 2124; x_wconf 89' lang='lat' dir='ltr'>ut</span> <span class='ocrx_word' id='word_1_251' title='bbox 454 2085 745 2126; x_wconf 80' lang='lat' dir='ltr'>misericordia</span> <span class='ocrx_word' id='word_1_252' title='bbox 766 2093 809 2124; x_wconf 84' lang='lat' dir='ltr'>et</span> <span class='ocrx_word' id='word_1_253' title='bbox 838 2084 1094 2125; x_wconf 79' lang='lat' dir='ltr'>liberalitate</span> <span class='ocrx_word' id='word_1_254' title='bbox 1123 2099 1200 2125; x_wconf 88' lang='lat' dir='ltr'>nos</span> <span class='ocrx_word' id='word_1_255' title='bbox 1231 2085 1488 2127; x_wconf 84' lang='lat' dir='ltr'>muniamus.</span> <span class='ocrx_word' id='word_1_256' title='bbox 1522 2087 1567 2129; x_wconf 87' lang='lat' dir='ltr'>id</span> 
     </span>
     <span class='ocr_line' id='line_1_34' title="bbox 121 2141 1566 2198; baseline 0.003 -19"><span class='ocrx_word' id='word_1_257' title='bbox 121 2141 486 2195; x_wconf 85' lang='lat' dir='ltr'>quemadmodum</span> <span class='ocrx_word' id='word_1_258' title='bbox 519 2142 609 2182; x_wconf 84' lang='lat' dir='ltr'>fieri</span> <span class='ocrx_word' id='word_1_259' title='bbox 644 2141 793 2198; x_wconf 85' lang='lat' dir='ltr'>possit,</span> <span class='ocrx_word' id='word_1_260' title='bbox 824 2141 1029 2183; x_wconf 85' lang='lat' dir='ltr'>nonnulla</span> <span class='ocrx_word' id='word_1_261' title='bbox 1060 2142 1164 2183; x_wconf 88' lang='lat' dir='ltr'>mihi</span> <span class='ocrx_word' id='word_1_262' title='bbox 1199 2141 1242 2183; x_wconf 90' lang='lat' dir='ltr'>in</span> <span class='ocrx_word' id='word_1_263' title='bbox 1274 2153 1461 2184; x_wconf 86' lang='lat' dir='ltr'>mentem</span> <span class='ocrx_word' id='word_1_264' title='bbox 1494 2158 1566 2184; x_wconf 83' lang='lat' dir='ltr'>ve-</span> 
     </span>
     <span class='ocr_line' id='line_1_35' title="bbox 121 2197 1565 2257; baseline 0.003 -20"><span class='ocrx_word' id='word_1_265' title='bbox 121 2197 265 2248; x_wconf 87' lang='lat' dir='ltr'>niunt,</span> <span class='ocrx_word' id='word_1_266' title='bbox 287 2209 330 2238; x_wconf 83' lang='lat' dir='ltr'>et</span> <span class='ocrx_word' id='word_1_267' title='bbox 360 2198 495 2240; x_wconf 83' lang='lat' dir='ltr'>multa</span> <span class='ocrx_word' id='word_1_268' title='bbox 518 2200 691 2254; x_wconf 91' lang='lat' dir='ltr'>reperiri</span> <span class='ocrx_word' id='word_1_269' title='bbox 725 2210 919 2255; x_wconf 88' lang='lat' dir='ltr'>possunt.</span> <span class='ocrx_word' id='word_1_270' title='bbox 984 2199 1049 2240; x_wconf 84' lang='lat' dir='ltr'>De</span> <span class='ocrx_word' id='word_1_271' title='bbox 1082 2200 1146 2240; x_wconf 88' lang='lat' dir='ltr'>his</span> <span class='ocrx_word' id='word_1_272' title='bbox 1178 2200 1318 2252; x_wconf 85' lang='lat' dir='ltr'>rebus,</span> <span class='ocrx_word' id='word_1_273' title='bbox 1344 2215 1450 2257; x_wconf 87' lang='lat' dir='ltr'>rogo</span> <span class='ocrx_word' id='word_1_274' title='bbox 1474 2216 1565 2253; x_wconf 72' lang='lat' dir='ltr'>vos,</span> 
     </span>
     <span class='ocr_line' id='line_1_36' title="bbox 124 2256 1567 2314; baseline 0.003 -19"><span class='ocrx_word' id='word_1_275' title='bbox 124 2264 172 2300; x_wconf 83' lang='lat' dir='ltr'>ut</span> <span class='ocrx_word' id='word_1_276' title='bbox 193 2256 506 2310; x_wconf 84' lang='lat' dir='ltr'>cogitationem</span> <span class='ocrx_word' id='word_1_277' title='bbox 529 2257 788 2312; x_wconf 85' lang='lat' dir='ltr'>suscipiatis.</span> <span class='ocrx_word' id='word_1_278' title='bbox 839 2256 921 2298; x_wconf 88' lang='lat' dir='ltr'>Cn.</span> <span class='ocrx_word' id='word_1_279' title='bbox 944 2256 1162 2313; x_wconf 77' lang='lat' dir='ltr'>Magium,</span> <span class='ocrx_word' id='word_1_280' title='bbox 1188 2257 1387 2314; x_wconf 90' lang='lat' dir='ltr'>Pompeii</span> <span class='ocrx_word' id='word_1_281' title='bbox 1410 2259 1567 2314; x_wconf 87' lang='lat' dir='ltr'>praefe-</span> 
     </span>
     <span class='ocr_line' id='line_1_37' title="bbox 122 2313 1567 2369; baseline 0.003 -16"><span class='ocrx_word' id='word_1_282' title='bbox 122 2321 257 2363; x_wconf 88' lang='lat' dir='ltr'>ctum,</span> <span class='ocrx_word' id='word_1_283' title='bbox 280 2313 557 2369; x_wconf 85' lang='lat' dir='ltr'>deprehendi.</span> <span class='ocrx_word' id='word_1_284' title='bbox 590 2314 754 2355; x_wconf 87' lang='lat' dir='ltr'>scilicet</span> <span class='ocrx_word' id='word_1_285' title='bbox 786 2328 882 2355; x_wconf 87' lang='lat' dir='ltr'>meo</span> <span class='ocrx_word' id='word_1_286' title='bbox 905 2314 1104 2356; x_wconf 88' lang='lat' dir='ltr'>instituto</span> <span class='ocrx_word' id='word_1_287' title='bbox 1130 2329 1227 2356; x_wconf 88' lang='lat' dir='ltr'>usus</span> <span class='ocrx_word' id='word_1_288' title='bbox 1261 2330 1370 2366; x_wconf 87' lang='lat' dir='ltr'>sum,</span> <span class='ocrx_word' id='word_1_289' title='bbox 1393 2326 1437 2356; x_wconf 83' lang='lat' dir='ltr'>et</span> <span class='ocrx_word' id='word_1_290' title='bbox 1467 2330 1567 2358; x_wconf 87' lang='lat' dir='ltr'>eum</span> 
     </span>
     <span class='ocr_line' id='line_1_38' title="bbox 123 2369 1566 2429; baseline 0.003 -19"><span class='ocrx_word' id='word_1_291' title='bbox 123 2369 270 2410; x_wconf 83' lang='lat' dir='ltr'>statim</span> <span class='ocrx_word' id='word_1_292' title='bbox 303 2371 478 2412; x_wconf 88' lang='lat' dir='ltr'>missum</span> <span class='ocrx_word' id='word_1_293' title='bbox 503 2371 601 2413; x_wconf 89' lang='lat' dir='ltr'>feci.</span> <span class='ocrx_word' id='word_1_294' title='bbox 626 2371 720 2426; x_wconf 85' lang='lat' dir='ltr'>jam</span> <span class='ocrx_word' id='word_1_295' title='bbox 747 2371 831 2412; x_wconf 89' lang='lat' dir='ltr'>duo</span> <span class='ocrx_word' id='word_1_296' title='bbox 857 2371 1052 2427; x_wconf 76' lang='lat' dir='ltr'>praefecti</span> <span class='ocrx_word' id='word_1_297' title='bbox 1083 2372 1255 2413; x_wconf 77' lang='lat' dir='ltr'>fabrfim</span> <span class='ocrx_word' id='word_1_298' title='bbox 1289 2372 1487 2429; x_wconf 84' lang='lat' dir='ltr'>Pompeii</span> <span class='ocrx_word' id='word_1_299' title='bbox 1520 2375 1566 2415; x_wconf 86' lang='lat' dir='ltr'>in</span> 
     </span>
     <span class='ocr_line' id='line_1_39' title="bbox 120 2430 1565 2484; baseline 0.003 -16"><span class='ocrx_word' id='word_1_300' title='bbox 120 2441 261 2468; x_wconf 84' lang='lat' dir='ltr'>meam</span> <span class='ocrx_word' id='word_1_301' title='bbox 295 2438 552 2484; x_wconf 86' lang='lat' dir='ltr'>potestatem</span> <span class='ocrx_word' id='word_1_302' title='bbox 583 2432 803 2479; x_wconf 68' lang='lat' dir='ltr'>vel-nerunt,</span> <span class='ocrx_word' id='word_1_303' title='bbox 825 2440 869 2469; x_wconf 85' lang='lat' dir='ltr'>et</span> <span class='ocrx_word' id='word_1_304' title='bbox 902 2444 927 2469; x_wconf 86' lang='lat' dir='ltr'>a</span> <span class='ocrx_word' id='word_1_305' title='bbox 955 2444 1023 2469; x_wconf 89' lang='lat' dir='ltr'>me</span> <span class='ocrx_word' id='word_1_306' title='bbox 1057 2430 1172 2470; x_wconf 88' lang='lat' dir='ltr'>missi</span> <span class='ocrx_word' id='word_1_307' title='bbox 1209 2441 1322 2471; x_wconf 88' lang='lat' dir='ltr'>sunt.</span> <span class='ocrx_word' id='word_1_308' title='bbox 1354 2431 1387 2471; x_wconf 92' lang='lat' dir='ltr'>si</span> <span class='ocrx_word' id='word_1_309' title='bbox 1421 2431 1565 2473; x_wconf 83' lang='lat' dir='ltr'>volent</span> 
     </span>
     <span class='ocr_line' id='line_1_40' title="bbox 122 2485 1568 2542; baseline 0.003 -17"><span class='ocrx_word' id='word_1_310' title='bbox 122 2485 234 2540; x_wconf 85' lang='lat' dir='ltr'>grati</span> <span class='ocrx_word' id='word_1_311' title='bbox 257 2500 362 2536; x_wconf 87' lang='lat' dir='ltr'>esse,</span> <span class='ocrx_word' id='word_1_312' title='bbox 383 2486 602 2527; x_wconf 87' lang='lat' dir='ltr'>debebunt</span> <span class='ocrx_word' id='word_1_313' title='bbox 627 2486 884 2542; x_wconf 88' lang='lat' dir='ltr'>Pompeium</span> <span class='ocrx_word' id='word_1_314' title='bbox 916 2486 1094 2539; x_wconf 83' lang='lat' dir='ltr'>hortari,</span> <span class='ocrx_word' id='word_1_315' title='bbox 1118 2496 1165 2528; x_wconf 87' lang='lat' dir='ltr'>ut</span> <span class='ocrx_word' id='word_1_316' title='bbox 1194 2487 1316 2529; x_wconf 85' lang='lat' dir='ltr'>malit</span> <span class='ocrx_word' id='word_1_317' title='bbox 1335 2487 1443 2529; x_wconf 84' lang='lat' dir='ltr'>mihi</span> <span class='ocrx_word' id='word_1_318' title='bbox 1475 2503 1568 2530; x_wconf 88' lang='lat' dir='ltr'>esse</span> 
     </span>
     <span class='ocr_line' id='line_1_41' title="bbox 123 2542 1567 2602; baseline 0.004 -20"><span class='ocrx_word' id='word_1_319' title='bbox 123 2542 301 2595; x_wconf 81' lang='lat' dir='ltr'>amicus,</span> <span class='ocrx_word' id='word_1_320' title='bbox 325 2558 453 2600; x_wconf 87' lang='lat' dir='ltr'>quam</span> <span class='ocrx_word' id='word_1_321' title='bbox 479 2544 558 2596; x_wconf 85' lang='lat' dir='ltr'>his,</span> <span class='ocrx_word' id='word_1_322' title='bbox 582 2544 655 2600; x_wconf 89' lang='lat' dir='ltr'>qui</span> <span class='ocrx_word' id='word_1_323' title='bbox 685 2553 730 2586; x_wconf 87' lang='lat' dir='ltr'>et</span> <span class='ocrx_word' id='word_1_324' title='bbox 756 2543 816 2585; x_wconf 92' lang='lat' dir='ltr'>illi</span> <span class='ocrx_word' id='word_1_325' title='bbox 838 2552 881 2585; x_wconf 91' lang='lat' dir='ltr'>et</span> <span class='ocrx_word' id='word_1_326' title='bbox 910 2543 1017 2585; x_wconf 82' lang='lat' dir='ltr'>mihi</span> <span class='ocrx_word' id='word_1_327' title='bbox 1042 2559 1209 2602; x_wconf 89' lang='lat' dir='ltr'>semper</span> <span class='ocrx_word' id='word_1_328' title='bbox 1228 2544 1402 2587; x_wconf 84' lang='lat' dir='ltr'>fuerunt</span> <span class='ocrx_word' id='word_1_329' title='bbox 1422 2546 1567 2588; x_wconf 83' lang='lat' dir='ltr'>inimi·</span> 
     </span>
    </p>
   </div>
   <div class='ocr_carea' id='block_1_8' title="bbox 120 2701 1564 2911">
    <p class='ocr_par' dir='ltr' id='par_1_8' title="bbox 120 2701 1564 2911">
     <span class='ocr_line' id='line_1_42' title="bbox 166 2701 1561 2745; baseline 0.004 -16"><span class='ocrx_word' id='word_1_330' title='bbox 166 2701 202 2730; x_wconf 85' lang='lat'>18</span> <span class='ocrx_word' id='word_1_331' title='bbox 228 2701 375 2740; x_wconf 74' lang='lat' dir='ltr'>liberari]</span> <span class='ocrx_word' id='word_1_332' title='bbox 400 2702 452 2732; x_wconf 92' lang='lat' dir='ltr'>Sic</span> <span class='ocrx_word' id='word_1_333' title='bbox 475 2701 547 2733; x_wconf 85' lang='lat' dir='ltr'>edd.</span> <span class='ocrx_word' id='word_1_334' title='bbox 571 2712 621 2743; x_wconf 82' lang='lat' dir='ltr'>pr.</span> <span class='ocrx_word' id='word_1_335' title='bbox 644 2705 678 2733; x_wconf 85' lang='lat' dir='ltr'>et</span> <span class='ocrx_word' id='word_1_336' title='bbox 700 2702 746 2733; x_wconf 87' lang='lat' dir='ltr'>sie</span> <span class='ocrx_word' id='word_1_337' title='bbox 770 2712 820 2733; x_wconf 86' lang='lat' dir='ltr'>res</span> <span class='ocrx_word' id='word_1_338' title='bbox 863 2712 929 2733; x_wconf 87' lang='lat' dir='ltr'>non</span> <span class='ocrx_word' id='word_1_339' title='bbox 953 2703 1032 2734; x_wconf 83' lang='lat' dir='ltr'>satis</span> <span class='ocrx_word' id='word_1_340' title='bbox 1059 2704 1227 2734; x_wconf 81' lang='lat' dir='ltr'>consentit</span> <span class='ocrx_word' id='word_1_341' title='bbox 1249 2704 1367 2744; x_wconf 83' lang='lat' dir='ltr'>primo,</span> <span class='ocrx_word' id='word_1_342' title='bbox 1389 2714 1459 2745; x_wconf 72' lang='lat' dir='ltr'>spes</span> <span class='ocrx_word' id='word_1_343' title='bbox 1477 2714 1561 2735; x_wconf 79' lang='lat' dir='ltr'>eom-</span> 
     </span>
     <span class='ocr_line' id='line_1_43' title="bbox 120 2741 1562 2786; baseline 0.003 -15"><span class='ocrx_word' id='word_1_344' title='bbox 120 2741 282 2782; x_wconf 83' lang='lat' dir='ltr'>postulat.</span> <span class='ocrx_word' id='word_1_345' title='bbox 300 2744 464 2781; x_wconf 79' lang='lat' dir='ltr'>liberanti,</span> <span class='ocrx_word' id='word_1_346' title='bbox 479 2745 566 2784; x_wconf 77' lang='lat' dir='ltr'>quod</span> <span class='ocrx_word' id='word_1_347' title='bbox 588 2745 704 2775; x_wconf 70' lang='lat' dir='ltr'>Bosius</span> <span class='ocrx_word' id='word_1_348' title='bbox 720 2756 737 2774; x_wconf 81' lang='lat' dir='ltr'>e</span> <span class='ocrx_word' id='word_1_349' title='bbox 753 2745 818 2776; x_wconf 90' lang='lat' dir='ltr'>Ms.</span> <span class='ocrx_word' id='word_1_350' title='bbox 855 2746 1035 2784; x_wconf 74' lang='lat' dir='ltr'>positionis,</span> <span class='ocrx_word' id='word_1_351' title='bbox 1051 2756 1115 2786; x_wconf 81' lang='lat' dir='ltr'>qua</span> <span class='ocrx_word' id='word_1_352' title='bbox 1126 2747 1231 2786; x_wconf 68' lang='lat' dir='ltr'>jacta.</span> <span class='ocrx_word' id='word_1_353' title='bbox 1246 2747 1305 2777; x_wconf 85' lang='lat' dir='ltr'>&amp;c.</span> <span class='ocrx_word' id='word_1_354' title='bbox 1322 2747 1520 2784; x_wconf 85' lang='lat' dir='ltr'>consentiet,</span> <span class='ocrx_word' id='word_1_355' title='bbox 1536 2749 1562 2777; x_wconf 78' lang='lat' dir='ltr'>si</span> 
     </span>
     <span class='ocr_line' id='line_1_44' title="bbox 122 2784 1564 2830; baseline 0.004 -17"><span class='ocrx_word' id='word_1_356' title='bbox 122 2793 182 2813; x_wconf 83' lang='lat' dir='ltr'>suo</span> <span class='ocrx_word' id='word_1_357' title='bbox 197 2784 311 2821; x_wconf 87' lang='lat' dir='ltr'>edidit,</span> <span class='ocrx_word' id='word_1_358' title='bbox 334 2795 400 2816; x_wconf 90' lang='lat' dir='ltr'>non</span> <span class='ocrx_word' id='word_1_359' title='bbox 416 2788 483 2817; x_wconf 76' lang='lat' dir='ltr'>coit</span> <span class='ocrx_word' id='word_1_360' title='bbox 506 2798 580 2818; x_wconf 87' lang='lat' dir='ltr'>cum</span> <span class='ocrx_word' id='word_1_361' title='bbox 597 2788 746 2818; x_wconf 82' lang='lat' dir='ltr'>oratione</span> <span class='ocrx_word' id='word_1_362' title='bbox 771 2798 820 2818; x_wconf 87' lang='lat' dir='ltr'>re-</span> <span class='ocrx_word' id='word_1_363' title='bbox 863 2788 1014 2825; x_wconf 82' lang='lat' dir='ltr'>addatur,</span> <span class='ocrx_word' id='word_1_364' title='bbox 1047 2790 1152 2830; x_wconf 80' lang='lat' dir='ltr'>quod:</span> <span class='ocrx_word' id='word_1_365' title='bbox 1188 2789 1302 2820; x_wconf 80' lang='lat' dir='ltr'>deinde</span> <span class='ocrx_word' id='word_1_366' title='bbox 1332 2790 1450 2820; x_wconf 80' lang='lat' dir='ltr'>bellum</span> <span class='ocrx_word' id='word_1_367' title='bbox 1478 2799 1506 2822; x_wconf 81' lang='lat' dir='ltr'>c.</span> <span class='ocrx_word' id='word_1_368' title='bbox 1533 2794 1564 2819; x_wconf 77' lang='lat' dir='ltr'>et</span> 
     </span>
     <span class='ocr_line' id='line_1_45' title="bbox 121 2825 1564 2872; baseline 0.004 -16"><span class='ocrx_word' id='word_1_369' title='bbox 121 2825 222 2865; x_wconf 85' lang='lat' dir='ltr'>liqua,</span> <span class='ocrx_word' id='word_1_370' title='bbox 251 2832 400 2867; x_wconf 79' lang='lat' dir='ltr'>recteque</span> <span class='ocrx_word' id='word_1_371' title='bbox 427 2834 518 2859; x_wconf 81' lang='lat' dir='ltr'>vetus</span> <span class='ocrx_word' id='word_1_372' title='bbox 543 2830 707 2861; x_wconf 78' lang='lat' dir='ltr'>revocavit</span> <span class='ocrx_word' id='word_1_373' title='bbox 729 2831 819 2861; x_wconf 80' lang='lat' dir='ltr'>Grae-</span> <span class='ocrx_word' id='word_1_374' title='bbox 862 2832 1044 2869; x_wconf 68' lang='lat' dir='ltr'>exitiosum,</span> <span class='ocrx_word' id='word_1_375' title='bbox 1084 2832 1168 2872; x_wconf 71' lang='lat' dir='ltr'>quod</span> <span class='ocrx_word' id='word_1_376' title='bbox 1200 2831 1317 2870; x_wconf 76' lang='lat' dir='ltr'>suscipi</span> <span class='ocrx_word' id='word_1_377' title='bbox 1348 2841 1371 2863; x_wconf 78' lang='lat' dir='ltr'>a</span> <span class='ocrx_word' id='word_1_378' title='bbox 1406 2831 1450 2863; x_wconf 86' lang='lat' dir='ltr'>P.</span> <span class='ocrx_word' id='word_1_379' title='bbox 1477 2831 1564 2863; x_wconf 81' lang='lat' dir='ltr'>vide-</span> 
     </span>
     <span class='ocr_line' id='line_1_46' title="bbox 122 2869 949 2911; baseline 0.008 -14"><span class='ocrx_word' id='word_1_380' title='bbox 122 2869 202 2901; x_wconf 68' lang='lat' dir='ltr'>vius.</span> <span class='ocrx_word' id='word_1_381' title='bbox 246 2870 388 2911; x_wconf 60' lang='lat' dir='ltr'>Sequens</span> <span class='ocrx_word' id='word_1_382' title='bbox 412 2873 594 2908; x_wconf 79' lang='lat' dir='ltr'>membrum</span> <span class='ocrx_word' id='word_1_383' title='bbox 621 2873 734 2903; x_wconf 73' lang='lat' dir='ltr'>deinde</span> <span class='ocrx_word' id='word_1_384' title='bbox 761 2874 818 2906; x_wconf 71' lang='grc' dir='ltr'>ἃς.</span> <span class='ocrx_word' id='word_1_385' title='bbox 863 2874 949 2905; x_wconf 79' lang='lat' dir='ltr'>bam.</span> 
     </span>
    </p>
   </div>
   <div class='ocr_carea' id='block_1_9' title="bbox 1576 1512 1697 1583">
    <p class='ocr_par' dir='ltr' id='par_1_9' title="bbox 1576 1512 1697 1583">
     <span class='ocr_line' id='line_1_47' title="bbox 1576 1512 1697 1549; baseline 0.017 -10"><span class='ocrx_word' id='word_1_386' title='bbox 1576 1519 1609 1549; x_wconf 89' lang='lat' dir='ltr'>p.</span> <span class='ocrx_word' id='word_1_387' title='bbox 1628 1512 1697 1541; x_wconf 79' lang='lat'>141.</span> 
     </span>
     <span class='ocr_line' id='line_1_48' title="bbox 1577 1562 1594 1583; baseline 0 0"><span class='ocrx_word' id='word_1_388' title='bbox 1577 1562 1594 1583; x_wconf 88' lang='lat' dir='ltr'>a</span> 
     </span>
    </p>
   </div>
  </div>
 </body>
</html>
