1940 3231
711 123 915 162 LmER
957 123 1064 164 xvi.
1529 130 1607 170 377

177 230 255 276 set,
277 240 364 268 non
388 227 517 269 modo
541 228 818 279 Bdeseruerit,
839 236 978 268 emtus
999 227 1195 284 pecunia,
1212 226 1284 268 sed
1307 228 1452 280 etiam,
1471 244 1609 285 quan-

178 292 269 323 tum
293 283 336 324 in
359 284 452 340 ipso
474 286 571 337 fuit,
593 285 807 327 everterit.
869 285 999 331 Quod
1026 294 1168 327 autem
1191 285 1363 339 quaeriS,
1387 288 1607 340 quomodo

176 340 249 395 agi
283 341 461 396 placeat,
483 358 580 384 cum
603 343 692 383 dies
716 342 904 394 venerit3
937 342 1122 398 primum
1153 342 1278 383 velim
1301 342 1511 397 ejusmodi
1536 346 1606 397 sit,

180 407 228 437 ut
257 412 342 439 non
365 400 550 441 alienum
578 401 646 451 sit,
677 414 745 440 me
779 399 933 440 Romae
959 414 1063 452 esse,
1090 400 1143 441 de
1172 414 1273 455 qu0,
1296 409 1343 441 ut
1365 400 1417 441 de
1437 402 1607 452 ceteris,

177 452 349 506 faciam,
374 467 420 498 ut
442 467 487 497 tu
510 459 737 498 censueris.
760 457 812 498 de
838 472 1004 498 summa
1024 467 1167 498 autem
1190 458 1259 512 agi
1284 472 1456 513 prorsus
1479 457 1609 499 vehe-

175 522 342 553 menter
363 522 404 554 et
427 529 569 554 severe
595 515 703 556 volo.
726 515 821 566 etsi,
844 528 1068 570 sponsores
1091 514 1318 571 appellare,
1340 515 1510 556 videtur
1531 516 1609 556 ha-

176 567 277 609 bere
299 572 511 624 quandam
534 574 722 614 δπωπίωνι
750 582 890 612 tamen
914 572 1013 622 hoc,
1035 573 1158 627 quale
1181 572 1250 623 sit,
1272 573 1515 614 consideres
1537 587 1610 614 ve-

175 623 264 666 lim.
300 642 525 681 possumus
547 632 678 680 enim,
701 634 720 664 9
736 639 782 669 ut
804 644 1029 685 sponsores
1052 629 1334 685 appellentur,
1357 639 1610 686 procurato-

175 697 240 723 res
265 683 548 727 introducere.
580 701 717 742 neque
740 687 855 727 enim
886 687 945 727 illi
968 687 1084 727 litem
1108 688 1490 729 contestabantur:
1521 702 1609 744 quo

175 738 306 789 facto,
331 756 416 783 non
440 759 533 784 sum
557 746 738 795 nescius,
764 758 988 800 sponsores
1012 744 1198 785 liberari.
1232 745 1302 785 sed
1326 754 1370 785 et
1394 745 1453 786 illi
1484 754 1610 801 turpe

175 797 374 860 arbitror,
412 815 462 841 eo
503 803 691 852 nomine,
722 802 836 856 quod
873 801 1077 842 satisdato
1109 803 1278 853 debeat,
1311 812 1609 858 procuratores

175 867 268 909 ejus
292 870 378 897 non
402 858 657 911 dissolvere3
688 868 732 899 et
753 868 910 900 nostrae
934 860 1265 915 gravitatis,jus
1293 870 1486 901 nostrum
1518 860 1611 901 sine

177 925 345 954 summa
366 915 476 956 illius
500 917 739 973 ignominia
770 917 981 972 persequi.
1017 917 1069 957 de
1097 916 1180 958 hoc
1208 916 1311 972 quid
1342 916 1523 973 placeat,
1545 932 1612 959 re-

179 970 339 1012 scribas
363 973 515 1015 velim:
550 990 626 1015 nec
658 974 825 1025 dubito,
848 976 950 1029 quin
976 973 1056 1014 hoc
1088 982 1227 1014 totum
1259 974 1395 1016 lenius
1427 975 1612 1016 admini-

177 1036 386 1070 straturus
418 1031 488 1072 sis.
549 1032 698 1072 Redeo
720 1032 773 1073 ad
804 1031 1129 1087 rempublicam.
1192 1031 1338 1073 Multa
1368 1032 1613 1074 mehercule

179 1099 205 1124 a
239 1095 280 1126 te
313 1102 427 1143 saepe
451 1092 476 1129 ἐν
494 1096 653 1142 πολιτικῷ
675 1103 829 1145 genere
858 1089 1113 1145 prudenter:
1147 1089 1218 1130 sed
1242 1089 1307 1130 his
1329 1089 1481 1130 litteris
1504 1089 1614 1131 nihil

174 1143 452 1197 prudentius:
490 1149 525 1176 ¹0
538 1161 781 1202 quamquam
803 1147 908 1187 enim
931 1153 1086 1202 postea,
1108 1147 1152 1187 in
1166 1147 1385 1201 praesentia
1415 1146 1516 1188 belle
1537 1147 1611 1188 iste

168 1213 276 1253 puer
297 1203 479 1244 retundit
498 1202 742 1255 Antonium,
762 1211 895 1246 tamen
914 1205 1065 1246 exitum
1081 1211 1306 1259 exspectare
1323 1203 1519 1246 debemus.
1551 1213 1612 1256 at,

177 1271 274 1311 quae
294 1261 476 1302 concio?
509 1276 604 1302 nain
626 1272 689 1302 est
710 1262 840 1303 missa
861 1262 982 1302 mihi.
1007 1262 1142 1317 jurat,
1162 1262 1221 1302 ita
1241 1262 1320 1303 sibi
1334 1263 1521 1316 parentis
1541 1261 1614 1303 lw-

177 1328 292 1356 nores
311 1319 497 1374 consequi
516 1318 660 1360 liceat:
691 1329 734 1360 et
761 1320 886 1362 simul
908 1320 1104 1360 dextram
1127 1320 1312 1361 intendit
1335 1320 1388 1360 ad
1410 1328 1614 1361 statuam.

173 1374 255 1424 μηδὲ
272 1379 398 1419 σωθείην
419 1380 520 1425 ὑπόγε
538 1381 681 1418 vocem).
713 1378 802 1429 sed,
821 1387 868 1418 ut
891 1377 1056 1428 scribis,
1083 1380 1115 1407 ¹¹
1133 1377 1419 1418 certissimum
1440 1393 1530 1419 esse
1550 1378 1615 1419 vi-

177 1429 258 1493 deo
290 1432 534 1485 discrimen,
569 1434 717 1476 Cascae
749 1435 882 1475 nostri
916 1436 1211 1476 tribunatum:
1240 1435 1294 1475 de
1324 1450 1410 1490 quo
1438 1435 1616 1490 quidem

177 1500 272 1542 ipso
304 1490 397 1530 dixi
421 1490 583 1547 Oppio,
606 1507 701 1533 cum
737 1507 805 1533 me
838 1492 1092 1543 hortaretur,
1115 1502 1164 1533 ut
1194 1492 1526 1544 adolescentem,
1549 1503 1615 1534 to-

177 1552 352 1601 tamque
374 1563 562 1599 causam,
585 1564 844 1606 manumque
870 1548 1179 1591 'veteranorum'
1200 1550 1522 1606 complecterer,
1545 1565 1616 1591 me

178 1603 296 1645 nullo
320 1606 449 1646 modo
488 1606 628 1648 facere
660 1622 796 1664 posse,
833 1608 877 1648 ni
916 1607 1021 1648 mihi
1058 1607 1334 1663 exploratum
1366 1618 1492 1661 esset,
1515 1622 1616 1649 eum

178 1673 266 1702 non
294 1663 423 1704 modo
446 1678 533 1705 non
567 1665 788 1706 inimicum
821 1666 1163 1721 tyrannoctoniS,
1186 1679 1333 1705 verum
1353 1666 1483 1706 etiam
1508 1665 1616 1707 ami-

177 1732 276 1760 cum
308 1719 414 1762 fore.
447 1736 545 1763 cum
575 1723 646 1764 ille
672 1723 849 1774 diceret,
871 1724 932 1764 ita
961 1723 1178 1764 futurum:
1211 1723 1315 1777 quid
1338 1723 1473 1778 igitur
1494 1722 1616 1764 festi-

178 1781 360 1820 namus?
391 1779 582 1835 inquam.
614 1780 675 1821 illi
696 1781 811 1822 enim
837 1795 932 1822 mea
953 1795 1084 1837 opera
1107 1789 1207 1821 ante
1230 1779 1414 1822 Kalend.
1436 1781 1616 1823 Januar.

179 1836 289 1879 nihil
323 1852 430 1893 opus
468 1848 546 1880 est.
580 1852 658 1879 nos
701 1847 843 1879 autem
880 1838 973 1894 ejus
1014 1838 1279 1879 voluntatem
1320 1840 1358 1868 ¹2
1375 1848 1474 1879 ante
1510 1837 1616 1880 Idus

180 1895 392 1938 Decemb.
428 1895 737 1953 perspiciemus
769 1897 812 1937 in
838 1895 990 1938 Casca.
1026 1896 1133 1938 mihi
1158 1895 1279 1936 valde
1310 1910 1505 1937 assensus
1536 1906 1618 1938 est.

179 1955 475 2001 Quamobrem
507 1954 602 1996 haec
632 1954 805 2009 quidem
837 1953 1060 1995 hactenus.
1121 1953 1252 2000 Quod
1284 1953 1496 2009 reliquum
1537 1963 1664 2005 est‚b.

178 2014 373 2068 quotidie
393 2012 636 2054 tabellarios
662 2012 854 2064 habebis,
877 2022 934 2063 et,
960 2021 1007 2053 ut
1026 2026 1108 2068 ego
1130 2011 1331 2062 arbitror,
1348 2012 1479 2052 etiam
1501 2011 1621 2067 quod

180 2072 357 2123 scribas,
399 2070 579 2141 habebis
620 2070 831 2126 quotidie.
898 2070 1047 2127 Leptae
1090 2068 1330 2110 litterarum
1371 2068 1622 2126 exemplum

221 2235 239 2264 8
276 2231 452 2262 deseruerit
463 2228 594 2269 —fuit‚
623 2229 787 2269 everterit]
826 2227 880 2260 Sic
923 2237 989 2258 non
1006 2227 1116 2259 habet.
1143 2229 1233 2260 Bene
1248 2228 1282 2260 J.
1300 2228 1336 2259 F.
1351 2228 1537 2259 Gronovius
1550 2238 1623 2259 cor·

177 2276 277 2317 plane
293 2275 343 2305 ed.
360 2274 457 2304 Rom.
495 2273 573 2303 Post
587 2272 678 2302 dens.
693 2272 782 2302 dedit
793 2272 880 2302 dese·
920 2272 1017 2310 rigit:
1035 2275 1153 2310 potest,
1176 2275 1208 2301 et
1228 2273 1265 2302 in
1281 2271 1458 2312 proesentia
1481 2272 1540 2302 διο.
1563 2282 1624 2311 pro

179 2321 251 2349 ruit
289 2322 322 2348 et
350 2316 483 2356 ficerit:
519 2315 607 2355 quod
634 2321 748 2355 postea
775 2315 876 2345 secuti
920 2314 1067 2344 retundit
1089 2313 1140 2344 ed.
1163 2313 1262 2344 Rom.
1277 2315 1350 2345 Asc.
1371 2313 1444 2344 Ald.
1467 2315 1624 2353 retrudit,

179 2365 260 2392 sunt
272 2360 413 2390 editores
428 2358 595 2399 plerique3
620 2357 706 2388 unde
723 2357 879 2397 Malaspi-
920 2357 1012 2387 Jeus.
1028 2356 1183 2387 recondit.
1207 2355 1294 2387 male
1310 2362 1486 2395 utrumque
1501 2356 1537 2387 P.
1551 2356 1625 2387 Ma-

179 2412 223 2434 na
236 2414 275 2434 ex
290 2403 423 2442 ingenio
443 2410 476 2430 se
497 2400 627 2441 putavit
649 2401 810 2439 corrigere
825 2400 879 2430 de·
921 2399 1052 2429 nutius:
1077 2409 1109 2438 q.
1135 2408 1163 2429 e.
1180 2404 1285 2438 posset
1299 2402 1336 2429 in
1352 2399 1626 2439 prasentia—re-

177 2447 330 2478 seruerit,
345 2443 491 2474 Graevius
507 2454 523 2473 e
541 2443 604 2473 Ms.
621 2453 679 2472 suo
683 2442 772 2481 suit.
921 2442 1068 2473 tundere.
1085 2441 1252 2472 Victorius
1263 2441 1354 2472 dedit
1361 2441 1520 2480 retundit,
1536 2441 1624 2481 quod

222 2493 242 2523 9
263 2492 301 2518 ut
312 2497 474 2528 sponsores
488 2487 694 2526 appellentur
707 2485 781 2525 &c.]
807 2484 829 2515 i.
846 2495 876 2516 e.
920 2490 954 2515 et
969 2494 1081 2523 margo
1095 2483 1145 2514 ed.
1162 2485 1252 2515 Crat.
1267 2484 1382 2515 habet.
1398 2484 1492 2514 bene.

179 2535 219 2561 ut
246 2531 316 2560 sine
335 2530 514 2560 offensione
543 2534 577 2558 et
602 2527 725 2568 pudore
751 2528 878 2568 possint
968 2529 999 2556 ll
1026 2527 1243 2557 certissimum
1257 2536 1321 2557 esse
1331 2526 1421 2556 video
1435 2527 1624 2565 discrimen,

178 2572 336 2613 appellari
350 2572 389 2603 de
402 2572 541 2613 pecunia
555 2580 614 2611 pro
628 2569 803 2602 Dolabella
814 2570 878 2601 sol·
926 2569 1032 2600 Cascoe
1051 2579 1086 2599 n.
1109 2569 1331 2609 tribunatum]
1356 2570 1378 2599 i.
1400 2579 1432 2600 e.
1454 2568 1489 2598 in
1513 2570 1624 2600 Cascae

178 2616 296 2652 venda,
312 2624 483 2654 possumus
502 2613 633 2653 aggredi
651 2617 878 2653 procuratores
921 2612 1093 2642 tribunatu
1116 2611 1323 2649 decernetur,
1339 2616 1452 2642 utrum
1468 2611 1623 2642 Octavia-

181 2657 377 2694 Dolabellae,
408 2658 462 2696 qui
491 2666 558 2686 non
587 2656 680 2686 litem
706 2655 880 2686 intendent
922 2664 983 2684 nus
1000 2655 1150 2684 inimicus
1165 2655 1209 2684 sit
1227 2654 1471 2695 percussoribus
1487 2653 1626 2684 Caesaris

182 2701 276 2731 nobis
304 2699 343 2729 de
371 2701 517 2735 nomine,
542 2704 576 2729 et
602 2698 701 2729 debiti
732 2700 881 2735 veritate,
925 2707 984 2728 nec
1008 2707 1060 2727 ne.
1082 2697 1127 2727 sic
1149 2701 1183 2727 et
1205 2697 1283 2728 alibi
1304 2697 1476 2727 discrimen
1493 2695 1626 2728 dicitur.

181 2743 238 2773 sed
251 2752 318 2773 rem
335 2742 376 2772 ad
389 2751 559 2782 sponsores
572 2742 732 2780 rejicient,
749 2746 808 2771 aut
822 2741 884 2781 ipsi
925 2751 956 2770 v.
972 2740 1063 2771 Clav.
1079 2739 1113 2769 in
1129 2739 1161 2769 h.
1176 2750 1206 2770 v.

181 2785 312 2815 solvent
334 2785 519 2824 pecuniam,
536 2793 576 2814 ne
592 2783 794 2814 contumelia
811 2784 880 2813 affi-
969 2784 1006 2813 12
1029 2785 1106 2813 ante
1121 2782 1201 2813 Idus
1215 2780 1312 2821 Dea]
1345 2791 1390 2812 sc.
1415 2791 1447 2811 a.
1464 2779 1496 2811 d.
1513 2787 1560 2811 lv.
1576 2779 1628 2811 Id.

182 2828 290 2858 ciatur
302 2827 488 2864 Dolabella,
505 2826 590 2866 quod
604 2827 670 2866 ipse
684 2826 787 2856 nolim
798 2826 881 2857 fieri.
925 2825 1007 2857 Dec.
1027 2834 1092 2865 quo
1107 2824 1159 2856 die
1173 2825 1298 2856 tribuni
1310 2824 1440 2855 inibant
1452 2823 1627 2863 magistra-

229 2873 267 2900 10
290 2879 490 2910 quamquam
506 2869 592 2899 enim
607 2873 733 2908 postea,
749 2870 784 2899 z'n
799 2878 886 2908 proe-
927 2872 1015 2899 tum.

180 2914 286 2944 sentia
308 2912 383 2953 &c.]
410 2912 484 2944 Hoc
513 2921 644 2942 sensum
673 2911 885 2943 commodum

25 2669 28 2747 l
