1940 3231
756 165 964 206 LIBER
999 165 1068 203 VI.
1559 173 1634 213 587

195 274 447 330 iiegotiun13
477 274 617 316 habeo
637 271 817 315 Junium
840 279 884 311 et
906 269 1146 317 Quintilem
1169 268 1213 309 in
1244 279 1378 310 metu.
1408 280 1526 326 esto;
1547 275 1634 317 duo

195 333 372 387 quidem
396 347 560 373 menses
586 329 814 370 sustinebit
837 328 1034 369 Bibulus.
1056 326 1159 383 quid
1182 325 1255 366 illo
1277 326 1366 376 fiet,
1389 342 1515 382 quem
1538 333 1634 373 reli-

197 404 346 444 quero,
380 387 617 445 praesertim
647 385 681 426 si
720 385 920 427 fratrem?
951 385 1054 441 quid
1088 398 1156 425 me
1189 392 1348 435 autem,
1370 385 1403 424 si
1429 400 1516 427 non
1544 397 1631 430 tam

196 447 285 487 cito
322 447 506 488 decedo?
539 457 696 499 magna
728 444 854 485 turba
883 452 962 484 est.
993 442 1100 483 mihi
1127 452 1269 483 tamen
1299 456 1395 483 cum
1425 441 1632 486 Deiotaro

196 504 414 554 convenit,
437 511 485 543 ut
506 502 574 542 ille
597 502 639 542 in
662 501 768 542 meis
790 501 940 542 castris
961 499 1074 541 esset
1103 515 1201 540 cum
1226 500 1312 540 suis
1335 500 1472 556 copiis
1494 503 1634 542 omni-

196 560 292 601 buS.
317 560 448 601 habet
469 569 612 600 autem
632 557 832 600 cohortes
851 557 1230 614 quadringenarias
1253 567 1398 598 nostra
1420 568 1635 600 armatura

198 631 326 669 xxx3
355 616 549 671 equitum
575 629 652 658 Cio
680 629 776 657 cm.
797 616 878 656 erit
900 615 953 657 ad
981 614 1321 666 sustentandum,
1344 615 1485 670 quoad
1504 615 1635 657 Pom-

198 675 319 730 peius
335 674 502 726 veniat3
526 674 598 729 qui
622 673 791 724 litteris,
805 688 910 728 quas
932 673 986 713 ad
1007 687 1077 713 me
1098 671 1247 722 mittit,
1263 672 1495 728 significat,
1509 688 1635 715 suum

196 731 432 786 negotium:
452 731 557 772 illud
591 731 698 772 fore.
730 730 921 772 hiemant
953 730 997 771 in
1032 738 1178 770 nostra
1214 730 1434 784 provincia
1467 730 1634 772 Parthi.

196 798 472 844 exspectatur
494 789 585 844 ipse
607 788 790 830 Orodes.
820 788 923 844 quid
956 788 1140 843 quaeris?
1171 786 1438 841 aliquantum
1468 798 1533 829 est
1561 803 1636 830 ne-

197 846 323 901 gotii.
363 845 425 887 De
447 846 594 888 Bibuli
617 847 775 896 edicto,
798 849 838 876 3⁴
853 845 959 886 nihil
990 845 1105 896 nori,
1128 854 1283 900 praeter
1303 845 1415 885 illam
1439 847 1634 902 excepti·
1647 855 1678 886 b.

198 917 341 954 onem,
364 903 417 945 de
442 919 528 959 qua
563 913 609 945 tu
641 903 694 945 ad
725 918 793 944 me
810 904 1060 959 scripseras,
1084 905 1125 933 35
1138 901 1405 958 nimisgravi
1439 904 1636 960 prcejzcdi-

200 960 264 1001 cio
291 961 337 1002 in
366 960 545 1002 ordinem
582 968 777 1002 nostrum.
813 975 895 1016 ego
929 969 1071 1001 tamen
1107 959 1247 1000 habeo
1271 962 1541 1013 Ξσοδυνκμοῧσ-ων,
1566 962 1640 1004 sed

199 1018 241 1048 36
255 1019 494 1068 tectiorem,
516 1034 570 1061 ex
593 1019 648 1066 Q.
674 1017 814 1059 Mucii
842 1018 891 1058 P.
917 1017 965 1058 F.
989 1017 1130 1057 edicto
1156 1016 1365 1066 Asiatico,
1380 1025 1492 1060 extra
1515 1034 1639 1074 quam

197 1075 234 1116 si
263 1075 326 1117 ita
356 1077 562 1133 negotium
588 1082 743 1133 gestum
766 1081 834 1126 esi,
864 1082 910 1115 ut
941 1089 983 1116 eo
1012 1074 1114 1114 stari
1144 1088 1225 1114 non
1256 1081 1453 1128 opor-teat,
1485 1091 1532 1117 ex
1549 1076 1643 1131 fide

202 1133 334 1174 bona:
366 1134 585 1190 multaque
617 1148 710 1174 sum
742 1142 912 1173 secutus
945 1131 1179 1182 Scaevolae3
1211 1131 1253 1171 in
1276 1131 1325 1171 iis
1348 1131 1465 1183 illud,
1488 1133 1530 1174 in
1554 1150 1641 1190 quo

202 1190 284 1232 sibi
308 1191 549 1233 libertatem
576 1200 753 1233 censent
777 1189 923 1231 Graeci
946 1190 1105 1240 datam,
1126 1200 1172 1229 ut
1204 1188 1349 1230 Gracci
1382 1189 1492 1232 inter
1514 1206 1558 1231 se
1579 1192 1644 1233 di-

203 1259 400 1304 sceptent
433 1249 518 1289 suis
558 1248 740 1304 legibus.
801 1247 940 1288 Breve
971 1257 1112 1287 autem
1146 1246 1336 1287 edictum
1366 1256 1431 1287 est
1470 1257 1646 1305 propter

205 1305 317 1348 hanc
339 1320 477 1347 meam
500 1308 662 1362 διοιίξεσιν,
682 1305 797 1361 quod
828 1305 995 1345 duobus
1029 1304 1258 1360 generibus
1289 1304 1542 1346 edicendum
1567 1321 1646 1362 pu-

203 1364 317 1406 tavi:
349 1378 530 1419 quorum
558 1378 688 1404 unum
711 1373 775 1403 est
796 1362 1072 1418 provinciale,
1095 1361 1136 1402 in
1152 1376 1237 1417 quo
1254 1372 1318 1402 est
1340 1361 1392 1402 de
1407 1363 1644 1406 rationibus

206 1421 449 1472 civitatum,
473 1422 526 1463 de
558 1435 641 1461 aere
668 1421 823 1471 alieno,
854 1420 906 1461 de
941 1435 1084 1470 usura,
1107 1419 1158 1459 dc
1181 1419 1464 1475 syngraphis3
1496 1420 1538 1462 in
1573 1436 1646 1463 eo-

204 1478 302 1520 dem
327 1480 474 1520 omnia
494 1480 546 1519 de
579 1478 845 1534 publicanis:
879 1478 1074 1527 aiterum,
1097 1478 1211 1531 quod
1247 1478 1337 1517 sine
1374 1478 1518 1519 edicto
1542 1479 1644 1521 satis

205 1537 434 1578 commode
448 1536 626 1592 transigi
646 1551 729 1577 non
748 1544 903 1591 potest,
918 1536 970 1575 de
984 1534 1270 1575 hereditatum
1292 1535 1647 1589 possessionibus,

204 1593 258 1634 de
273 1594 396 1635 bonis
411 1593 692 1651 possidendis,
716 1596 754 1627 37
771 1593 986 1649 magistris
1007 1592 1232 1642 faciendis,
1256 1592 1488 1633 vendendis
1508 1611 1517 1636 z
1549 1609 1646 1649 quae

205 1665 261 1693 ex
284 1652 427 1694 edicto
449 1662 493 1693 et
515 1651 720 1708 postulari
738 1661 779 1691 et
800 1651 890 1692 fieri
911 1650 1063 1691 solent.
1083 1649 1273 1700 tertium,
1295 1649 1348 1690 de
1371 1650 1531 1706 reliquo
1547 1652 1674 1707 jure*

207 1709 412 1762 dicundo,
431 1713 583 1766 ἅγςκφον
605 1709 771 1765 reliqui,
803 1709 894 1749 dixi
920 1722 987 1748 me
1017 1708 1070 1749 de
1100 1722 1151 1748 eo
1183 1721 1338 1764 genere
1363 1722 1457 1748 mea
1478 1709 1651 1751 decreta

209 1767 263 1808 ad
292 1767 434 1809 edicta
466 1768 630 1808 urbana
666 1766 1118 1808 accommodaturum:
1152 1765 1298 1820 itaque
1319 1780 1438 1816 curo,
1461 1776 1504 1807 et
1527 1768 1649 1808 satis-

210 1824 325 1866 facio
357 1825 498 1866 adhuc
528 1824 743 1866 omnibus.
805 1824 949 1865 Graeci
976 1837 1074 1864 vero
1106 1822 1317 1872 exultant,
1337 1823 1451 1877 quod
1476 1827 1516 1856 33
1534 1840 1651 1881 pere-

211 1883 380 1939 grinisssj
391 1882 585 1924 udicibus
606 1892 798 1924 utuntur.
826 1881 1109 1937 nugatoribus
1132 1880 1320 1935 quidem,
1345 1881 1525 1935 inquies.
1548 1883 1652 1938 quid

212 1940 370 1983 refert?
388 1951 529 1982 tamen
552 1955 597 1980 se
614 1944 806 1994 αὖτονομίοιν
826 1939 1006 1995 adeptos
1030 1948 1198 1994 putant.
1216 1937 1342 1977 vestri
1362 1939 1493 1990 enim,
1510 1940 1653 1991 credo,

212 2012 363 2052 graves
383 1998 558 2048 habent,
580 1997 844 2054 Turpionem
868 1997 1093 2047 sutorium,
1116 2004 1158 2036 et
1179 1995 1370 2036 Vettium
1396 1998 1653 2053 mancipem.

215 2055 285 2096 De
302 2055 541 2112 publicanis
563 2056 665 2110 quid
689 2069 830 2111 agam,
847 2055 1003 2095 videris
1026 2067 1232 2110 quaerere.
1252 2053 1391 2094 habeo
1411 2053 1453 2094 in
1476 2054 1656 2108 deliciis,

215 2114 444 2168 obsequor,
477 2113 618 2154 verbis
649 2113 791 2163 laudo,
823 2127 954 2164 orno;
987 2112 1144 2162 efficio,
1167 2125 1220 2152 ne
1251 2111 1320 2152 cui
1352 2111 1521 2152 molesti
1555 2113 1654 2154 sint.

212 2179 249 2214 τὸ
264 2176 545 2230 ποιςοιδοξότατον,
565 2185 712 2211 usuras
734 2184 1015 2226 eorum5qufzs
1033 2169 1307 2228 pactionibus
1327 2169 1657 2226 adscripserant,

257 2338 299 2366 34
321 2336 406 2366 nihil
426 2335 526 2375 movi]
553 2335 605 2366 Sic
628 2334 821 2370 Lambinus,
843 2333 914 2364 Ma-

219 2379 332 2410 nutius
349 2380 408 2409 &cz
423 2378 496 2408 edd.
512 2388 562 2418 pr.
576 2378 661 2408 nihil
674 2378 758 2408 novi.
771 2378 826 2408 sed
839 2377 917 2416 quid

215 2427 267 2452 est
281 2422 366 2451 nihil
379 2422 462 2451 mosi
475 2421 491 2450 .?
511 2431 553 2451 an
566 2421 715 2450 mutavi?
741 2431 784 2450 sc.
802 2420 835 2449 in
849 2420 915 2450 edi·

219 2469 274 2494 cto
291 2474 377 2499 meo,
393 2470 431 2494 ut
448 2465 553 2494 visum
576 2463 685 2493 Bosio.
707 2463 763 2493 sed
786 2462 916 2493 Cicero-

221 2507 271 2536 nis
291 2506 435 2537 edictum
460 2507 550 2546 prius
572 2505 680 2537 Bibuli
705 2505 823 2535 edicto.
839 2515 917 2544 ergo

219 2555 364 2580 veterem
389 2549 564 2579 lectionem
581 2558 689 2578 verani
705 2554 787 2587 put-o
803 2559 808 2577 :
833 2547 919 2586 quod

221 2591 262 2622 ad
278 2592 422 2622 edictum
444 2591 552 2623 Bibuli
578 2591 714 2625 attinet,
730 2591 764 2620 in
781 2600 819 2619 eo
836 2589 918 2619 nihil

223 2636 297 2664 novi
322 2641 383 2671 est,
412 2639 533 2674 praeter
558 2633 648 2663 illam
680 2633 917 2671 exceptionem.

224 2676 361 2707 Dictum
375 2682 425 2707 est
437 2677 477 2707 ad
492 2675 712 2706 excusandum
729 2674 896 2705 Bibulum.

267 2722 307 2750 35
330 2720 429 2750 nimis
451 2719 552 2758 gravi
568 2716 713 2759 praejud.
728 2719 763 2747 in
786 2727 819 2747 n.
836 2717 922 2746 ordi·
946 2756 949 2760 .

224 2761 312 2800 nem]
332 2761 414 2791 Haee
429 2762 528 2792 verba
540 2768 618 2791 sunt
639 2771 678 2790 ex
702 2759 841 2800 epistola
861 2762 922 2791 At-

224 2802 295 2833 tici.
318 2804 352 2833 in
367 2804 405 2834 iis
420 2809 470 2834 est
490 2803 699 2844 reprehensio
721 2802 923 2842 exceptionis

224 2854 332 2916 exleO,
348 2845 435 2884 quod
457 2845 717 2887 negotiatoribus
729 2844 822 2875 valde
837 2843 923 2885 peri-

224 2897 265 2917 cu
281 2896 338 2917 osa
351 2888 405 2917 sit.

267 2929 308 2960 36
330 2929 508 2971 tectiorem]
536 2939 582 2963 sc.
605 2930 681 2970 quia
696 2939 764 2962 non
779 2939 923 2963 comme-

958 2334 1109 2366 morabat
1135 2335 1254 2365 diserte
1275 2338 1401 2365 certum
1417 2344 1523 2365 causae
1537 2338 1573 2365 et
1587 2335 1657 2366 vitii

959 2387 1074 2416 gemm,
1097 2383 1136 2408 ut
1159 2377 1380 2417 negotiatores
1403 2377 1566 2407 sentirent
1588 2384 1655 2409 sta-

957 2421 1034 2456 tim,
1050 2431 1121 2450 eam
1136 2420 1218 2451 adse
1235 2420 1409 2459 pertinere,
1419 2424 1451 2449 et
1467 2420 1527 2450 sibi
1542 2429 1660 2451 nocere

959 2466 1063 2502 posse.
1089 2463 1148 2493 Ed.
1159 2463 1257 2493 Rom.
1267 2462 1365 2492 habet
1375 2463 1556 2499 certiorem,
1566 2463 1659 2494 Jens.

960 2506 1142 2536 rectiorem.
1159 2506 1254 2535 bene.
1281 2505 1447 2535 Victorius
1462 2515 1479 2536 e
1493 2506 1557 2537 ΜΞ.
1569 2506 1657 2536 tecti-

962 2557 1062 2578 orem.

1004 2592 1042 2623 37
1082 2590 1251 2628 magistris
1261 2588 1442 2630 faciendis,
1468 2589 1656 2630 vendendis]

965 2631 1146 2662 lf'endendis
1170 2633 1314 2671 pertinet
1335 2634 1376 2663 ad
1403 2634 1504 2663 bona:
1533 2633 1558 2662 si
1585 2632 1659 2662 loco

962 2683 1022 2704 suo
1051 2681 1114 2711 est,
1141 2676 1352 2715 postponitur
1378 2675 1555 2715 magistris,
1583 2675 1659 2714 quia

964 2723 1042 2747 ante
1063 2717 1212 2757 magistri
1234 2718 1335 2756 fiunt,
1357 2728 1454 2757 quam
1476 2717 1661 2748 vendantur

966 2759 1064 2790 bona.

1007 2804 1047 2833 38
1063 2803 1254 2841 ‚peregrinis
1272 2801 1456 2843 judicibus]
1487 2801 1508 2830 i.
1525 2811 1556 2830 e.
1578 2800 1658 2838 suis,

966 2854 1035 2874 non
1046 2844 1215 2876 Romanis.
1228 2845 1385 2875 dicuntur
1393 2843 1558 2884 peregrini
1573 2852 1664 2872 more

966 2887 1130 2920 Romano.
1153 2897 1228 2920 nam
1247 2887 1370 2919 Graecis
1385 2896 1452 2918 non
1465 2890 1562 2917 erant
1575 2895 1666 2927 pere-

948 2939 952 2941 *
967 2929 1064 2970 grini.
