1940 3231
243 581 273 610 p.
289 572 360 604 907.

315 1179 357 1213 11

316 1921 365 1956 12

373 175 448 214 732
785 170 962 209 EPIST.
990 172 1068 208 AD
1095 170 1375 214 ATTICUM,

373 274 518 316 culum
540 274 652 316 enim
675 289 845 316 omnem
881 283 954 316 aut
976 274 1235 325 restinxerit,
1258 284 1331 315 aut
1353 273 1524 314 sedarit.
1546 280 1645 314 sunt
1666 275 1795 326 enim,

373 333 446 386 qui
480 331 708 387 loquantur
740 333 867 372 etiam
903 346 1085 372 mecum.
1148 333 1227 373 Sed
1262 334 1352 372 lioec
1378 331 1465 385 ipse
1488 331 1666 386 optime,
1691 345 1798 386 prae-

374 389 516 429 Sertim
551 389 583 429 si
607 390 734 430 etiam
773 400 910 429 tecum
943 388 1152 442 loquetur.
1213 388 1326 429 Mihi
1351 398 1409 427 est
1439 387 1645 427 inanimo
1671 387 1798 442 profl-

373 446 475 486 cisci
502 460 553 486 XI
591 445 685 486 Kal.
721 445 791 485 hic
825 445 937 485 enim
962 445 1068 484 nihil
1088 444 1225 485 habeo
1249 445 1360 498 quod
1386 458 1528 499 agam,
1554 458 1604 483 ne
1628 444 1797 484 hercule

375 501 460 543 illic
483 503 670 556 quidem,
705 516 781 541 nec
815 516 1018 555 usquam3
1051 500 1121 540 scd
1146 512 1284 541 tamen
1309 497 1466 555 aliquid
1493 501 1591 541 illic.
1654 500 1799 541 Hodie

376 558 646 614 Spintherem
679 568 899 611 exspecto.
926 557 1040 598 misit
1070 556 1182 596 enim
1209 558 1364 598 Brutus
1387 558 1435 597 ad
1464 572 1555 598 me:
1591 571 1663 611 per
1685 557 1800 597 litte·

353 631 438 656 ·ras
465 625 615 670 purgat
650 613 864 654 Caesarem
898 615 949 654 de
983 613 1156 653 interitu
1191 613 1410 655 Marcelli:
1444 614 1484 654 in
1513 628 1655 669 quem,
1678 628 1729 654 ne
1763 613 1798 654 si

374 673 537 713 insidiis
571 671 743 726 quidem
781 670 848 711 ille
883 670 1130 710 interfectus
1156 680 1278 721 esset,
1300 671 1469 711 caderet
1492 671 1574 711 ulla
1597 670 1798 726 suspicio.

374 744 486 769 nunc
512 742 624 777 vero,
646 742 743 768 cum
766 728 817 768 de
838 727 989 782 Magio
1010 736 1192 777 constet,
1212 742 1350 768 nonne
1375 728 1490 767 furor
1512 727 1602 782 ejus
1626 741 1798 768 causam

373 800 543 826 omnem
568 784 777 826 sustinet?
808 784 1000 839 38planc,
1034 782 1135 838 quid
1165 784 1234 834 sit,
1257 798 1340 824 non
1366 784 1572 839 intelligo.
1595 784 1799 840 explana-

373 842 438 882 bis
465 843 609 897 igitur.
634 856 891 896 quamquam
918 841 1021 881 nihil
1046 841 1197 890 habeo,
1220 842 1333 896 quod
1357 840 1565 888 dubitem,
1596 841 1690 890 nisi,
1717 841 1799 896 ipsi

376 898 530 954 Magio
553 914 648 954 quae
684 898 811 938 fucrit
844 913 970 938 causa
1006 897 1230 940 amentiae:
1269 913 1344 953 pro
1367 912 1451 952 quo
1475 897 1645 950 quidem
1668 898 1798 939 etiam

374 959 414 990 39
429 970 608 1011 sponsor
639 955 759 996 Sunii
795 955 947 995 factus.
981 964 1023 995 et.
1051 953 1252 995 nimirum
1278 955 1319 996 id
1344 954 1438 995 fuit.
1462 953 1663 994 solvendo
1685 955 1800 995 enim

374 1027 459 1053 non
498 1022 600 1053 erat.
632 1013 758 1053 credo
784 1027 879 1052 eum
917 1012 1088 1067 petiisse
1121 1027 1144 1052 a
1175 1011 1383 1053 Marcello
1406 1009 1580 1065 aliquid,
1603 1018 1646 1051 et
1668 1011 1800 1063 illum,

374 1080 423 1111 ut
444 1079 548 1121 erat,
566 1070 832 1110 constantius
855 1069 1136 1124 respondisse,
1159 1073 1179 1108 ὲ
1197 1074 1314 1109 ταυτὸν
1333 1069 1424 1114 εἶδος.

814 1167 1047 1209 CICERO
1078 1166 1304 1208 ATTICO
1337 1168 1380 1208 S.

379 1226 733 1278 CREDEBAM
757 1250 846 1276 esse
867 1235 1002 1276 facile.
1025 1245 1160 1276 totum
1179 1244 1242 1275 est
1262 1235 1390 1285 aliud,
1412 1242 1686 1290 posteaquam
1707 1248 1800 1275 sum

376 1308 400 1332 a
435 1303 475 1334 te
517 1294 765 1349 dijurictior.
809 1293 880 1333 sed
915 1292 997 1333 fuit
1031 1292 1289 1341 faciendum,
1331 1301 1376 1332 ut
1415 1301 1457 1331 et
1493 1291 1798 1332 constituerem

376 1351 637 1392 mercedulas
662 1349 935 1406 praediorum,
958 1358 1001 1390 et
1031 1353 1072 1379 40
1088 1365 1137 1389 ne
1161 1364 1363 1404 magnum
1386 1363 1492 1388 onus
1514 1348 1799 1389 observantiae

380 1406 515 1449 Bruto
539 1417 683 1448 nostro
714 1407 992 1462 imponerem.
1017 1406 1194 1461 posthac
1217 1406 1330 1446 enim
1355 1406 1587 1461 poterimus
1610 1419 1801 1446 commo-

377 1465 472 1505 dius
517 1465 654 1505 colere
688 1465 796 1504 inter
831 1479 906 1503 nos
941 1464 981 1503 in
1018 1462 1276 1505 Tusculano.
1308 1463 1390 1503 hoe
1424 1473 1564 1503 autem
1595 1472 1802 1516 tempore,

378 1537 475 1562 cum
514 1522 582 1562 ille
612 1536 679 1562 me
711 1521 902 1575 quotidie
938 1521 1079 1561 videre
1114 1520 1250 1569 vellet,
1281 1534 1362 1574 ego
1395 1520 1444 1560 ad
1480 1519 1594 1559 illum
1631 1520 1690 1559 ire
1716 1533 1802 1559 non

379 1593 561 1634 possem,
597 1579 845 1634 privabatur
867 1578 981 1618 omni
1006 1577 1288 1618 delectatione
1310 1576 1553 1616 Tusculani.
1588 1586 1631 1616 tu
1656 1576 1803 1631 igitur,

378 1636 409 1675 si
435 1635 614 1676 Servilia
637 1635 812 1684 venerit,
842 1635 874 1674 si
908 1635 1064 1674 Brutus
1098 1634 1199 1689 quid
1233 1634 1382 1690 egerit,
1405 1632 1569 1673 etiamsi
1593 1633 1805 1673 constitu-

376 1693 470 1743 erit,
493 1693 663 1747 quando
684 1692 880 1732 obviam:
913 1691 1118 1746 quidquid
1143 1691 1325 1745 denique
1348 1694 1442 1740 erit,
1466 1690 1577 1745 quod
1604 1690 1711 1730 scire
1732 1704 1801 1730 me

376 1759 586 1804 oporteat,
623 1749 794 1789 scribes.
858 1748 1073 1798 Pisonem,
1113 1749 1144 1788 si
1181 1748 1354 1803 poteris,
1388 1747 1630 1788 convenies,
1669 1747 1800 1798 vides,

374 1809 410 1836 4¹
428 1821 555 1862 quam
578 1815 790 1847 maturum
815 1805 883 1846 sit.
906 1806 977 1846 sed
1002 1814 1158 1854 tamen,
1181 1805 1294 1860 quod
1315 1804 1543 1845 commodo
1566 1813 1640 1844 tuo
1664 1803 1752 1844 fiat.

803 1893 1035 1936 CICERO
1068 1893 1292 1935 ATTICO
1325 1894 1368 1934 S.

383 1952 600 2005 VALDE
622 1978 688 2004 me
710 1963 1030 2004 momorderunt
1052 1961 1244 2017 epistolae
1280 1971 1364 2002 tuae
1390 1961 1441 2001 de
1463 1960 1611 2001 Attica
1631 1968 1804 2002 nostra:

377 2022 539 2063 eaedem
574 2033 715 2061 tamen
751 2029 1019 2061 sanaverunt.
1044 2019 1157 2073 quod
1195 2019 1307 2059 enim
1344 2030 1383 2058 te
1415 2019 1506 2073 ipse
1529 2016 1805 2058 consolabare

377 2079 536 2119 eisdem
579 2078 746 2129 litteris,
778 2077 817 2117 id
858 2076 962 2117 mihi
1005 2085 1094 2117 erat
1134 2077 1233 2116 satis
1270 2075 1436 2115 firmum
1471 2074 1522 2115 ad
1564 2074 1805 2115 leniendam

379 2135 695 2191 aegritudinem.
776 2134 1046 2189 Ligarianam
1099 2133 1300 2188 praeclare
1345 2131 1587 2172 vendidisti,
1627 2132 1807 2186 posthac

377 2192 584 2248 quidquid
608 2193 829 2248 scripsero,
855 2191 932 2231 tibi
968 2191 1230 2245 praeconium
1254 2189 1457 2230 deferam.
1511 2189 1638 2234 Quod
1663 2188 1714 2228 ad
1738 2202 1805 2228 me

376 2251 428 2291 de
452 2249 641 2290 Varrone
675 2249 838 2297 scribis,
873 2247 954 2288 scis
988 2261 1056 2288 me
1089 2257 1187 2287 ante
1222 2247 1451 2294 orationes,
1485 2256 1558 2285 aut
1578 2245 1736 2300 aliquid
1760 2244 1803 2284 id

376 2321 510 2363 genus
534 2306 705 2347 solitum
730 2306 927 2355 scribere,
962 2313 1007 2344 ut
1044 2304 1276 2345 Varronem
1311 2318 1515 2358 nusquam
1551 2316 1715 2357 possem
1740 2301 1806 2341 in-

378 2373 535 2404 texere.
574 2373 722 2419 postea
755 2372 895 2403 autem
929 2376 1055 2415 quam
1089 2361 1237 2401 42liaec
1270 2360 1386 2415 coepi
1422 2362 1682 2414 φιλολογώτεςκ,
1709 2357 1803 2413 jam

378 2421 511 2462 Varro
533 2423 571 2451 43
585 2420 688 2461 mihi
712 2419 1038 2460 denuntiaverat
1072 2432 1269 2474 magnam
1295 2432 1394 2458 sane
1424 2425 1466 2456 et
1495 2429 1667 2471 gravem
1701 2435 1804 2471 vrgao--

416 2537 456 2564 33
476 2535 586 2573 plane,
602 2533 681 2573 quid
692 2534 746 2570 sit,
771 2543 833 2563 non
857 2532 933 2571 intl]
959 2531 1067 2570 Quare
1152 2533 1188 2561 41
1215 2539 1315 2570 quam
1342 2534 1513 2560 maturum
1539 2528 1595 2567 sit]
1621 2537 1665 2558 sc.
1690 2527 1804 2558 hortos

375 2577 497 2607 Brutus
518 2578 678 2607 Caesarem
695 2580 812 2615 purget
831 2586 849 2604 a
863 2574 1065 2615 suspicione:
1111 2584 1230 2604 emere.

377 2629 452 2649 nam
468 2618 500 2647 id
517 2628 582 2647 rem
601 2623 783 2656 suspectam
801 2617 925 2647 fecerit.
1153 2616 1193 2645 42
1218 2617 1283 2644 ΜΟ
1298 2610 1531 2654 φιλολογῶτεραί]
1559 2611 1672 2642 Libros
1699 2609 1806 2651 philo-

419 2663 459 2694 39
480 2669 609 2699 sponsor
632 2658 861 2698 Sunii-factus
888 2662 944 2688 est.
973 2658 1069 2687 nimi·
1112 2657 1272 2697 sophicos,
1288 2657 1342 2695 qui
1359 2659 1570 2696 opponuntur
1592 2653 1807 2689 orationibus,

375 2712 451 2733 rum
480 2701 554 2740 &c.]
580 2701 660 2731 Edd.
678 2709 725 2740 pr.
737 2700 865 2739 factus.
889 2705 919 2730 et
940 2710 972 2729 n.
987 2697 1067 2738 idf.
1114 2709 1185 2737 ‹lua›
1200 2704 1278 2728 sunt
1293 2698 1493 2738 populariter
1508 2696 1648 2735 scriptae,
1669 2695 1716 2726 illi
1733 2695 1809 2725 sub-

377 2745 462 2783 quod
480 2743 619 2773 restitui.
641 2743 726 2772 forte
742 2743 805 2772 fuit
827 2747 938 2772 tamen
949 2741 1070 2781 soclus
1113 2741 1215 2771 tilius.
1232 2750 1260 2770 ν.
1276 2740 1367 2770 Clav.
1385 2741 1415 2768 En
1431 2739 1563 2769 Graecis.

373 2791 456 2817 erat.
475 2787 633 2816 nimirum
650 2786 708 2815 ἃς.
1153 2785 1193 2812 43
1217 2782 1297 2812 mihi
1323 2782 1577 2811 flemma-iaverat
1605 2779 1680 2818 &ej
1707 2779 1808 2809 Dixe-

416 2832 457 2858 40
474 2838 513 2858 ne
528 2837 687 2865 magnum
704 2835 782 2857 onus
797 2836 823 2855 o.
838 2824 947 2856 Bruto
962 2835 995 2855 n.
1008 2825 1069 2854 im·
1115 2831 1178 2859 rat,
1194 2833 1226 2854 se
1243 2823 1321 2854 mihi
1340 2824 1421 2853 velle
1440 2823 1549 2859 libros,
1563 2821 1601 2851 de.
1616 2822 1727 2860 lingua
1741 2821 1809 2851 for-

370 2869 537 2911 ponerem]
574 2869 621 2899 Ut
645 2879 718 2899 cum
747 2877 798 2897 me
829 2868 929 2898 visere
959 2868 1071 2898 crebro
1115 2871 1148 2896 te
1179 2866 1294 2900 latina,
1323 2865 1494 2896 inscribere
1523 2869 1557 2896 et.
1581 2864 1808 2905 praefationem

375 2912 486 2950 vellet,
502 2911 632 2952 longius
648 2911 710 2942 iter
725 2910 869 2941 haberet.
1115 2907 1157 2939 ad
1171 2917 1222 2939 me
1238 2907 1387 2948 dirigere.
