1940 3231
216 150 220 153 .
248 124 329 164 730
672 117 856 158 Eris'r.
884 118 965 157 An
991 117 1275 163 ATTIcUM‚

251 226 338 268 Cn.
365 223 584 267 Sallustio.
607 224 739 266 velim
761 225 924 278 videas,
945 233 996 267 ut
1017 225 1109 267 sine
1129 239 1252 266 mora
1273 233 1491 268 curentur.
1514 226 1568 268 de
1588 240 1638 269 ea
1657 243 1702 272 re

251 283 405 341 scripsi
430 283 483 326 ad
505 282 768 324 Terentiam.
792 293 923 339 atque
953 283 1038 325 hoc
1059 283 1200 339 ipsum
1227 283 1322 338 jam
1345 297 1480 340 prope
1501 298 1703 326 consum-

252 351 348 383 tum
379 351 458 384 est.
481 355 614 396 quare
637 341 681 382 id
705 355 879 396 quoque
903 341 1046 391 velim,
1069 356 1167 382 cum
1192 341 1264 382 illa
1286 341 1445 393 videas,
1466 349 1516 382 ut
1537 343 1607 393 sit,
1629 343 1704 397 qui

251 409 442 441 utamur.
474 398 597 439 55hic
627 397 810 439 fortasse
841 407 994 453 potero
1026 412 1207 449 sumere,
1231 399 1265 439 si
1298 399 1431 440 sciam
1460 399 1558 440 istic
1581 414 1706 455 para-

252 465 348 499 tum
379 457 486 498 fore.
519 456 593 497 sed
626 455 759 511 prius,
782 469 911 510 quam
945 455 988 496 id
1021 455 1189 507 scirem,
1211 456 1321 497 nihil
1353 471 1447 497 sum
1479 472 1606 497 ausus
1635 472 1706 498 su-

251 529 385 556 mere.
442 514 531 560 Qui
555 513 610 553 sit
632 512 829 553 omnium
849 527 992 554 rerum
1015 522 1151 554 status
1175 524 1337 566 noster,
1357 514 1490 555 vides.
1510 514 1618 555 nihil
1640 525 1707 556 est

251 572 370 622 mali,
394 571 510 627 quod
542 584 626 611 non
651 580 695 610 et
718 571 954 611 sustineam
985 579 1029 610 et
1059 581 1324 626 exspectem.
1347 586 1528 627 quarum
1561 586 1704 613 rerum

212 641 243 672 b.
255 644 306 670 eo
329 629 502 685 gravior
524 636 589 668 est
611 627 748 678 dolor,
771 642 858 682 quo
881 627 1008 683 culpa
1030 628 1184 682 major.
1247 628 1325 669 Ille
1356 630 1400 670 in
1423 629 1592 671 Achaia
1616 643 1704 671 non

253 696 395 728 cessat
424 686 477 727 de
507 685 634 727 nobis
667 685 907 726 detrahere.
938 685 1048 726 nihil
1071 685 1274 727 videlicet
1305 696 1392 728 tuae
1424 687 1579 729 litterae
1606 702 1706 744 pro-

256 744 466 785 fecerunt.
528 743 651 784 Vale.
677 757 790 784 vlu.
815 742 881 784 Id.
907 742 1043 784 Mart.

192 827 244 864 12
697 825 935 868 CICERO
967 823 1197 868 ATTICO
1231 827 1276 868 S.

113 2421 146 2454 p.
165 2412 235 2444 178.

203 2462 235 2485 a.

257 883 590 939 CEPHALIO
636 895 747 937 mihi
785 911 810 936 a
852 905 895 936 te
941 895 1105 936 litteras
1151 895 1340 936 reddidit
1378 910 1416 936 a.
1441 895 1484 937 d.
1511 911 1604 938 nx.
1636 895 1703 938 Id.

253 954 393 997 Blart.
427 967 620 1011 vespere.
654 968 705 994 eo
745 962 890 994 autem
928 953 998 993 die
1036 967 1162 994 mane
1203 952 1447 995 tabellarios
1489 954 1705 1006 miseram,

253 1014 413 1069 quibus
447 1012 500 1053 ad
532 1022 575 1053 te
608 1011 811 1053 dederam
844 1010 1024 1051 litteras.
1066 1011 1150 1051 tuis
1189 1021 1333 1052 tamen
1373 1010 1496 1052 lectis
1535 1011 1704 1064 litteris,

251 1071 405 1127 putavi
447 1069 610 1125 aliquid
655 1068 978 1110 rescribendum
1015 1082 1121 1119 esse,
1160 1069 1366 1119 maxime,
1405 1068 1522 1123 quod
1563 1079 1707 1110 osten-

253 1128 336 1181 dis,
361 1138 403 1170 te
425 1128 612 1185 pendere
635 1126 784 1178 animi,
807 1141 1041 1182 quamnam
1066 1126 1279 1167 rationem
1302 1126 1383 1167 sim
1409 1126 1572 1168 Caesari
1605 1126 1707 1168 alla-

253 1195 376 1228 turus
401 1185 683 1243 profectionis
705 1199 814 1225 meae
839 1194 947 1235 tum,
970 1199 1069 1225 cum
1093 1198 1147 1224 cx
1181 1183 1310 1224 Italia
1331 1183 1616 1225 discesserim.
1640 1185 1706 1225 ni-

251 1243 316 1285 hil
338 1260 447 1300 opus
470 1253 535 1285 est
557 1243 664 1283 mihi
697 1257 814 1283 nova
845 1242 1027 1283 ratione.
1060 1255 1176 1297 saepe
1200 1242 1314 1282 enim
1339 1242 1393 1282 ad
1415 1256 1514 1283 eum
1539 1242 1707 1298 scripsi,

250 1302 487 1358 multisque
518 1301 736 1351 mandavi,
758 1314 846 1341 non
879 1301 1086 1356 potuisse,
1109 1314 1210 1340 curn
1240 1299 1521 1355 56cupissem,
1545 1314 1709 1341 sermo-

251 1375 328 1401 nes
352 1359 579 1402 hominum
602 1358 836 1410 sustinere;
867 1357 1088 1413 multaque
1113 1357 1155 1397 in
1178 1371 1273 1397 eam
1297 1358 1574 1398 seutentiam.
1598 1356 1709 1398 nihil

251 1417 369 1459 enim
400 1428 506 1468 erat,
540 1416 655 1472 quod
688 1416 831 1456 minus
863 1430 962 1456 eum
993 1415 1146 1456 vellem
1178 1415 1444 1466 existimare,
1475 1430 1605 1471 quam
1637 1429 1707 1456 me

251 1484 376 1517 tanta
396 1475 449 1516 de
472 1489 516 1517 re
538 1489 625 1515 non
649 1488 747 1516 meo
779 1473 962 1515 consilio
993 1487 1118 1514 usum
1151 1487 1257 1513 esse.
1286 1483 1452 1529 postea,
1474 1488 1575 1514 cum
1598 1472 1707 1514 mihi

248 1533 409 1575 litterae
432 1549 457 1574 a
479 1532 618 1574 Balbo
643 1530 849 1573 Cornelio
872 1531 1040 1572 minore
1061 1530 1204 1571 missae
1227 1540 1384 1581 essent,
1407 1530 1528 1573 illum
1552 1531 1705 1572 existi-

249 1606 384 1643 mare,
425 1591 642 1638 Quintum
679 1589 857 1631 fratrem
887 1589 1044 1630 lituum
1075 1602 1183 1629 meae
1218 1587 1501 1643 profectionis
1538 1588 1702 1630 fuisse:

249 1650 314 1690 ita
351 1649 466 1690 enim
510 1647 709 1703 scripsit:
744 1648 818 1702 qui
858 1647 1050 1688 nondum
1090 1660 1365 1702 cognossem,
1407 1660 1505 1701 quae
1542 1645 1595 1687 de
1634 1660 1704 1686 me

252 1707 445 1754 Quintus
469 1705 710 1762 scripsisset
731 1705 784 1746 ad
806 1704 991 1746 multos:
1024 1703 1104 1745 etsi
1137 1702 1273 1744 multa
1304 1717 1492 1760 praesens
1525 1703 1567 1744 in
1591 1718 1704 1760 prae-

251 1774 418 1806 sentem
452 1765 606 1806 acerbe
639 1763 810 1804 dixerat
841 1772 885 1803 et
916 1762 1108 1804 fecerat:
1142 1770 1287 1803 tamen
1319 1764 1358 1795 57
1371 1760 1474 1802 Nilo
1506 1775 1604 1803 meo
1635 1760 1702 1802 his

249 1823 394 1865 verbis
417 1822 470 1863 ad
495 1821 716 1863 Caesarem
737 1820 906 1877 scripsi.

309 1878 380 1921 De
404 1879 561 1936 Quinto
569 1877 717 1936 fratre
736 1893 822 1920 meo
846 1893 928 1919 non
948 1877 1081 1919 minus
1111 1875 1269 1929 laboro,
1293 1891 1416 1932 quam
1437 1876 1486 1917 de
1505 1891 1568 1918 me
1589 1876 1673 1932 ipso
1688 1893 1701 1918 .·

246 1937 317 1979 sed
343 1952 431 1979 eum
461 1937 540 1978 tihi
573 1936 852 1978 commendare
882 1935 955 1978 hoc
984 1950 1069 1976 meo
1101 1943 1278 1990 tempore
1308 1949 1389 1975 non
1421 1934 1565 1976 audeo.
1595 1933 1704 1975 illud

247 1995 454 2037 duntaxat
475 2001 611 2036 tamen
632 1993 789 2036 audebo
807 2001 942 2050 petere
963 1993 1036 2035 abs
1058 2000 1110 2045 te,
1133 1992 1243 2049 quod
1263 1999 1301 2034 te
1322 2007 1407 2043 ονο,
1430 2006 1478 2033 ne
1496 1991 1598 2048 quid
1618 1992 1703 2033 exi-

247 2053 381 2095 stimes
402 2053 455 2094 ab
478 2051 550 2094 illo
560 2051 734 2109 factum
755 2067 845 2103 esse,
868 2066 947 2107 quo
970 2050 1103 2092 minus
1131 2064 1221 2092 mea
1248 2050 1294 2091 in
1315 2056 1354 2091 te
1381 2048 1513 2105 officia
1545 2057 1706 2092 consta-

245 2118 354 2163 rent,
381 2110 562 2152 minusve
593 2117 632 2152 te
660 2109 888 2168 diligerem,
912 2108 1132 2165 potiusque
1165 2122 1318 2164 semper
1346 2106 1465 2148 illam
1497 2114 1706 2149 auctorem

245 2176 393 2210 nostra:
422 2167 719 2226 conjunctionis
734 2167 885 2225 fuisse,
907 2166 1064 2223 meique
1093 2166 1253 2207 itineris
1282 2165 1482 2216 comitem,
1515 2180 1598 2206 non
1627 2165 1704 2206 du-

246 2240 347 2268 cem.
379 2241 506 2282 qnare
536 2226 675 2267 ceteris
703 2226 748 2267 in
779 2226 896 2267 rebus
924 2231 1088 2266 tantum
1117 2223 1154 2265 ei
1189 2223 1355 2275 tribues,
1388 2229 1589 2279 quantam
1624 2222 1701 2264 lm-

246 2284 425 2326 manitas
449 2292 535 2334 tua,
567 2283 833 2340 amicitiaque
854 2290 986 2325 vestra
1010 2280 1211 2338 postulat.
1235 2296 1306 2339 ego
1329 2280 1366 2322 ei
1396 2295 1446 2323 ue
1466 2280 1568 2338 quid
1587 2279 1702 2336 apud

248 2348 287 2383 te
308 2341 449 2394 obsim,
473 2341 520 2383 id
540 2348 578 2383 te
598 2341 850 2384 veliementer
871 2341 995 2382 etiam
1016 2347 1139 2396 atque
1160 2338 1284 2381 etiam
1305 2353 1419 2396 rogo.

307 2400 469 2451 Quare,
492 2399 527 2441 si
548 2400 644 2455 quis
676 2413 933 2456 congressus
967 2397 1098 2439 fuerit
1128 2396 1235 2438 mihi
1264 2411 1364 2439 cum
1389 2395 1576 2446 Caesare,
1598 2395 1700 2448 (etsi

246 2471 336 2499 non
358 2457 529 2510 dubito,
547 2457 653 2514 quin
677 2457 712 2499 is
735 2457 842 2499 lenis
865 2456 910 2498 in
932 2455 1053 2498 illum
1076 2454 1247 2497 futurus
1270 2454 1341 2508 sit,
1364 2453 1492 2509 idque
1507 2452 1603 2509 jam
1626 2453 1701 2495 de-

284 2607 325 2637 55
349 2606 401 2637 hic
413 2604 451 2646 f.
473 2614 509 2646 p.
531 2615 673 2642 sumere,
697 2606 726 2636 si
747 2606 852 2636 sciam
876 2605 950 2636 istic
1036 2607 1075 2638 57
1101 2603 1184 2634 Nilo
1213 2602 1296 2643 meo]
1329 2601 1381 2633 Sic
1413 2598 1452 2630 de
1476 2598 1566 2630 Bosii
1591 2608 1700 2630 corre-

235 2653 403 2690 paratum
412 2647 509 2688 sore]
536 2648 600 2678 Hic
617 2657 750 2688 possum
773 2648 948 2688 pecuniam
993 2648 1103 2678 ctione
1118 2646 1246 2677 editum
1269 2649 1330 2676 est.
1353 2641 1410 2674 sed
1431 2642 1463 2672 id
1487 2651 1555 2672 non
1577 2651 1701 2673 conve-

241 2690 325 2722 mihi
349 2692 568 2722 necessarium
592 2694 747 2721 mutuam
763 2699 905 2727 sumere,
922 2690 948 2720 si
993 2691 1045 2720 nit
1072 2688 1216 2727 reliquis
1241 2687 1374 2718 deberet
1400 2693 1469 2715 esse
1486 2694 1550 2725 per
1573 2685 1700 2716 Nilum

239 2735 357 2771 sciam,
372 2732 490 2764 Romae
504 2743 561 2764 vos
578 2734 748 2773 reperisse,
765 2733 820 2772 qui
843 2732 948 2763 solve·
992 2741 1037 2762 sc.
1078 2731 1236 2762 libertum
1275 2728 1453 2761 Ciceronis.
1492 2737 1552 2758 nec
1590 2726 1700 2768 placet

239 2781 293 2807 ret
315 2776 470 2808 creditori
495 2785 569 2807 meo
592 2785 650 2816 per
677 2775 946 2811 attributionem,
991 2774 1113 2805 Groevii
1141 2772 1302 2804 correctio
1331 2771 1433 2801 nihilo
1465 2770 1595 2800 minus:
1620 2778 1700 2800 nam

239 2823 280 2849 ut
296 2823 374 2850 ante
391 2819 425 2849 in
442 2818 612 2850 Sallustio.
990 2816 1024 2847 id
1048 2820 1099 2847 est
1116 2815 1189 2855 jam
1218 2815 1253 2845 in
1280 2819 1403 2845 tamen.
1428 2812 1512 2843 nihil
1537 2811 1619 2842 certi
1643 2811 1698 2843 hie

238 2903 259 2934 b
282 2862 323 2892 56
336 2861 507 2903 cupissem]
526 2861 591 2902 Sic,
606 2870 674 2894 uon
689 2860 873 2903 cupiissent,
888 2859 946 2893 ha·
989 2863 1050 2892 est.
1068 2867 1128 2902 pro
1142 2858 1257 2900 scripsi
1272 2856 1323 2891 ed.
1339 2856 1432 2889 Jens.
1450 2855 1612 2896 rescripsi.

262 2910 320 2935 ent
336 2904 409 2937 edd.
425 2914 477 2946 pr.
