1940 3231
297 589 352 626 03

348 997 453 1037 ‘tius
479 996 631 1038 Romae
655 1012 740 1039 una
762 1013 866 1050 esse,
889 1015 1018 1055 quun
1041 999 1084 1039 in
1107 998 1277 1040 Tuscul
1270 1014 1366 1040 ‹.1no

364 171 445 210 790
779 165 966 208 EPIST.
994 169 1076 208 AD
1102 168 1388 214 ATTICUM‚

365 269 532 312 malitia
552 278 629 312 est.
672 271 864 314 Alteris
846 289 938 328 Jam
960 273 1113 315 litteiis
1136 274 1241 315 nihil
1264 275 1315 315 ad
1339 287 1407 315 me
1429 273 1481 315 de
1501 273 1665 316 Attica.
1712 272 1799 317 Sed

366 328 409 369 id
442 328 615 383 quidem
646 329 690 370 in
722 330 887 385 optima
918 345 991 385 spe
1023 347 1152 387 pono.
1184 331 1287 372 illud
1319 346 1488 382 accuso,
1522 347 1606 373 uon
1640 340 1694 383 te,
1725 331 1799 373 sed

368 384 498 436 illam,
521 400 574 426 ne
605 386 784 427 salutem
807 387 995 440 quidem.
1018 397 1062 428 at
1085 398 1130 429 tu
1151 398 1194 428 et
1217 388 1291 438 ilii,
1315 399 1355 428 et
1394 388 1514 429 Piliae
1547 389 1801 452 plurimams

366 456 446 482 nec
469 457 537 483 me
561 453 702 490 tamen
726 444 847 484 irasci
881 443 1398 501 indiculis.Epistol·1m
1422 445 1606 487 Caesaris
1627 446 1742 499 misi,
1762 444 1802 486 si·

367 501 508 550 miuus
531 499 719 554 legisses.

799 588 1034 631 CICERO
1065 589 1292 634 ATTICO
1331 593 1375 634 S.

370 644 934 698 ANTEMERIDIANIS
973 656 1055 697 tuis
1087 657 1239 698 litteris
1270 658 1356 699 heri
1393 659 1535 700 statim
1574 658 1801 715 rescripsi:

365 726 481 752 nunc
504 713 741 767 respondeo
778 714 1046 770 vespertinis.
1110 715 1283 765 Brutus,
1308 715 1490 778 mallem,
1515 731 1583 757 me
1616 729 1802 757 arcesse-

367 777 445 808 1·.et
479 783 579 809 nam
603 779 646 810 et
681 771 845 826 aequius
879 780 983 822 erat,
1006 786 1104 812 cum
1139 772 1197 812 illi
1223 772 1302 812 itei
1325 772 1501 813 instaret
1532 783 1576 814 et
1609 773 1802 814 subitum

366 834 409 865 et
431 825 634 880 longum:
668 836 710 868 et
745 828 986 869 mehercule
1021 843 1149 892 nuno,
1181 843 1278 870 cum
1314 830 1374 869 ita
1409 829 1539 870 simus
1572 830 1731 881 affecti,
1756 828 1814 871 utv

366 896 453 922 non
477 884 689 938 possimus
714 884 838 939 plane
868 885 992 926 simul
1016 886 1173 936 vivere,
1196 885 1420 942 (intelligis
1452 887 1564 926 enim
1590 887 1801 942 profecto,

368 938 409 979 in
433 954 519 993 quo
543 941 730 981 maxime
762 941 902 998 posita
924 942 978 982 sit
1000 945 1212 995 συμέίωινις.)
1236 919 1381 983 f·1cileO
1395 943 1602 999 patiebar,
1624 959 1700 985 nos
1725 958 1802 999 po-.

1430 1000 1548 1040 Libri
1574 1000 1624 1041 ad
1645 1001 1801 1041 Varro-

368 1068 464 1094 nem
488 1069 572 1095 non
606 1057 899 1097 mormabantur
931 1059 1083 1098 sslsunt
1105 1057 1219 1098 enim
1250 1057 1409 1105 effecti,
1435 1066 1481 1097 ut
1504 1057 1672 1098 vidisti:
1708 1067 1802 1099 tan-

367 1121 461 1152 tum
484 1111 753 1153 librar-imum
788 1114 941 1154 menda
964 1115 1184 1156 tolluntur.
1216 1114 1268 1155 de
1291 1115 1446 1169 quibus
1479 1113 1598 1154 libris
1631 1114 1712 1155 scis
1735 1129 1803 1156 me

366 1168 611 1210 dubitasse:
654 1171 725 1211 sed
760 1179 805 1211 tu
843 1171 1011 1212 videris.
1047 1180 1166 1221 item,
1188 1185 1295 1225 quos
1333 1172 1469 1212 Bruto
1506 1171 1733 1221 mittimus,
1756 1174 1823 1213 in·

365 1226 568 1266 manibus
591 1227 752 1268 habent
775 1228 950 1268 libr-aiii.
986 1228 1090 1269 Mea
1111 1242 1164 1268 m·
1157 1229 1329 1278 andam,
1348 1237 1395 1269 ut
1418 1228 1584 1278 sci-ibis,
1606 1229 1802 1284 explica·

366 1297 627 1347 quamquam
649 1286 690 1315 82
706 1285 787 1325 ista
808 1287 1046 1327 retentione
1068 1299 1216 1326 omnes
1246 1285 1306 1326 ait
1329 1286 1389 1326 uti
1413 1285 1665 1328 Trebatius:
1697 1287 1803 1353 quid

332 1362 335 1367 ·
368 1350 413 1380 tu
447 1342 550 1381 istos
583 1344 735 1397 putas?
771 1344 811 1372 83
826 1343 937 1383 nosti
970 1344 1161 1384 domum.
1195 1357 1266 1397 qu
1256 1356 1326 1383 are
1356 1343 1523 1407 confice
1553 1347 1703 1392 εὐλόγως
1736 1346 1804 1390 inq

366 1398 572 1438 credibile
593 1408 672 1449 est,
694 1414 822 1453 quam
845 1414 927 1455 ego
951 1401 1031 1441 ista
1053 1414 1136 1441 non
1157 1414 1317 1440 cur.em
1349 1400 1466 1441 omni
1487 1403 1566 1444 tibi
1589 1414 1804 1446 asseveia-

369 1455 486 1495 tione
505 1455 688 1507 affinno,
705 1457 819 1511 quod
837 1457 941 1498 mihi
963 1458 1108 1499 credas
1129 1456 1270 1507 velim,
1284 1455 1389 1498 mihi
1410 1457 1803 1527 majorioffensioni

367 1526 473 1563 esse,
495 1527 623 1567 quam
648 1514 937 1565 delectationi,
959 1489 1320 1579 possessiunculas
1342 1528 1472 1556 meas.
1518 1517 1666 1571 Magis
1688 1519 1805 1561 enim

367 1569 508 1620 doleo,
531 1584 599 1610 me
622 1585 706 1611 non
730 1571 901 1622 habere,
930 1573 997 1615 cui
1023 1571 1202 1622 tradam,
1224 1586 1351 1626 quam
1383 1572 1554 1626 habere,
1587 1575 1661 1628 qui
1691 1586 1801 1618 utar.

367 1626 514 1682 Atque
534 1627 635 1668 illud
656 1627 882 1670 Trebatius
902 1644 944 1670 se
959 1629 1036 1670 tibi
1056 1629 1217 1670 dixisse
1236 1630 1449 1670 narrabat
1470 1639 1514 1671 tu
1531 1639 1675 1672 autem
1696 1634 1803 1674 veri-

367 1692 437 1724 tus
458 1699 501 1724 es
522 1683 716 1736 fortasse,
730 1700 784 1726 ne
800 1700 881 1741 ego
898 1686 1057 1727 invitus
1079 1685 1283 1726 audirem.
1306 1685 1388 1727 fuit
1410 1686 1449 1727 id
1464 1688 1635 1742 quidem
1652 1687 1765 1730 huin
1758 1706 1804 1730 a-

368 1741 542 1784 nitatis:
567 1742 653 1794 sed,
668 1742 774 1784 mihi
792 1743 1057 1799 crede,jam
1048 1754 1227 1784 lstanon
1242 1758 1360 1785 culo.
1383 1759 1513 1800 quare
1525 1745 1579 1786 da
1597 1745 1696 1787 tein
1718 1761 1807 1791 εει5

414 1902 450 1929 81
475 1905 553 1930 sunt
573 1901 659 1931 enim
682 1900 803 1941 defleti]
830 1902 893 1932 Hic
910 1901 998 1931 locus
1013 1911 1068 1932 va-

1112 1900 1286 1931 Debitores
1313 1900 1490 1938 Ciceronis,
1516 1901 1688 1941 pecuniam
1716 1902 1808 1942 debis

370 1941 416 1971 rie
428 1942 559 1981 legitur.
575 1943 647 1973 edd.
661 1943 757 1974 Rom.
774 1945 906 1974 Ascens.
921 1944 994 1974 Ald.
1011 1945 1068 1975 ἃς.

1112 1948 1181 1973 tini
1203 1943 1356 1980 soluturi,
1373 1944 1560 1974 retinebant
1573 1943 1716 1983 aliquam
1732 1956 1808 1986 par·

370 1983 496 2014 habeut
511 1984 627 2024 dejecti
638 1998 647 2014 .·
670 1985 756 2023 quod
772 1996 838 2016 non
855 1996 982 2017 necesse
998 1991 1070 2016 erat

370 2025 469 2058 Bosio
495 2037 533 2057 ex
560 2038 626 2057 uno
657 2029 720 2058 Μ5.
747 2029 902 2068 proferre.
939 2028 971 2058 id
993 2039 1066 2058 cum

370 2069 546 2099 manifeste
578 2071 731 2100 vitiosum
761 2071 817 2108 sit,
846 2071 932 2101 varie
962 2080 1067 2100 corre-

371 2117 461 2140 ctum
490 2116 550 2141 est.
594 2113 710 2143 Rosius
739 2113 817 2143 fecit
843 2123 879 2142 ex
908 2123 974 2142 uno
1004 2113 1067 2143 Ms.

371 2153 491 2192 defieri,
505 2154 591 2193 quod
604 2160 638 2185 et
653 2155 812 2185 Gruterus
825 2155 938 2191 edidit,
956 2155 1068 2185 Rosius

369 2196 511 2234 putabat
528 2206 596 2226 esse
618 2207 676 2237 pro
693 2196 843 2236 perfecti.
889 2198 972 2228 Cato
996 2197 1065 2228 RR.

372 2240 424 2270 77
446 2237 529 2269 dixit
551 2239 653 2279 defin
640 2249 713 2268 ‘rere
732 2249 866 2286 pamm,
883 2239 914 2268 in
938 2245 1066 2279 partem

370 2255 515 2318 iioriam3
541 2280 725 2320 dcy‘ormare
743 2281 820 2311 item
838 2281 906 2318 alii,
921 2287 959 2311 ut
973 2281 1049 2311 d‹fi

372 2323 461 2361 {ruris
477 2323 694 2359 (seminatricis.
711 2334 740 2353 ν.
756 2323 892 2354 Salmas.
909 2324 950 2353 ad
965 2324 1068 2354 Solin.

372 2374 404 2403 p,
434 2365 507 2397 766.
559 2365 739 2396 Lambinus
766 2364 907 2396 correxit
935 2366 1068 2402 clem-ti,

373 2406 555 2445 eleganter,
587 2407 681 2446 idque
711 2411 744 2438 et
774 2408 902 2437 Graevio
931 2408 1068 2447 placuit,

375 2450 429 2486 qui
458 2454 570 2479 tamen
598 2448 713 2490 dqtbci‘i
748 2451 898 2480 servavit.
942 2450 1069 2480 Grono-

374 2490 445 2519 vius
471 2492 617 2522 malebat
632 2491 764 2532 adfecti.
808 2492 897 2522 Olim
913 2493 947 2521 in
970 2492 1070 2522 Clave

375 2533 501 2570 conjeci
525 2534 676 2572 descripta·
695 2545 734 2564 ex
760 2545 811 2574 ep.
837 2537 887 2564 21.
913 2534 968 2563 ubi
991 2534 1071 2564 dicit

376 2574 502 2611 Cicero,
521 2585 554 2604 se
569 2575 708 2606 Romam
733 2576 951 2612 (leseribendos
968 2576 1071 2606 misis-

376 2625 428 2645 se:
455 2626 541 2646 nunc
556 2622 650 2647 erant
665 2618 827 2657 descripti.
874 2618 1023 2656 Denique
1038 2619 1071 2647 in

377 2658 426 2688 ed.
443 2659 578 2689 Jensoni
596 2660 698 2698 reperi
722 2659 839 2700 effecti,
857 2660 943 2700 quod
958 2666 1019 2696 est,
1035 2665 1074 2690 ut

377 2710 462 2738 saepe
478 2702 563 2741 apud
579 2701 700 2741 plures,
717 2702 878 2732 absoluti:
903 2702 996 2740 idque
1013 2702 1068 2731 ad-

376 2753 415 2772 eo
432 2744 464 2772 in
481 2748 608 2773 textum
626 2744 766 2783 recipere
782 2753 847 2773 non
863 2744 1020 2775 dubitavi.
1038 2744 1069 2774 Si

377 2794 443 2814 non
459 2792 508 2816 est
524 2786 602 2816 satis
616 2791 704 2815 eei-ta
720 2796 757 2815 ea
772 2785 882 2822 lectio,
900 2790 934 2816 :it
955 2786 1071 2816 ceteris

377 2828 530 2858 omnibus
547 2838 604 2869 per
630 2837 663 2858 se
679 2828 794 2858 melior
817 2833 878 2865 est,
894 2832 929 2858 et
950 2828 1071 2868 perspi-

376 2879 451 2900 cua.

422 2914 462 2941 82
497 2913 560 2942 istu
587 2913 764 2944 retentione
788 2922 895 2945 omnes
921 2912 970 2942 uti
997 2911 1070 2952 δια]

1111 1990 1179 2015 tem
1206 1994 1356 2021 sumaize,
1386 1986 1523 2016 fortasse
1552 1991 1702 2024 quartam
1731 1998 1806 2028 par-

1111 2033 1192 2063 tem,
1207 2036 1280 2066 quae
1294 2027 1422 2067 peribat
1437 2027 1507 2058 aliis
1521 2028 1734 2060 creditoribus
1749 2040 1808 2069 per

1111 2070 1358 2105 aestimafflones,
1384 2075 1419 2099 ut
1444 2070 1490 2100 ait
1513 2070 1700 2102 Suetonius.
1745 2071 1808 2102 Di-

1111 2112 1246 2142 cebant:
1271 2112 1296 2141 si
1309 2113 1408 2142 ceteri
1425 2112 1597 2151 debitores,
1614 2113 1668 2152 qui
1684 2113 1807 2153 praedia

1111 2153 1232 2184 habent
1248 2159 1281 2184 et
1295 2155 1428 2191 cedunt,
1445 2153 1595 2193 quartam
1611 2159 1737 2193 partem
1753 2155 1806 2186 lu-

1111 2203 1259 2233 crantur,
1283 2205 1342 2226 nos
1371 2206 1499 2235 quoque
1524 2200 1658 2227 tantum
1688 2197 1807 2229 lucrari

1109 2237 1272 2268 debemus.
1316 2238 1353 2268 Id
1369 2245 1452 2275 crat,
1477 2238 1606 2278 opinor,
1634 2239 1807 2283 inventum

1108 2279 1270 2311 actorum
1276 2281 1411 2317 .—2stos,
1428 2281 1489 2310 int.
1506 2281 1720 2311 Caesariaros.
1802 2288 1804 2290 ’

1155 2325 1192 2353 83
1216 2324 1297 2353 nosti
1324 2322 1468 2362 domum]
1509 2322 1635 2362 Opinor
1664 2322 1806 2357 vendenv

1111 2363 1199 2401 dam,
1224 2375 1321 2404 quam
1350 2365 1464 2395 Cicero
1487 2364 1668 2395 hereditate
1696 2365 1806 2404 aliqua

1112 2413 1293 2447 acceperat.
1324 2407 1393 2443 eius
1420 2406 1642 2442 venditionem
1669 2408 1807 2439 mandat

1112 2449 1236 2479 Attico.
1262 2449 1345 2479 edidi
1373 2454 1485 2479 autem
1515 2448 1690 2479 lectionem
1719 2454 1810 2480 v.ete

1114 2501 1196 2528 rem,
1209 2502 1247 2521 ex
1261 2490 1310 2522 ed.
1328 2491 1424 2521 Rom.
1437 2492 1512 2521 Asc.
1529 2489 1563 2519 P.
1578 2490 1708 2521 Manut.
1718 2491 1807 2527 Vict

1113 2514 1215 2563 Aldus
1238 2532 1352 2563 deinde
1368 2532 1456 2563 dedit
1471 2532 1592 2571 ιῖιαγως,
1614 2542 1710 2571 quem
1726 2535 1808 2564 sz

1114 2575 1232 2605 tander
1244 2580 1279 2605 et
1294 2575 1471 2605 Lambinus
1487 2574 1607 2604 imitati
1625 2580 1715 2606 sunt.
1744 2576 1810 2607 Bo-

1115 2617 1180 2646 sius
1207 2628 1225 2647 e
1253 2617 1315 2647 Ms.
1339 2626 1397 2647 suo
1412 2616 1500 2647 dedit
1522 2616 1692 2656 εὐαγώγως,
1708 2627 1807 2657 quem

1117 2658 1289 2695 Gi·‚uterus
1300 2659 1444 2688 Graevius
1455 2660 1556 2690 secuti
1574 2666 1661 2690 sunt.
1678 2658 1710 2689 id
1726 2659 1808 2690 mihi

1112 2709 1179 2730 non
1205 2706 1318 2740 aptum
1349 2701 1487 2731 videtur.
1524 2707 1574 2732 est
1603 2698 1807 2732 contrarium¹

1115 2745 1157 2782 τῷ
1185 2742 1360 2783 ἀναγωγως,
1392 2743 1477 2782 quod
1508 2749 1558 2774 est
1578 2745 1807 2784 pertinaciter,

1115 2795 1174 2814 nec
1199 2786 1343 2825 peitinet
1357 2785 1412 2816 ad
1419 2790 1585 2825 agentem,
1600 2785 1656 2816 sed
1677 2786 1717 2816 ad
1731 2796 1808 2816 enm

1115 2837 1253 2866 quocum
1278 2828 1397 2866 agitur.
1422 2834 1456 2858 at
1482 2828 1608 2867 muyans
1632 2832 1694 2864 est,
1720 2837 1810 2858 eom-

1115 2869 1212 2899 moda
1226 2869 1333 2909 aliqua
1347 2871 1487 2909 ratione,
1502 2871 1587 2902 bono
1601 2869 1709 2906 modo,
1725 2875 1761 2901 ut
1774 2870 1810 2903 in

1116 2911 1181 2943 fine
1197 2911 1292 2943 dixit.
