1940 3231
264 267 311 308 17

218 851 248 880 p.
267 844 317 872 48.

310 906 478 938 ‘nostra
499 911 588 953 spe,
612 896 806 952 intelligo
829 910 920 938 esse
952 896 1237 953 languidiora,
1260 912 1389 952 quam
1425 897 1496 938 alii
1519 897 1770 938 ostendunt.

265 1527 314 1564 18

268 2408 320 2451 19

322 133 399 169 516
743 134 924 173 EPIST.
950 134 1031 173 AD
1056 133 1346 181 ATTlcUM,

757 257 996 302 CICERO.
1023 259 1253 303 ATTICO
1289 261 1334 302 S.

328 311 428 367 DE
451 325 617 374 Quinto
640 324 770 368 fratre
801 328 940 368 nuntii
974 328 1097 369 nobis
1130 329 1287 378 tristes,
1309 342 1388 369 nec
1419 326 1525 368 vmii
1560 333 1764 368 venerant

324 398 381 425 ex
402 396 502 425 ante
526 384 637 424 diem
666 384 781 424 Non.
803 384 907 426 Jun.
933 399 1095 440 usque
1086 386 1135 425 ad
1164 386 1270 442 prid.
1299 385 1394 426 Kal.
1419 384 1538 440 Sept.
1602 382 1665 424 Eo
1687 398 1763 424 au·

325 451 412 482 tem
445 441 513 482 die
551 441 782 490 Livineius,
822 440 888 481 M.
927 441 1082 497 Reguli
1120 442 1313 493 libertus,
1346 443 1396 483 ad
1434 456 1499 482 me
1534 456 1559 481 ·1
1589 439 1763 497 Regulo

324 498 480 539 missus
504 498 634 538 venit.
667 499 769 547 52is,
792 498 969 539 omnino
1003 499 1266 540 mentionem
1294 500 1452 540 nuliam
1476 498 1635 539 factam
1658 510 1767 550 esse,

325 555 570 596 nunti-ivit:
605 554 677 594 sed
709 530 839 595 fuisse
870 564 1010 596 tamen
1045 570 1283 597 sermonem
1324 557 1377 597 de
1411 556 1463 597 C.
1488 555 1633 596 Clodii
1662 553 1769 604 filio,

328 612 449 667 isque
472 612 576 652 mihi
602 621 690 652 tum
714 626 737 651 a
761 611 889 652 fratre
912 611 1072 653 litteras
1095 613 1255 654 attulit.
1279 614 1348 653 sed
1376 613 1581 669 postridie
1603 614 1642 642 52
1658 612 1767 652 Sex-

330 670 376 709 tii
402 669 523 724 pueri
554 679 776 719 venerunt,
798 669 870 724 qui
896 684 921 709 a
944 680 984 710 te
1008 669 1169 710 litteras
1197 670 1448 721 attuierunt,
1469 685 1555 712 non
1581 680 1666 711 tam
1690 682 1769 709 ex-

331 726 518 782 ploratas
540 741 565 766 a
587 725 756 776 timore,
779 740 904 780 quam
929 741 1067 767 sermo
1093 726 1277 768 Livineii
1301 727 1454 768 fuerat.
1487 742 1587 768 sane
1610 740 1703 767 sum
1724 725 1772 767 in

331 797 428 823 meo
463 782 633 823 infinito
671 797 850 823 maerme
883 783 1106 832 sollicitus,
1138 793 1182 824 et
1214 799 1265 825 eo
1298 784 1452 839 magis,
1485 784 1600 839 quod
1634 782 1770 848 Appii

331 841 515 894 quaestio
545 848 624 880 est.
686 839 856 890 Cetera,
879 855 974 895 quae
998 839 1051 880 ad
1084 854 1153 880 me
1174 841 1335 881 eisdem
1368 841 1521 882 litteris
1544 840 1696 881 scribis
1717 839 1772 881 de

329 968 412 1009 ego
431 963 817 1009 autem‚quon1am
851 968 937 995 non
961 953 1090 1009 longe
1122 955 1176 995 ab
1199 969 1250 995 eo
1271 964 1464 1009 tempore
1487 954 1737 1004 absumuS,
1725 968 1771 994 ln

328 1025 415 1065 quo
447 1026 512 1052 res
548 985 873 1066 dijudicabitm,
898 1020 973 1052 aut
1005 1013 1056 1052 ad
1094 1021 1135 1052 te
1172 1011 1392 1053 conferam
1415 1025 1500 1062 me,
1532 1020 1607 1052 aut
1640 1010 1773 1051 etiam

328 1082 444 1109 nunc
466 1069 628 1110 circum
651 1068 747 1110 haec
768 1067 863 1109 loca
884 1070 1200 1110 commorabor.
1263 1069 1426 1110 Scribit
1455 1068 1506 1109 ad
1531 1082 1598 1109 me
1625 1066 1772 1118 frater,

327 1126 476 1167 omnia
497 1141 572 1167 sua
594 1140 669 1182 per
695 1136 736 1166 te
759 1140 889 1166 unum
926 1126 1140 1167 sustineri.
1173 1126 1277 1182 quid
1300 1136 1341 1167 te
1374 1134 1448 1167 aut
1469 1125 1631 1176 horter,
1653 1124 1774 1180 quod

328 1181 465 1225 facis?
495 1192 570 1224 aut
591 1197 716 1239 agam
745 1183 920 1238 glatias,
943 1184 1058 1237 quod
1094 1198 1180 1224 non
1214 1185 1472 1239 exspectas?
1506 1192 1675 1223 tantum
1700 1195 1772 1222 ve-

328 1239 419 1291 lim,
441 1239 615 1281 fortuna
637 1240 710 1281 det
733 1241 857 1280 nobis
881 1250 1155 1296 potestatem,
1178 1250 1226 1281 ut
1259 1240 1505 1282 incolumes
1528 1253 1673 1280 amore
1695 1252 1774 1279 no-

328 1306 417 1337 stro
450 1297 733 1353 perfruamur.
794 1296 908 1338 Tuas
942 1296 1104 1339 litteras
1128 1312 1295 1354 semper
1325 1298 1515 1338 maxime
1535 1305 1772 1353 exspecto:

327 1353 371 1394 in
396 1355 552 1409 quibus
581 1369 686 1396 cave
710 1354 859 1405 vereri,
882 1368 936 1395 ne
965 1364 1039 1395 aut
1072 1355 1299 1411 diligentia
1332 1365 1406 1395 tua
1437 1354 1544 1395 mihi
1577 1353 1773 1403 molesta,

329 1421 404 1451 aut
427 1414 582 1453 veritas
604 1412 758 1453 acerba
780 1412 837 1452 sit
915 1411 1018 1453 Dat.
1042 1413 1153 1472 prid.
1179 1413 1296 1454 Non.
1320 1412 1543 1469 Septemb.

761 1510 998 1553 CICERO
1029 1510 1320 1555 ATTICOS

333 1567 924 1621 EXSPECTATIONEM
957 1580 1058 1621 nobi
1063 1595 1081 1620 s
1115 1594 1201 1620 non
1225 1594 1402 1636 parvam
1423 1579 1641 1630 attuleram,
1670 1591 1772 1619 eum

328 1638 573 1692 scripse1as,
597 1637 835 1677 Valronem
857 1637 934 1678 tibi
960 1652 1038 1693 pro
1068 1638 1261 1679 amicitia
1283 1638 1574 1686 confirmasse,
1596 1648 1772 1677 eausam

327 1704 520 1734 nostram
545 1693 803 1748 Pompeium
827 1704 942 1735 certe
966 1704 1294 1750 suscepturum:
1327 1704 1384 1746 et,
1407 1693 1534 1735 simul
1557 1709 1580 1734 a
1598 1692 1773 1734 Caesare

329 1751 368 1791 ei
404 1750 576 1803 litterae,
598 1765 705 1805 quas
733 1761 1021 1807 exspectaiQet
1053 1752 1243 1792 remissae
1276 1760 1432 1802 essent,
1455 1759 1676 1792 auctorem
1708 1758 1774 1790 et-

332 1808 415 1848 iun
440 1807 655 1849 daturum.
689 1817 830 1849 utrum
856 1809 897 1849 id
919 1809 1025 1850 nihil
1048 1808 1146 1860 fuit,
1168 1823 1220 1849 an
1244 1809 1480 1850 adversatae
1504 1817 1604 1849 sunt
1627 1806 1775 1848 Caesa-

329 1865 386 1904 ris
411 1865 594 1907 iitterae?
636 1880 689 1905 an
722 1876 785 1905 est
819 1866 980 1930 aliquid
1011 1867 1052 1908 in
1085 1870 1191 1922 spe?
1237 1868 1368 1908 etiam
1397 1866 1499 1908 illud
1526 1865 1784 1927 scripseras„

329 1922 529 1973 eundem,
552 1922 786 1963 secundum
822 1923 1014 1975 comitia,
1045 1923 1222 1965 dixisse.
1253 1923 1321 1965 fac
1358 1924 1410 1977 (si
1443 1923 1576 1973 vides,
1599 1920 1781 1976 quantis>

331 1979 375 2019 in
401 1979 557 2019 malis
539 1994 728 2034 ¹jaceam,
751 1990 807 2031 et,
831 1980 864 2020 si
894 1990 1019 2035 putas
1041 1994 1132 2022 esse
1164 1980 1447 2022 humanitatis
1483 1981 1588 2029 tuae)
1612 1991 1680 2019 me
1702 1976 1774 2020 fac

328 2036 382 2077 de
406 2046 498 2077 tota
519 2051 553 2077 0·
545 2051 649 2077 tusa
678 2046 826 2078 nostra
845 2038 1089 2079 certior.em
1125 2052 1224 2079 nam
1249 2038 1440 2084 Quintus
1471 2038 1618 2087 frater,
1639 2034 1773 2076 homo

327 2093 478 2145 mirus,
504 2095 577 2149 qui
612 2107 681 2134 me
715 2104 802 2135 tam
842 2094 962 2135 valde
998 2104 1129 2146 amat,
1153 2096 1300 2136 omnia
1331 2095 1469 2137 mittit
1504 2093 1595 2150 spei
1631 2092 1773 2149 plena,

328 2160 540 2201 metuens,
563 2151 708 2202 credo,
730 2151 1020 2193 defectionem
1051 2153 1184 2193 animi
1207 2153 1307 2193 mei.
1331 2161 1418 2194 tuae
1440 2161 1590 2193 autem
1614 2149 1785 2191 litterae

327 2217 429 2249 sunt
453 2223 474 2248 1
481 2208 597 2249 uriae.
636 2223 777 2263 neque
800 2209 916 2264 (111111
947 2223 1015 2249 1110
1038 2209 1263 2265 desperare
1294 2211 1374 2262 vis,
1397 2224 1476 2251 nec
1497 2218 1657 2250 temere
1677 2220 1775 2263 spe-

327 2279 434 2306 r·.a1e
468 2264 537 2306 sae
568 2266 748 2307 obsecro
777 2275 833 2317 te,
859 2275 905 2308 ut
936 2281 1096 2319 omma,
1119 2281 1216 2323 quae
1249 2267 1435 2324 perspici
1466 2281 1492 2308 a
1513 2274 1557 2307 te
1575 2271 1773 2322 possunt,

327 2322 511 2373 sciamus

766 2410 1002 2453 CICERO
1032 2410 1261 2455 ATTICO
1294 2413 1339 2456 S.

334 2467 590 2530 QUOAD
632 2478 846 2544 ejusmodi
879 2480 984 2521 mihi
1016 2480 1171 2522 litterae
1214 2497 1240 2522 a
1284 2481 1408 2523 vobis
1449 2479 1771 2531 adfelebantur,

330 2544 380 2576 ut
410 2536 569 2591 aliquid
603 2551 658 2578 ex
689 2538 741 2578 115
772 2547 884 2579 esset
931 2538 1302 2594 exspectandum5
1351 2552 1425 2595 spe
1456 2547 1500 2579 et
1530 2537 1774 2594 cupiditate

372 2710 412 2739 52
436 2709 474 2745 is,
491 2710 864 2750 omnino—nunciatis]
895 2712 922 2741 ἐς
946 2711 1027 2741 mihi
1071 2721 1145 2741 nem
1156 2710 1295 2751 factam
1310 2722 1385 2749 esse,
1402 2721 1448 2742 sc.
1471 2711 1555 2751 apud
1573 2712 1770 2750 Praetorem,

328 2756 518 2791 suspectum
534 2757 594 2782 est.
612 2761 679 2781 non
695 2762 764 2800 per
766 2762 820 2783 se:
846 2762 923 2783 nam
938 2763 1028 2783 eom-
1071 2753 1110 2784 de
1126 2764 1221 2784 accus
1225 2754 1310 2785 ando
1332 2755 1434 2785 fratre
1457 2764 1530 2784 meo
1552 2754 1592 2783 de
1608 2759 1768 2794 repetun-

330 2793 425 2822 mode
442 2793 488 2823 sie
503 2794 649 2824 narratio
667 2794 804 2834 incipit:
829 2794 885 2825 sed
900 2796 1028 2834 (11111111
1073 2796 1134 2832 dis,
1151 2806 1224 2835 qum
1239 2798 1376 2836 quaestio
1393 2803 1465 2826 tum
1481 2801 1551 2827 erat
1568 2797 1678 2846 Appii.

329 2835 435 2866 attero
452 2836 599 2867 membro
621 2840 672 2866 est
686 2838 776 2876 isque
791 2837 882 2867 mihi.
902 2842 935 2867 et
956 2842 1030 2876 pot·
1116 2840 1155 2868 ,33
1181 2838 1286 2868 Sertii
1305 2838 1416 2879 pueri]
1456 2838 1584 2878 Opinor
1605 2840 1688 2877 ejus,
1711 2847 1774 2880 pro

330 2883 380 2907 est
403 2878 473 2909 siue
496 2878 576 2909 vitio
599 2878 719 2912 abesse
741 2880 872 2912 nullam
896 2881 1030 2911 mentio
1074 2891 1138 2920 quo
1154 2887 1204 2913 est
1218 2892 1250 2913 u
1240 2881 1338 2921 atio,
1352 2887 1426 2913 tum
1441 2881 1566 2913 tribuni
1582 2881 1628 2923 pl.
