1940 3231
749 126 953 167 LIBER
989 126 1035 164 V.
1534 133 1607 174 571

169 246 271 274 cum
302 233 445 276 subito
467 232 602 290 Appii
634 231 876 274 tabellarius
898 246 938 271 a.
968 231 1011 271 d.
1035 243 1087 270 XI
1115 229 1212 271 Kal.
1238 230 1399 272 Octob.
1423 235 1610 289 septimo

173 291 503 348 quadragesimo
536 291 604 332 die
637 289 780 330 Roma
813 287 1008 330 celeriter
1033 286 1129 340 (hui
1165 296 1254 328 tam
1288 287 1417 344 longe
1439 291 1468 337 !)
1501 292 1610 333 mihi

176 357 271 389 tuas
292 348 454 390 litteras
476 346 675 388 reddidit.
707 360 759 387 ex
785 346 944 401 quibus
974 359 1062 385 non
1084 344 1253 395 dubito,
1275 345 1379 409 quin
1404 354 1450 386 tu
1477 346 1611 388 Pom-

173 406 320 461 pejum
344 403 639 468 exspectaris,
642 403 744 444 dum
768 402 967 444 Arimino
989 400 1160 453 rediret,
1183 412 1226 443 et
1243 401 1336 467 jam
1361 402 1404 442 in
1429 401 1610 458 Epirum

173 462 394 526 profectus
413 476 493 502 srs:
527 460 751 516 magisque
774 475 936 513 ve1··,eoi
960 469 1007 501 ut
1031 434 1198 511 scribis,
1220 473 1274 500 ne
1301 460 1343 500 in
1369 458 1503 514 Epiro
1527 460 1610 501 sol-

173 519 317 561 licitus
342 519 397 559 sis
429 532 514 559 non
539 518 696 569 minus,
718 533 847 573 quam
880 532 958 559 nos
990 516 1061 558 hic
1093 532 1253 558 sumus.
1320 519 1354 550 17
1377 516 1448 557 De
1469 515 1610 558 Attel-

173 575 288 618 liano
307 575 481 617 nomine
495 574 645 631 scripsi
656 575 717 616 'ad
737 575 1037 625 Philotimum,
1066 577 1102 605 18
1116 589 1170 616 ne
1189 573 1424 630 appellaret
1444 573 1613 616 Messa-

171 632 272 674 lam.
332 631 505 673 Itineris
529 633 662 673 nostri
695 632 855 673 famam
878 633 929 674 ad
955 643 996 673 te
1021 632 1263 688 pervenisse
1289 631 1428 682 laetor,
1451 631 1612 688 magis-

173 704 257 744 que
278 689 473 740 laetabor,
493 689 528 729 si
558 690 722 744 reliqua
752 691 971 745 cognoris.
1034 688 1232 730 Filiolam
1265 697 1381 730 tuam
1410 689 1489 730 tibi
1515 689 1611 744 jam

176 746 330 788 Romae
353 746 594 802 jucundam
629 761 721 788 esse
756 747 950 803 gaudeo3
992 760 1188 802 eamque,
1224 761 1351 802 quam
1390 760 1612 801 nunquam

172 804 276 854 vidi,
299 812 443 845 tamen
477 813 520 844 et
549 819 662 856 amo,
685 815 728 845 et
760 805 990 845 amabilem
1023 818 1115 844 esse
1146 813 1264 845 certo
1290 804 1395 844 scio.
1430 806 1467 838 19
1480 804 1613 845 etiam

173 870 302 916 atque
331 862 462 902 etiam
496 861 648 912 valete,
676 862 852 912 Patron,
880 871 924 903 et
955 861 1014 902 tui
1049 861 1354 918 condiscipuli.
1413 861 1526 908 Quae
1558 861 1612 902 de

170 917 415 960 Tarentinis
449 919 494 959 in
528 918 684 960 militia
716 919 925 970 labmavi,
947 934 998 960 ea
1033 919 1111 959 tibi
1143 927 1267 974 grat-1
1299 932 1391 959 esse
1425 918 1610 983 gaudeo.

172 976 304 1023 Quod
335 976 486 1018 seiibis
516 976 679 1018 libente
708 985 751 1018 te
781 978 822 1008 ‘20
839 977 1051 1032 repulsam
1079 975 1225 1017 tulisse
1255 990 1369 1026 eum,
1402 976 1476 1040 qui
1511 990 1611 1017 cum

173 1034 329 1075 sororis
367 1043 455 1075 tuae
493 1033 569 1075 filii
609 1045 764 1091 patruo
799 1043 1003 1085 certaret
1040 1033 1186 1088 magni
1226 1033 1383 1074 amoris
1425 1033 1614 1088 signum.

172 1091 318 1146 itaque
349 1105 420 1133 me
455 1092 584 1133 etiam
622 1091 885 1133 admonuisti
925 1101 973 1132 ut
1006 1090 1253 1155 gauderem.
1293 1104 1393 1131 nam
1426 1090 1532 1131 mihi
1570 1090 1615 1132 in

171 1157 362 1190 mentem
400 1164 488 1190 non
528 1158 715 1190 venerat.
757 1163 843 1189 non
887 1149 1032 1198 credo,
1069 1148 1229 1202 inquis.
1272 1156 1320 1188 ut
1356 1147 1493 1190 libet·
1541 1147 1616 1189 sed

174 1205 302 1262 plane
324 1207 492 1263 gaudeo
514 1223 523 1249 :
554 1207 760 1262 quoniam
781 1213 817 1248 τὶ
838 1210 969 1261 νεμεσᾷν
992 1206 1170 1246 interest
1191 1210 1234 1246 τέ
1252 1209 1388 1255 φθονεῖν.

604 1294 841 1338 CICERO
871 1293 1101 1337 ATTICO
1134 1295 1178 1336 S.
1628 1307 1687 1343 ρο

169 1351 652 1406 SATURNALIBUS
677 1378 802 1405 mane
828 1378 871 1404 se
903 1363 1008 1404 mihi
1045 1362 1312 1404 Pindenissae
1344 1361 1617 1414 dediderunt,

173 1421 357 1476 septimo
380 1430 423 1462 et
426 1421 769 1487 quadragesimo
793 1421 877 1471 die,
900 1432 1128 1476 postquam
1151 1434 1404 1476 oppugnare
1426 1434 1498 1460 eos
1523 1435 1616 1462 coe-

173 1478 332 1534 pimus.
362 1479 436 1533 qui
467 1480 665 1532 (malum)
698 1479 768 1519 isti
813 1478 1109 1520 Pindenissae?
1151 1479 1223 1533 qui
1257 1480 1385 1519 sunt?
1418 1477 1612 1532 inquies:

172 1549 331 1576 nomen
355 1536 500 1577 audivi
523 1550 774 1591 numquam.
805 1539 841 1566 2¹
859 1535 963 1591 quid
985 1550 1067 1590 ego
1099 1534 1284 1576 faciam?
1316 1535 1438 1598 potui
1463 1534 1655 1584 Cilici-p
1671 1546 1724 1578 79.

172 1607 256 1643 am,
279 1592 504 1643 AEtoliam‚
525 1604 599 1635 aut
633 1593 941 1635 Macedoniam
964 1593 1171 1635 reddere?
1211 1592 1294 1634 hoc
1318 1606 1413 1656 pam
1445 1592 1505 1634 sic
1536 1592 1655 1634 ha-a·

173 1650 291 1701 beto,
316 1664 393 1692 nec
413 1650 496 1692 hoc
518 1651 710 1693 exercitu
733 1650 806 1693 hic
828 1660 949 1692 tanta
968 1650 1192 1707 negotia„
1167 1650 1256 1690 oeli
1280 1649 1488 1713 potuisse.
1514 1665 1613 1705 quae

174 1722 390 1764 cognosce
411 1713 438 1751 ἐν
456 1712 604 1765 ἐπιτομῇ.
636 1709 697 1750 sic
718 1708 833 1749 enim
857 1709 1058 1752 concedis
1079 1683 1192 1748 mihi
1212 1721 1422 1763 proxnnis
1444 1707 1614 1749 litteris.

174 1741 393 1830 Ephesum
427 1776 474 1807 ut
507 1766 711 1818 venerim,
734 1766 871 1818 nosti3
902 1766 975 1821 qui
1007 1766 1138 1806 etiam
1170 1765 1276 1806 mihi
1309 1763 1548 1821 gratulatus
1571 1779 1615 1806 es

176 1822 234 1864 illi
227 1838 288 1864 *us
321 1823 406 1864 diei
439 1823 750 1889 celebiitatem‚
781 1839 867 1879 qua
902 1822 1010 1864 nihil
1041 1837 1110 1864 me
1141 1837 1345 1878 umquam
1384 1821 1617 1864 delectavit

175 1881 328 1937 magis.
361 1881 461 1922 inde
490 1882 710 1938 oppidis,
702 1881 768 1933 iis,
799 1884 838 1913 2²3
858 1896 944 1936 qua
972 1881 1121 1945 ieram,
1145 1879 1400 1921 mirabiliter
1430 1880 1617 1944 accepti,

178 1913 435 1980 Laodiceam
476 1939 615 1995 pridie
656 1939 754 1981 Kal.
794 1939 916 1980 Sext.
957 1938 1168 1979 venimus.
1211 1937 1325 1978 24ibi
1357 1938 1512 1978 morati
1553 1937 1617 1978 bi-

171 1994 320 2048 duum,
355 1996 616 2052 perillustres
655 1997 832 2048 fuimus,
868 1998 908 2028 ‘²5
923 1995 1261 2051 honorificisque
1301 1994 1442 2037 verbis
1475 1994 1615 2036 omnis

220 2123 254 2154 17
279 2120 335 2152 De
369 2122 549 2153 Attelliano
574 2122 717 2163 nomine]
759 2121 870 2154 Corri-

166 2166 252 2202 gunt
267 2164 327 2194 viri
342 2163 430 2194 docti
445 2165 601 2196 Atiliano.

218 2208 254 2236 18
276 2216 318 2236 ne
331 2209 514 2247 appellaret
525 2207 718 2247 Messalam]
743 2207 808 2248 Oui
825 2208 872 2239 vi-

916 2123 1004 2153 tiave
1015 2126 1139 2153 nostra.
1183 2122 1261 2153 Non
1277 2119 1438 2161 displicet.

957 2167 998 2197 <20
1020 2166 1188 2205 repulsam
1215 2164 1325 2195 tulisse
1352 2172 1427 2193 eum
1455 2163 1531 2204 &c.]
1572 2164 1613 2196 In

914 2208 1077 2247 petitione
1089 2212 1280 2246 auguratus.
1297 2205 1457 2245 inteIlIgit
1464 2206 1614 2238 Hirrum

172 2246 269 2278 detur
281 2258 419 2289 sponsor
433 2259 492 2290 pro
507 2250 611 2280 Atilio
626 2250 735 2281 fuisse.

220 2293 256 2325 19
277 2292 377 2321 etiam
411 2297 510 2332 atque
541 2293 643 2323 etiam
665 2295 770 2323 zalete
798 2291 870 2323 Pa-

170 2339 246 2362 tron
271 2333 346 2373 &c.]
392 2334 534 2365 Variant
568 2335 622 2365 hic
657 2335 733 2365 libri
764 2334 868 2365 valde.

174 2374 255 2405 Haec
270 2375 369 2407 lectio
385 2381 435 2407 est
449 2388 469 2407 a
483 2377 602 2407 Bosio·
627 2387 700 2417 quae
723 2386 783 2407 nec
800 2377 871 2418 ipsa

173 2417 255 2448 mihi
271 2419 442 2458 probatur.
465 2429 542 2450 nam
566 2420 690 2450 Patron
713 2429 780 2450 non
799 2424 871 2450 erat

172 2460 435 2500 apti-IAtticum.
479 2462 870 2503 Tunstauusp.174.sie

172 2504 369 2534 constituit:
394 2514 422 2535 e.
438 2515 470 2535 a.
487 2514 514 2534 c.
531 2506 616 2535 tale.
655 2504 709 2535 De
722 2504 871 2535 Patrone

171 2550 203 2575 et
220 2546 286 2575 tuis
300 2546 524 2587 condiscipulis
542 2546 615 2581 (hos
637 2547 797 2578 ablativos
812 2547 870 2578 ha-

172 2586 252 2618 bent
265 2588 335 2618 edd.
353 2589 416 2628 pr.)
435 2598 506 2629 quoe
524 2590 773 2629 deparzetiniffs'
761 2599 796 2619 m
812 2590 868 2619 mi

173 2629 246 2659 licia
269 2631 416 2661 laboravi
439 2632 498 2662 ἃς.
514 2636 553 2662 ut
577 2632 647 2662 haee
669 2632 708 2662 de
722 2630 873 2662 Patrone

175 2672 235 2702 &m
249 2673 388 2722 epistola
400 2674 517 2704 finita
503 2684 574 2713 lam
590 2674 763 2711 addiderit,
778 2675 872 2712 cuius

175 2716 302 2751 generis
328 2720 362 2745 et
389 2715 454 2747 alia
480 2715 631 2756 exempla
654 2719 733 2746 sunt
760 2718 794 2746 in
822 2716 873 2746 his

176 2755 332 2793 epistolis.
366 2759 541 2797 parietem?
576 2760 677 2789 etiarn
716 2759 873 2789 Manutio

177 2796 338 2836 placuere.
363 2809 481 2840 nempe
502 2810 542 2830 ex
562 2800 603 2831 atl
625 2801 701 2831 Div.
725 2801 824 2837 XIII,
844 2803 872 2831 I.

178 2839 276 2869 mzliti
277 2851 333 2871 am
373 2842 532 2882 intelligit
572 2843 874 2883 peregrinationem

176 2889 268 2912 suam
286 2893 325 2914 ex
339 2883 399 2922 VI,
417 2888 447 2916 2.
460 2885 496 2914 in
506 2886 774 2924 peregrinatione
788 2887 876 2916 mili-

914 2255 949 2280 et
974 2249 1090 2281 deinde
1120 2251 1237 2280 sororis
1264 2253 1329 2279 tuce
1352 2249 1426 2289 filii
1449 2254 1614 2288 patruum

912 2296 1017 2322 semet
1040 2293 1158 2332 ipsum.
1186 2302 1238 2323 res
1264 2296 1315 2322 est
1342 2292 1376 2321 in
1405 2301 1479 2331 epp.
1502 2292 1611 2324 Coelii.

911 2344 971 2376 pro
988 2338 1099 2365 certm
1100 2339 1131 2365 et
1143 2334 1229 2365 forte
1245 2334 1361 2364 melius
1377 2333 1419 2363 sit
1434 2336 1587 2365 certarit.

955 2379 992 2408 531
1018 2377 1098 2416 quid
1108 2386 1147 2416 ε3·
1149 2375 1319 2416 osaciam.
1317 2377 1330 2399 7
1345 2376 1440 2416 potui
1455 2377 1513 2407 ἃς.
1515 2377 1530 2416 ]
1546 2378 1612 2408 Ms.

912 2419 1046 2450 Ealliol.
1069 2420 1151 2460 quid
1162 2418 1282 2458 ergof.
1297 2418 1383 2458 quod
1399 2423 1487 2448 recte
1501 2419 1613 2459 placet

913 2462 942 2491 G
947 2471 1009 2492 roev
1012 2463 1054 2491 io.
1092 2462 1164 2502 Ego
1177 2462 1288 2492 Iocum
1303 2461 1349 2491 sic
1360 2461 1609 2493 constituerim·

913 2504 1007 2545 ‚Quid
1016 2486 1141 2542 67309ξὲ
1132 2514 1195 2534 non
1203 2505 1297 2543 potui
1310 2504 1370 2534 διο.
1386 2503 1452 2534 Μ5.
1466 2503 1613 2535 Helmst.

914 2546 1015 2577 habet
1042 2557 1116 2576 mm.
1148 2546 1220 2577 edd.
1242 2556 1292 2586 pr.
1321 2556 1433 2586 namq.
1465 2546 1551 2586 quod
1578 2551 1614 2578 et

915 2589 1020 2629 ipsum
1037 2599 1104 2619 non
1120 2589 1282 2628 displicet.

958 2633 997 2661 ,⁶33
1020 2641 1086 2669 qua
1094 2631 1214 2671 ieram]
1234 2630 1350 2661 Malim
1362 2632 1520 2662 ieramus.
1534 2641 1610 2662 narn

915 2674 996 2703 meri
1012 2672 1065 2703 hic
1081 2677 1159 2704 sunt
1181 2674 1343 2714 plurales:
1368 2679 1402 2704 et
1417 2673 1500 2704 illud
1521 2679 1572 2704 est
1594 2684 1612 2705 e

915 2716 1139 2746 correctione:
1163 2716 1235 2747 edd.
1251 2726 1299 2756 pr.
1312 2725 1383 2755 quoe
1394 2720 1502 2746 erant.

957 2760 999 2789 04
1020 2758 1064 2788 ibi
1089 2760 1209 2789 morata·
1235 2758 1384 2797 biduum]
1418 2767 1471 2798 ep.
1498 2758 1546 2788 16.
1563 2761 1614 2788 est

916 2801 1081 2862 ὶνίιιίιιωη.

958 2845 999 2874 25
1023 2843 1268 2886 honorificisque
1281 2841 1400 2882 zweahis]
1430 2842 1505 2874 An
1498 2850 1532 2873 m
1547 2841 1614 2883 Apu

917 2885 1034 2925 pium?
