1940 3231
190 935 225 967 p.
240 926 314 956 314.

263 2104 312 2141 13

325 123 402 159 922
694 119 877 157 EPIST.
905 120 984 158 AD
1010 121 1057 161 Q.
1085 119 1386 164 FRATREM,

326 234 443 265 terea
479 231 627 280 togam
663 238 755 265 sum
793 224 885 279 ejus
923 225 963 255 63
979 233 1250 280 praetextam,
1286 239 1415 279 quam
1453 230 1543 264 erat
1579 223 1758 280 adeptus

328 281 501 322 Caesare
523 281 712 332 consule,
736 296 894 336 magno
915 281 1140 322 homiuum
1163 297 1247 323 risu
1272 281 1509 322 cavillatus.
1569 280 1610 331 69
1628 281 1759 327 Quod

327 353 415 379 non
449 337 554 389 vult,
587 338 778 393 inquam,
818 353 1023 379 renovare
1058 339 1241 379 honores
1274 339 1462 389 eosdem,
1499 352 1585 392 quo
1618 337 1760 378 minus

326 398 368 429 70
385 405 531 451 togam
580 405 836 450 praetextarn
888 396 1118 450 quotannis
1160 396 1405 451 interpolet,
1445 394 1763 436 decernendum

325 452 436 494 nihil
458 467 626 493 censeo.
672 453 760 492 Vos
783 461 926 493 autem
950 452 1144 493 homines
1167 454 1346 503 nobiles,
1369 452 1441 508 qui
1463 455 1500 486 71
1520 451 1762 496 Busrenum

326 519 637 566 praetextatum
669 524 755 549 non
790 509 1007 558 ferebatis,
1035 508 1377 565 Commagenum
1408 509 1580 550 feretis?
1612 508 1763 549 Genus

327 567 447 607 vides
479 576 522 607 et
554 566 695 606 locum
723 566 919 620 jocandi.
980 566 1125 607 Multa
1151 567 1241 607 dixi
1267 567 1306 607 in
1332 567 1566 622 ignobilem
1590 579 1761 621 regem:

327 624 486 678 quibus
517 632 631 663 totus
662 633 727 663 est
755 623 973 678 explosus,
1004 639 1090 678 quo
1122 638 1276 679 genere
1299 634 1540 665 commotus
1562 628 1629 676 (ut
1651 622 1764 673 dixi)

328 681 514 736 AppiuS,
549 690 688 720 toturn
725 694 791 720 me
825 680 1109 736 amplexatur.
1171 680 1294 721 Nihil
1327 690 1393 721 est
1427 681 1542 721 enim
1581 679 1767 732 facilius,

327 752 458 792 quam
489 736 651 792 reliqua
675 737 902 778 discutere.
965 737 1047 778 Sed
1081 752 1166 779 nou
1200 738 1372 788 faciam,
1404 748 1450 779 ut
1479 737 1595 778 illum
1627 736 1765 778 offen-

328 796 443 845 dam,
481 809 533 835 ne
576 794 776 850 imploret
811 794 938 835 fidem
972 795 1052 837 Jo
1048 795 1096 835 is
1134 795 1392 850 HospitaliS‚
1427 794 1582 836 Graios
1615 809 1765 836 omnes

328 860 556 902 convocet,
579 866 654 907 per
682 866 789 907 quos
813 866 980 893 mecum
1005 852 1047 892 ἰ]
1071 853 1255 908 gratiam
1278 852 1365 893 ledi
1371 852 1418 892 it.
1477 851 1764 907 Theopompo

330 908 657 950 satisfaciemus.
723 908 788 950 De
812 908 983 950 Caesare
1006 908 1176 964 fugerat
1200 924 1266 950 me
1288 909 1341 950 ad
1365 919 1406 949 te
1428 908 1628 950 scribere.
1687 909 1767 949 Vi-

308 967 409 1008 ·deo
442 967 572 1017 enim,
595 981 699 1021 quas
730 975 777 1007 tu
807 966 970 1007 litteras
1000 967 1279 1022 exspectaris.
1312 967 1385 1007 sed
1418 965 1488 1006 ille
1519 965 1691 1021 scripsit
1711 966 1766 1008 ad

327 1024 529 1074 Balbum,
569 1023 823 1065 fasciculum
865 1024 985 1064 illum
1022 1024 1314 1079 epistolarum,
1351 1024 1392 1063 in
1427 1038 1514 1078 quo
1547 1022 1687 1063 fuerat
1721 1034 1766 1064 et

326 1096 438 1132 mea,
459 1091 504 1122 et
527 1081 668 1132 Balbi,
692 1090 831 1122 totum
855 1082 935 1122 sibi
959 1096 1069 1136 aqua
1093 1081 1309 1122 madidum
1334 1080 1547 1122 redditum
1569 1093 1685 1122 esse:
1718 1089 1766 1122 ut

326 1153 381 1181 ne
402 1139 445 1179 ill
451 1138 506 1179 ud
529 1139 701 1193 quidem
726 1140 847 1189 sciat,
870 1153 1008 1179 meam
1041 1138 1170 1179 luisse
1201 1138 1387 1194 aliquam
1417 1137 1658 1193 epistolam.
1691 1137 1765 1178 sed

326 1210 382 1237 ex
418 1195 542 1237 Balbi
573 1195 756 1251 epistola
780 1211 916 1252 pauca
940 1196 1070 1236 verba
1104 1196 1387 1246 intellexerat,
1417 1195 1468 1235 ad
1493 1210 1589 1250 quae
1614 1194 1764 1235 rescri-

327 1254 416 1311 psit
445 1253 509 1293 his
533 1254 649 1294 v·ie1b
640 1268 688 1304 15,
720 1252 789 1294 De
824 1253 1034 1294 Cicerone
1059 1254 1181 1294 video
1216 1263 1258 1294 te
1290 1253 1493 1308 quiddam
1529 1251 1766 1308 scripsisse,

325 1311 442 1367 quod
464 1325 547 1366 ego
580 1325 664 1352 non
696 1309 914 1351 intellexi·
947 1323 1154 1365 quantum
1178 1322 1322 1351 autem
1344 1310 1595 1365 conjectura
1615 1323 1766 1350 conse-

327 1369 503 1423 quebar,
527 1368 569 1409 id
599 1377 690 1409 erat
718 1368 982 1423 hujusmodi,
1008 1376 1052 1408 ut
1079 1369 1217 1424 magis
1240 1368 1494 1431 optandum,
1518 1381 1647 1422 quam
1670 1380 1767 1422 spe-

325 1426 505 1467 mudum
531 1435 742 1482 putarem.
804 1424 957 1480 Itaque
992 1435 1142 1481 postea
1170 1426 1264 1466 misr
1297 1425 1351 1466 ad
1374 1424 1590 1466 Caesarem
1613 1424 1767 1464 eodem

326 1483 400 1524 illo
424 1482 623 1547 exemplo
657 1483 834 1524 litteras.
895 1482 1055 1525 Jocum
1089 1493 1233 1524 autem
1266 1482 1378 1523 illius
1400 1482 1452 1523 de
1475 1497 1551 1522 sua
1572 1490 1764 1537 egestate

326 1555 381 1582 ne
404 1555 458 1582 srs
484 1551 750 1596 asper.natus
808 1539 879 1581 Ad
901 1554 1028 1594 quem
1052 1555 1134 1596 ego
1157 1540 1369 1596 rescripsi,
1390 1538 1498 1580 nihil
1521 1553 1626 1603 esse,
1648 1538 1766 1594 quod

323 1597 509 1654 posthac
531 1612 641 1638 arcae
663 1607 823 1638 nostrae
847 1597 1005 1638 fiducia
1027 1599 1330 1639 conturbarzet
1363 1596 1560 1652 lusique
1551 1611 1594 1636 ln
1617 1609 1668 1636 eo
1691 1610 1765 1658 ge·
1807 1634 1818 1641 ,

325 1669 427 1696 nere
459 1666 502 1695 et
534 1654 814 1706 familiariter,
847 1665 890 1695 et
920 1670 1020 1696 cuin
1051 1655 1279 1710 dignitate.
1338 1653 1476 1695 Amor
1505 1663 1649 1694 autem
1672 1667 1766 1708 eJus

325 1727 429 1768 erga
462 1727 538 1754 nos
576 1711 788 1768 peimfeitui
817 1712 1010 1753 omnium
1042 1713 1202 1752 nuntiis
1225 1711 1467 1767 singularis.
1532 1709 1588 1750 Et
1609 1709 1766 1751 litterae

325 1770 498 1825 quidem
523 1771 575 1811 ad
599 1770 657 1821 id,
679 1769 794 1824 quod
817 1780 1058 1825 exspectas,
1081 1769 1168 1810 fere
1190 1784 1290 1810 cum
1294 1745 1388 1809 omo
1410 1767 1549 1809 reditu
1573 1766 1765 1823 jungen-

326 1837 416 1879 tur;
450 1826 613 1882 reliqua
645 1826 913 1882 singulorum
948 1827 1113 1868 dierum
1147 1826 1382 1868 scribemus
1413 1825 1466 1866 ad
1497 1834 1554 1875 te,
1577 1825 1612 1865 si
1634 1824 1765 1865 modo

321 1884 568 1926 tabellarios
593 1895 639 1925 tu
662 1884 892 1939 praebebis.
924 1898 1184 1940 quamquam
1207 1883 1419 1940 ejusmodi
1442 1881 1608 1938 frigus
1598 1896 1767 1938 impen-

322 1943 469 1993 debat,
501 1952 546 1983 ut
576 1956 791 1983 summum
815 1941 1053 1998 periculum
1075 1952 1200 1993 esset,
1231 1944 1272 1976 12
1286 1955 1339 1983 ne
1361 1939 1508 1997 Appio
1531 1954 1619 1981 suae
1652 1938 1766 1980 aedes

323 2010 562 2042 merentur.
621 1999 743 2040 Vale.

842 2082 1247 2120 ARGUMENTUM.

324 2149 388 2185 De
404 2149 506 2184 rebus
522 2148 677 2197 publicis
696 2148 886 2196 quaedam:
918 2148 1002 2182 item
1028 2148 1070 2182 de
1096 2146 1316 2183 Callisthene
1339 2150 1374 2181 et
1396 2144 1554 2181 Philisto
1573 2143 1766 2180 historicis.

695 2214 958 2256 MARCUS
994 2214 1050 2261 Q.
1084 2212 1315 2255 FRATRI
1349 2213 1394 2254 S.

324 2273 460 2326 RISI
497 2285 637 2325 nivem
673 2292 834 2324 atram:
884 2292 1010 2337 teque
1043 2282 1168 2323 hilari
1201 2282 1346 2323 animo
1378 2295 1483 2332 esse,
1518 2289 1563 2321 et
1593 2287 1767 2336 promto

320 2343 374 2383 ad
390 2342 646 2398 jocandum,
668 2340 791 2382 valde
813 2354 880 2381 me
895 2340 1038 2395 juvat.
1093 2339 1162 2381 De
1185 2339 1413 2396 Pompeio,
1435 2337 1645 2380 assentior
1669 2336 1764 2390 tibi,

1062 2496 1124 2527 sit:
1149 2506 1239 2536 ergo,
1255 2499 1293 2526 ut
1311 2495 1419 2527 honor
1434 2497 1595 2535 augeatur
1615 2501 1634 2522 e
1648 2493 1768 2534 repeti·

1063 2540 1154 2569 tione
1170 2539 1303 2569 decreti.

362 2499 402 2529 68
422 2501 633 2538 praetextam,
649 2507 749 2537 quam
771 2502 844 2527 erat
867 2495 1016 2538 adeptus]

316 2540 402 2580 Quae
423 2541 452 2570 ei
467 2541 599 2570 decreta
620 2544 654 2570 et
677 2540 774 2570 missa
795 2544 866 2570 erat
887 2539 1020 2570 consule

321 2584 472 2620 Caesare3
496 2582 581 2620 quod
596 2588 668 2612 erat
682 2583 815 2612 honoris
833 2582 956 2622 magni.
1105 2585 1141 2616 71
1169 2580 1375 2620 Busrenum]
1399 2579 1539 2611 Videtur
1557 2588 1625 2609 esse
1641 2580 1765 2611 nomen

361 2626 402 2659 69
426 2625 525 2665 „Quod
538 2634 599 2653 non
615 2626 686 2654 vult
710 2624 784 2663 &c.]
812 2625 892 2654 Haec
908 2635 942 2654 se
957 2633 1024 2654 non

318 2667 504 2706 intelligere
526 2667 652 2696 fatetur
673 2666 858 2703 Manutius,
881 2676 940 2696 nec
962 2676 1022 2705 ego

318 2710 481 2749 intelligo.
526 2709 589 2739 Pro
626 2718 690 2738 non
724 2709 919 2739 Tunstallus
950 2709 1023 2739 vult

316 2762 416 2783 nunc.

359 2797 400 2828 70
414 2800 526 2832 togam
536 2802 592 2833 pr.
607 2794 780 2834 quotannis
796 2793 1003 2834 interpolet]
997 2805 1018 2824 ι.

316 2846 345 2866 e.
363 2841 509 2874 renovet,
526 2837 646 2866 iterum
663 2836 730 2867 det.
756 2836 954 2876 interpolare
969 2841 1019 2866 est

315 2884 442 2911 cretam
458 2878 576 2912 addere
590 2879 625 2910 in
640 2884 778 2917 vestem,
799 2883 839 2910 ut
853 2879 1021 2911 candidior

1067 2625 1152 2664 regis
1174 2623 1303 2653 barbari
1326 2624 1359 2653 in
1383 2622 1532 2659 Oriente,
1547 2621 1693 2652 clarioris
1714 2626 1767 2653 ta-

1067 2676 1147 2728 men,
1159 2670 1231 2695 tum
1250 2674 1324 2704 rege
1340 2665 1576 2704 Commageno.

1129 2713 1202 2740 „ine
1216 2708 1319 2747 Appio
1331 2716 1397 2737 suoe
1411 2707 1492 2737 tedes
1506 2705 1697 2745 urerentur]
1714 2706 1768 2737 Ne

1064 2752 1149 2791 App}
1152 2761 1171 2780 o
1184 2751 1231 2781 ita
1244 2751 1412 2781 luculento
1428 2749 1558 2779 camino
1571 2758 1653 2789 opus
1667 2749 1766 2786 foret,

1061 2799 1101 2824 ut
1122 2793 1217 2824 facile
1240 2792 1429 2822 incendium
1451 2792 1557 2822 fieret.
1601 2790 1664 2822 Sed
1677 2790 1767 2822 aliud

1062 2835 1141 2876 quid
1154 2835 1237 2868 latet
1249 2835 1309 2867 sub
1322 2834 1408 2867 hoc'
1393 2844 1486 2876 Joco,
1501 2833 1588 2875 quod
1601 2843 1668 2867 non
1680 2838 1767 2867 asse-

1064 2887 1159 2920 quor.
