1940 3231
257 1086 327 1138 31'

322 152 407 195 ¹796

740 145 927 192 EPIS‘I'X
941 146 1043 192 'AD‘
1056 133 1232 192 ATTI'C
1243 154 1345 200 mir,

322 256 451 298 rium.
485 255 524 298 ei
558 255 669 298 dedi'
689 263 782 298 tuas
818 257 871 299 ad
902 257 1163 310 Vestorium,
1186 275 1291 314 quas
1326 259 1538 302 Pharnaci
1569 260 1760 306 dederas&

324 312 617 355 Commodum
639 314 693 355 ad
716 324 757 355 te
779 316 977 355 miseram
1002 315 1226 368 Demeam,
1249 332 1347 359 cum
1372 316 1478 359 Eros
1510 318 1561 360 ad
1594 334 1663 360 me
1686 330 1765 362 νει·

321 370 403 411 nit.
427 370 498 412 sed
530 372 572 412 in
606 371 698 426 ejus
721 372 902 426 epistola
934 372 1044 413 nihil
1074 380 1166 414 erat·
1195 376 1311 427 novi,
1343 375 1439 426 nisi,
1460 378 1501 407 23
1515 377 1759 419 auctionem

323 427 522 469 biduum.
544 430 599 469 ab
619 443 670 469 ea
691 428 838 483 igitur,
861 438 910 470 ut
931 429 1106 472 scribis:
1135 439 1179 470 et
1201 432 1342 483 velim,
1362 432 1562 474 confecto
1581 434 1762 490 negotio

325 483 591 526 Faberiano:
624 499 751 540 quem
774 485 948 540 quidem
972 496 1102 541 negat
1125 486 1231 529 Eros
1255 489 1397 531 hodie.
1419 505 1511 530 cras
1533 505 1658 531 mane
1682 493 1762 547 pu?-

326 550 405 582 tat.
439 557 462 582 a
485 553 526 583 te
548 541 752 583 colendus
774 550 853 582 est.
879 543 972 584 istae
1007 551 1150 584 autem
1171 549 1328 587 κολακίωι
1350 549 1392 578 24
1405 562 1490 588 non
1521 547 1650 603 longe
1683 548 1760 588 ab-

328 608 428 640 sunt
466 615 491 640 a
527 599 698 640 scelere.
742 607 797 650 te,
831 608 879 639 ut
912 614 1050 655 spero,
1083 602 1296 656 perendie.

193 656 314 696 p.215.
329 665 465 712 potes,
488 671 624 707 erues,
646 657 718 712 qui
742 656 888 697 decem
912 656 1043 712 legati
1070 656 1290 699 Mummio
1315 658 1488 702 fuerint.

1357 603 1490 656 Mihi,
1528 606 1568 636 25
1583 605 1762 646 sicunde

1550 660 1761 717 Polybius

283 713 314 734 a.
327 728 412 754 non
453 714 662 755 nominat.
704 728 786 769 ego
837 715 1013 755 memini
1044 713 1252 756 Albinum
1288 718 1569 769 consularem,
1605 726 1648 760 et
1683 719 1760 775 Sp.

325 769 609 811 Mummium.
625 771 772 812 videor
788 771 958 812 audisse
979 769 1032 812 ex
1052 771 1305 823 Hortensio,
1327 772 1606 816 Tuditanum.
1629 774 1761 818 sedin

325 827 506 869 Libonis
528 828 685 878 annali,
708 843 790 869 xlv
814 828 937 869 annis
961 839 1058 885 post
1080 839 1241 885 praetor
1261 839 1325 870 est
1347 830 1486 873 faetus
1501 831 1759 884 Tuditanus,

321 898 451 939 quam
484 885 633 926 consul
665 885 934 928 Mummius:
967 887 1008 917 26
1022 901 1107 928 non
1131 901 1231 927 sane
1252 887 1449 942 quadrat.
1478 891 1538 923 „27
1551 890 1663 931 Volo
1685 890 1762 931 ali-

320 956 449 997 quem
485 941 719 999 Olympiae,
753 952 826 984 aut
860 943 934 985 ubi
962 945 1117 996 visum,
1148 950 1317 985 πολιτικὸν
1335 947 1514 996 σύλλογον,
1535 961 1654 989 more
1679 947 1760 989 Di-

321 999 523 1052 caearchi,
545 1000 766 1042 familiaris
789 1000 867 1042 tui.

750 1089 986 1132 CICERO
1016 1088 1245 1131 ATTICO
1277 1089 1323 1131 S.

326 1144 582 1207 QUINTO
607 1163 706 1205 Kal.
728 1178 853 1205 mane
875 1163 1023 1219 accepi
1045 1179 1070 1204 a
1093 1163 1259 1205 Demea
1278 1163 1442 1204 litteras
1465 1165 1603 1220 pridie
1623 1166 1761 1219 datas,

323 1237 378 1263 ex
401 1221 557 1276 quibus
581 1230 655 1262 aut
686 1222 829 1272 hodie,
853 1230 927 1262 aut
956 1235 1051 1262 cras
1080 1230 1122 1261 te
1155 1230 1407 1276 exspectare
1432 1222 1647 1267 deberem.
1671 1224 1761 1276 sed,

322 1288 372 1320 ut
393 1282 561 1334 opinor,
586 1279 699 1320 idem
722 1293 820 1335 ego,
853 1279 926 1333 qui
957 1287 1165 1333 exspecto
1200 1288 1321 1319 tuum
1345 1279 1592 1332 adventurn,
1614 1284 1654 1312 ‘23
1669 1296 1762 1322 mo-

321 1337 451 1378 rabor
473 1346 529 1376 te.
553 1351 639 1376 non
661 1337 775 1376 enim
796 1347 902 1391 puto
927 1346 1013 1377 tam
1042 1336 1295 1392 expeditum
1318 1335 1603 1378 Faberianum
1626 1353 1762 1394 nego-

322 1395 433 1435 tium
456 1392 664 1444 futurum,
686 1393 854 1434 etiarnsi
885 1402 949 1434 est
980 1393 1189 1444 futurum,
1223 1403 1271 1433 ut
1300 1408 1383 1434 non
1417 1393 1574 1436 habeat
1597 1395 1760 1451 aliquid

320 1465 471 1492 morae.
494 1464 591 1492 cum
619 1451 776 1506 poteris
798 1451 946 1506 igitur,
968 1450 1172 1505 quoniam
1195 1451 1431 1492 etiamdum
1457 1453 1573 1494 abes.
1622 1455 1664 1488 539
1679 1452 1760 1493 Di-

320 1507 523 1558 caearchi,
546 1522 654 1562 quos
679 1508 846 1558 scribis,
867 1507 998 1549 libros
1022 1522 1121 1548 sane
1145 1507 1270 1548 velim
1297 1508 1404 1549 mihi
1427 1510 1598 1552 mittas:
1630 1510 1761 1551 addas

320 1566 454 1606 etiam
473 1568 701 1612 xxvoeCdo-wg.
758 1565 824 1606 De
857 1564 1040 1621 epistola
1071 1564 1124 1606 ad
1155 1564 1387 1617 Caesarem,
1409 1569 1607 1624 3Οκέκςικοι.
1629 1577 1761 1622 atque

319 1622 365 1664 id
388 1623 546 1679 ipsum,
568 1623 684 1678 quod
717 1622 787 1663 isti
815 1622 937 1663 aiunt
957 1622 1076 1663 illurn
1098 1622 1300 1674 scribere,
1322 1637 1379 1674 se,
1406 1624 1488 1665 nisi
1510 1624 1761 1666 constitutis

283 1766 285 1768 .
362 1739 403 1768 533
420 1736 602 1772 auctionem
618 1735 766 1775 biduum]
785 1736 847 1766 Per
860 1735 940 1765 dno:
950 1735 1017 1765 dies

320 1779 510 1810 auctionem
536 1778 618 1815 fore,
633 1789 672 1809 ea
686 1777 782 1808 finita
797 1778 837 1808 ad
854 1787 905 1808 me
921 1778 1016 1816 veui,

317 1820 374 1853 sed
390 1820 541 1851 confecto
554 1825 632 1850 ante
648 1820 781 1859 negotio
797 1820 872 1850 Fab.

320 1895 323 1901 .
362 1865 402 1895 24
418 1872 480 1892 non
495 1864 590 1900 longe
603 1863 722 1892 absunt
737 1873 759 1892 α
771 1862 901 1901 scelere]
919 1862 951 1892 J.
967 1861 1019 1892 Fr.

318 1904 504 1935 Gronovius
527 1904 626 1935 deleri
653 1905 781 1935 volebat
804 1915 879 1935 non.
898 1904 1015 1945 placet.

316 1947 457 1983 dixerat,
475 1947 591 1977 blande
605 1947 818 1977 tractandum
833 1957 901 1977 esse
916 1946 1017 1977 Fabe-

315 1990 418 2026 rium,
449 1994 486 2019 ut
516 1989 643 2019 facilius
672 1989 824 2020 solveret.
881 1989 1016 2019 Poterat

315 2031 446 2063 Atticus
462 2031 581 2068 dicere,
598 2041 665 2061 non
680 2031 857 2061 honestum
872 2036 934 2068 est,
955 2031 1014 2061 ho-

315 2075 422 2104 mines
448 2073 532 2104 tales
566 2073 702 2104 adulari.
746 2073 947 2113 Respondet,
979 2074 1013 2104 in

314 2116 377 2146 tali
394 2126 439 2154 re,
466 2120 505 2146 nt
527 2116 724 2155 accipiamus
739 2122 864 2153 nostra,
881 2125 947 2146 non
963 2120 1014 2146 est

314 2162 424 2198 turpe,
441 2159 491 2188 uti
505 2157 565 2187 tali
583 2159 736 2188 artificio.

313 2196 319 2200 ’
358 2202 399 2231 25
428 2200 561 2230 sicunde
584 2204 687 2240 potes,
717 2199 823 2239 emes]
859 2199 970 2230 Erues
995 2209 1012 2229 e

315 2242 397 2274 Mss.
414 2253 448 2273 se
463 2242 557 2273 edere
572 2241 652 2272 dicit
673 2242 803 2273 Bosius.
827 2247 862 2272 at
877 2242 922 2271 sic
941 2246 1013 2272 erat

309 2286 383 2324 jam
409 2284 442 2315 in
470 2284 521 2314 ed.
549 2284 648 2315 Rom.
685 2284 851 2314 Jensonus
873 2283 962 2314 dedit
985 2294 1012 2314 s.

310 2332 401 2366 potes
415 2336 540 2364 eruere,
557 2327 643 2357 unde
662 2326 696 2356 in
718 2336 806 2366 seqq.
821 2326 893 2356 edd.
908 2327 1012 2363 venit,

310 2369 412 2408 ‘idque
424 2369 587 2400 revocavit
600 2369 759 2399 Graevius.
782 2369 868 2399 Puto
882 2369 1013 2399 Cicero-

316 2420 392 2441 nem
407 2411 570 2450 scripsisse
584 2421 671 2442 erue.
929 2409 932 2411 Α

359 2454 400 2483 96
423 2462 485 2484 non
499 2463 579 2484 sane
592 2452 750 2493 quadrat]
775 2453 853 2484 Non
876 2461 1013 2483 eonsen-

314 2498 453 2526 taneum
478 2500 541 2532 est,
557 2495 724 2526 hominem
749 2496 891 2534 quitum
915 2495 1013 2534 longe

310 2536 421 2567 'adhuc
443 2538 584 2568 abfuerit
610 2548 629 2568 a
644 2537 840 2573 Consulatu,
857 2539 929 2578 jam
950 2537 1013 2567 Le-

314 2584 430 2617 gatum
457 2579 491 2608 in
514 2579 576 2609 tali
597 2589 695 2609 causa
721 2579 856 2609 missum
879 2589 960 2615 esse,
977 2579 1011 2610 in

313 2630 378 2658 qua
393 2621 462 2651 fere
478 2621 674 2652 Consulares
690 2621 781 2651 mitti
793 2622 912 2652 solent.
928 2632 959 2655 v.
977 2627 1012 2653 et

309 2672 365 2703 ep.
380 2673 448 2702 seq.

355 2707 396 2739 27
421 2705 497 2735 Volo
509 2705 652 2745 aliquem
670 2703 828 2743 Olympia?
842 2704 914 2744 &c.]
935 2705 1011 2736 Volo

338 2747 438 2777 rimus
461 2747 564 2777 edidit
591 2747 774 2782 Manutius,
798 2746 894 2785 idque
918 2748 1011 2781 etin

311 2756 379 2819 istis.
395 2790 516 2828 reperit
537 2789 696 2819 Graevius.
741 2788 855 2818 Les-tio
871 2788 942 2819 edd.
959 2800 1007 2829 pr.

308 2835 392 2864 ante
406 2831 499 2861 Man.
513 2831 724 2870 quadratum,
739 2829 825 2860 unde
844 2830 1008 2861 Victorius

306 2874 392 2902 fecit
423 2874 581 2913 quadrat,
608 2874 687 2909 ullo,
717 2871 772 2902 sed
800 2873 870 2902 sine
898 2882 1006 2903 sensu.

312 2913 429 2947 Rosius
456 2926 475 2947 e
503 2916 695 2956 conjectura
721 2914 829 2946 baali..
861 2913 1009 2946 Graevius

1059 1736 1127 1765 volo
1142 1736 1297 1771 restituit,
1314 1744 1408 1776 quem
1425 1741 1556 1768 secutus
1571 1747 1656 1769 sum.
1701 1739 1758 1770 Ci-

1060 1787 1134 1808 cero
1149 1778 1405 1818 disputationem
1419 1789 1509 1810 suam
1522 1779 1561 1810 de
1576 1780 1756 1820 republica,

1061 1820 1230 1858 cogitabat
1254 1821 1391 1859 fingere,
1406 1821 1570 1862 Olympiae
1583 1832 1652 1853 esse
1666 1823 1760 1853 habi-

1061 1866 1145 1898 tam,
1161 1870 1220 1892 aut
1236 1863 1300 1893 alio
1315 1874 1379 1903 quo
1394 1864 1482 1894 claro
1495 1864 1580 1901 loco,
1595 1871 1634 1895 ut
1648 1865 1757 1896 Dicas-

1058 1904 1174 1934 archus
1189 1906 1362 1945 scripserat
1376 1906 1511 1941 librum,
1531 1917 1626 1946 quem
1640 1908 1756 1946 Ὀλυμ,-

1058 1947 1139 1976 mxi-2
1161 1952 1307 1985 vocarat,
1330 1954 1463 1979 auctore
1486 1950 1647 1980 Atheneo
1662 1950 1755 1982 XIV.

1056 1999 1089 2029 p.
1112 1989 1186 2020 620.
1210 1990 1291 2020 item
1319 1989 1413 2028 alios,
1438 2001 1517 2030 quos
1541 1993 1675 2023 nomine
1691 1992 1756 2024 loci

1057 2030 1264 2071 appellasset,
1279 2032 1336 2062 ubi
1351 2042 1516 2064 sermones
1531 2033 1634 2065 habiti
1649 2035 1755 2075 finge-

1057 2081 1184 2103 rentur.

1097 2118 1136 2146 28
1171 2117 1320 2146 'morabor
1346 2117 1390 2156 te]
1431 2127 1476 2148 sc.
1503 2119 1637 2157 negotio
1666 2128 1754 2156 meo,

1054 2158 1139 2196 quod
1162 2163 1201 2187 tu
1227 2168 1334 2196 curas,
1361 2169 1420 2190 nec
1446 2164 1485 2191 tu
1507 2167 1576 2192 tam
1603 2161 1754 2193 celeriter

1054 2200 1191 2230 fortasse
1206 2202 1370 2232 conficies.

1099 2244 1139 2275 <29
1162 2241 1210 2272 D.
1227 2243 1335 2283 libros]
1361 2253 1405 2275 sc.
1421 2245 1484 2287 περὶ
1500 2245 1618 2285 ψυχῆς.

1098 2287 1138 2314 30
1161 2284 1296 2327 κέκρικα]
1324 2286 1399 2316 Jam
1429 2294 1557 2318 certum
1586 2291 1654 2324 est,
1675 2288 1754 2328 quid

1056 2325 1201 2356 facturus
1221 2329 1294 2358 sim.
1320 2337 1387 2358 non
1414 2330 1559 2360 mittam.
1575 2329 1614 2360 de
1635 2330 1696 2360 hac
1718 2340 1753 2361 re

1056 2378 1141 2408 saepe
1165 2374 1215 2399 cst
1239 2370 1272 2399 in
1296 2371 1528 2410 superioribus,
1543 2371 1656 2402 utrum
1671 2373 1752 2403 scri-

1057 2411 1148 2441 beret
1169 2411 1209 2441 ad
1229 2413 1390 2443 Caesarem
1415 2423 1474 2443 nee
1496 2423 1549 2444 ne.
1593 2415 1752 2446 Ceterum

1055 2451 1126 2482 haec
1151 2452 1249 2483 lectio
1263 2461 1312 2484 est
1335 2465 1355 2485 a
1373 2455 1525 2485 Lambini
1548 2458 1751 2495 conjectura,

1056 2505 1152 2533 quam
1177 2506 1253 2525 cum
1268 2497 1396 2526 Graevio
1416 2497 1610 2527 lectionibus
1632 2499 1750 2529 ceteris

1055 2536 1198 2576 praetuli,
1213 2548 1285 2576 quae
1299 2545 1378 2569 sunt
1392 2547 1504 2569 omnes
1514 2549 1531 2569 e
1544 2540 1749 2577 conjectura.

1056 2578 1169 2609 Lectio
1194 2580 1299 2619 prima
1321 2581 1353 2610 in
1369 2581 1418 2611 ed.
1435 2581 1531 2611 Rom.
1548 2581 1749 2621 vulgata‘est

1055 2622 1193 2656 κελ-πκὰ,
1214 2632 1311 2661 quam
1326 2623 1490 2652 Victorius
1514 2625 1654 2655 correxit
1675 2637 1751 2657 κιτ-

1052 2665 1138 2702 cazab,
1160 2665 1181 2694 i.
1205 2675 1231 2694 e.
1247 2665 1349 2699 fatua,
1374 2665 1504 2695 inania:
1529 2665 1644 2696 Bosius
1659 2677 1677 2697 e
1693 2678 1749 2699 ve-

1052 2707 1156 2744 stigiis
1181 2707 1259 2736 Mss.
1286 2706 1439 2742 κεκύὲικα,
1460 2713 1549 2736 certo
1574 2710 1748 2747 constitui,

1053 2749 1129 2781 nuid
1145 2755 1277 2778 acturus
1295 2751 1369 2785 sim,
1385 2756 1418 2778 et
1433 2750 1467 2779 in
1483 2759 1521 2779 eo
1536 2751 1747 2789 permanebo.

1050 2790 1242 2820 Lectioneni
1287 2790 1439 2821 Lambini
1489 2791 1606 2830 prob'at
1642 2794 1746 2825 etiam

1048 2831 1242 2862 Tnnstallus
1257 2843 1288 2872 p.
1307 2833 1374 2863 146.
1390 2834 1444 2863 sed
1457 2833 1564 2869 aliter,
1578 2843 1638 2865 nec
1650 2835 1746 2874 bene,

1050 2874 1201 2915 explicat.
1217 2880 1255 2905 ut
1271 2874 1362 2906 nobis
1377 2875 1517 2907 videtur.
