1940 3231
682 112 901 154 LIBER
943 113 991 150 V.
1486 116 1563 153 559

124 220 265 276 quoad
289 220 358 263 ille
380 220 558 272 veniret,
579 233 678 262 cum
701 217 912 273 Pompeio
934 229 1212 258 consumere:
1244 229 1382 270 eoque
1409 216 1564 273 magis,

127 279 242 333 quod
266 279 303 319 ei
327 288 496 335 gratum
519 291 610 318 esse
641 274 686 316 id
709 274 935 325 videbam;
966 272 1040 328 qui
1063 272 1194 314 etiam
1223 287 1248 313 a
1278 286 1347 312 me
1378 274 1566 327 petierit,

129 345 176 376 ut
198 350 342 377 secum
364 347 408 376 et
438 334 552 391 apud
583 347 627 373 se
657 345 793 373 essem
819 330 1038 386 quotidie:
1070 330 1187 385 quod
1208 330 1400 370 concessi
1431 329 1567 370 liben-

129 401 208 433 ter.
241 392 399 434 multos
421 392 535 433 enim
557 389 649 445 ejus
679 388 908 444 praeclaros
930 387 984 429 de
1016 386 1239 443 republica
1260 399 1474 427 sermones
1497 400 1568 427 ae-

129 449 315 504 cipiam:
348 449 533 490 instruar
569 446 701 487 etiam
734 445 924 487 consiliis
962 445 1127 486 idoneis
1163 444 1216 484 ad
1251 443 1336 484 hoc
1372 452 1569 483 nostrum

128 507 369 562 negotium.
412 504 493 545 Sed
518 503 571 544 ad
595 513 636 544 te
658 503 937 559 breviorjam
959 502 1004 543 in
1026 501 1253 543 scribendo
1275 498 1438 556 incipio
1462 500 1570 550 fieri,

125 563 344 613 dubitans,
359 561 570 602 Romaene
593 560 664 611 sis,
687 560 847 615 anjam
869 558 1104 616 profectus.
1126 559 1242 614 quod
1263 567 1407 598 tamen
1427 557 1571 612 quoad

126 620 354 675 ignorabo,
392 619 576 659 scribam
617 617 776 673 aliquid
814 617 974 673 potius,
1013 631 1143 671 quarn
1182 615 1469 666 committam,
1506 622 1570 665 ut,

127 677 208 717 tibi
240 689 340 716 cum
371 675 538 732 possint
565 675 684 716 reddi
718 690 742 716 a
772 688 840 714 me
878 673 1050 724 litterae,
1080 687 1167 713 non
1205 671 1457 713 reddantur.
1489 685 1570 712 nec

127 743 268 774 tamen
283 732 378 788 jam
400 733 556 783 habeo,
578 732 693 788 quod
716 741 791 773 aut
813 731 1010 772 mandem
1034 730 1130 781 tibi,
1149 739 1223 770 aut
1245 743 1426 770 narrem.
1447 742 1570 769 man-

126 790 225 831 davi
248 790 408 840 omnia,
438 805 534 845 quae
566 789 740 844 quidem
773 798 835 840 tu,
859 797 906 829 ut
935 787 1166 843 polliceris,
1187 786 1439 828 exhauries:
1472 800 1570 826 nar·

124 847 243 898 rabo,
265 862 364 888 cum
396 847 556 903 aliquid
589 846 758 887 habebo
780 846 898 887 novi.
934 844 1036 886 illud
1060 854 1204 885 tamen
1239 858 1326 884 non
1359 843 1568 892 desinam,

124 903 227 944 dum
266 904 412 945 adesse
452 915 493 945 te
531 904 711 960 putabo,
746 903 853 944 43de
889 902 1074 956 Caesaris
1111 902 1287 942 nomine
1323 914 1488 956 rogare,
1520 909 1570 940 ut

126 960 375 1002 confectum
401 961 628 1017 relinquas.
661 960 785 1002 avide
806 969 1014 1016 exspecto
1037 968 1129 1000 tuas
1161 958 1338 1010 litteras,
1361 967 1405 998 et
1427 957 1569 998 maxi-

125 1031 209 1070 me,
231 1027 279 1059 ut
301 1019 441 1060 norim
465 1029 634 1075 tempus
657 1017 940 1075 profectionis
964 1026 1065 1058 tuae.

556 1120 791 1163 CICERO
822 1118 1052 1161 ATTICO
1084 1120 1129 1161 S.
1577 1111 1603 1151 ’7

129 1177 468 1243 QUOTID1E‚
491 1191 558 1232 vel
589 1190 733 1246 potius
756 1191 800 1231 in
821 1190 911 1231 dies
938 1188 1145 1245 singulos,
1167 1187 1383 1229 breviores
1403 1185 1564 1228 litteras
1576 1188 1609 1219 b=

130 1247 184 1289 ad
216 1258 257 1289 te
290 1250 431 1290 mitto.
458 1248 654 1304 quotidie
682 1248 797 1289 enim
828 1246 968 1303 magis
1002 1246 1210 1302 suspicor,
1232 1254 1273 1286 te
1309 1245 1354 1285 in
1388 1242 1570 1300 Epirum

123 1305 215 1360 jam
242 1306 500 1362 profectum,
525 1305 598 1346 sed
620 1314 779 1355 tamen,
803 1314 851 1345 ut
880 1303 1128 1344 mandatum
1155 1303 1263 1344 scias
1286 1316 1354 1342 me
1375 1315 1572 1351 curasse;

130 1364 292 1418 44quot
315 1373 429 1415 ante,
447 1364 508 1404 ait
530 1378 574 1404 se
598 1362 832 1418 Pompeius
855 1362 1048 1416 [quinos]
1072 1359 1300 1417 praefectos
1317 1359 1575 1409 delaturum,

127 1433 281 1471 novos,
304 1421 564 1472 vacationes,
589 1420 866 1475 judiciariam
893 1433 1081 1459 causam.
1143 1416 1240 1473 Ego
1261 1431 1358 1458 cum
1385 1416 1575 1457 triduum

129 1491 229 1517 cum
265 1478 476 1533 Pompeio
510 1488 553 1518 et
590 1477 705 1533 apud
746 1476 1006 1533 Pompeium
1038 1474 1229 1524 fuissem,
1268 1472 1574 1530 proficiscebar

131 1533 411 1576 Brundisium
440 1536 533 1575 4511.
573 1534 614 1575 d.
649 1548 766 1575 xnr.
799 1533 897 1575 Kal.
926 1532 1095 1575 Junias.
1129 1532 1269 1573 civem
1303 1531 1422 1571 illum
1452 1544 1574 1586 egre-

129 1591 252 1647 gium
285 1592 594 1647 relinquebam,
616 1601 660 1632 et
692 1592 745 1632 ad
778 1591 888 1642 haec,
911 1605 1008 1646 quae
1041 1589 1262 1639 timentur,
1287 1587 1575 1644 propulsanda

130 1648 464 1703 paratissimum.
502 1648 615 1690 Tuas
637 1648 800 1690 litteras
823 1648 1104 1704 exspectabo,
1126 1661 1226 1688 cum
1245 1656 1306 1697 ut,
1328 1645 1431 1700 quid
1455 1659 1574 1701 agaS,

129 1705 172 1735 46
186 1714 292 1758 tum,
314 1716 363 1748 ut
385 1706 460 1748 ubi
483 1707 554 1760 sis,
578 1706 726 1748 sciam.

563 1804 798 1849 CICERO
829 1803 1059 1847 ATTICO
1092 1804 1137 1846 S.

131 1861 241 1916 ME
272 1884 317 1917 et
346 1875 623 1917 incommoda
653 1874 861 1926 valitudo,
891 1889 976 1930 qua
1001 1873 1095 1929 jam
1127 1886 1396 1922 emerseram,
1422 1878 1576 1928 utpote

130 1945 230 1972 cum
262 1933 353 1974 sine
375 1932 485 1974 febri
516 1933 792 1983 laborassem,
814 1942 858 1972 et
882 1930 1076 1972 Pomtini
1102 1929 1388 1986 exspectatio,
1414 1929 1466 1969 de
1489 1943 1576 1983 quo

132 1989 274 2032 adhuc
296 2004 349 2031 ne
370 2005 515 2031 rumor
535 1990 707 2046 quidem
735 2000 923 2040 venerat,
946 1989 1122 2029 tenebat
1151 1986 1457 2028 duodecimum
1481 1986 1577 2041 jam

133 2046 247 2087 diem
271 2047 506 2089 Brundisii.
539 2048 611 2088 sed
633 2061 805 2089 cursum
827 2046 1204 2103 exspectabamus.
1236 2054 1282 2085 tu
1313 2044 1349 2084 si
1379 2043 1510 2084 modo
1532 2057 1577 2083 es

136 2101 315 2156 Romae3
339 2104 414 2146 vix
437 2105 552 2145 enim
576 2115 680 2161 puto
699 2122 708 2146 :
736 2105 800 2145 sin
822 2118 882 2155 es,
904 2104 988 2144 hoc
1011 2102 1287 2143 vehementer
1309 2100 1579 2142 animadver-

132 2169 197 2202 tas
231 2161 373 2204 velim.
431 2166 472 2196 47
489 2161 631 2203 Roma
670 2176 921 2218 acceperam
963 2161 1143 2212 litteram,
1182 2158 1398 2200 Milonem
1434 2172 1579 2199 meum

171 2327 213 2356 43
229 2325 268 2356 de
287 2324 424 2356 Caesaris
436 2325 579 2365 nnnzine]
606 2325 658 2356 De
680 2325 832 2366 pecunia,
875 2323 1014 2355 dicitur:
1039 2326 1074 2353 et
1087 2321 1148 2360 VI,
1170 2325 1197 2354 1.
1213 2321 1335 2353 Graecis
1351 2321 1582 2362 Graecosjudi-

133 2377 233 2407 quam
256 2369 286 2398 ei
315 2369 430 2406 debeo,
458 2368 540 2398 H-S.
568 2376 674 2400 nccc,
703 2367 742 2398 de
770 2377 834 2407 quo

133 2419 244 2450 supra.

174 2454 217 2483 44
231 2457 306 2492 quot
319 2457 408 2489 ante,
424 2453 474 2482 ait
493 2462 526 2483 se
544 2451 589 2483 P.
604 2453 716 2492 quinos
732 2461 788 2492 pr.
803 2452 835 2483 d.

132 2503 228 2525 novos
236 2507 250 2532 ,-
278 2495 475 2534 vacationes]
507 2495 560 2525 Sic
585 2494 687 2525 edidit
712 2495 837 2534 primus

131 2535 311 2568 Victorius.
356 2537 531 2568 Lectiones
553 2536 627 2567 edd.
651 2536 742 2567 valde
764 2547 835 2567 cor-

133 2584 242 2619 ruptae
267 2584 302 2610 et
324 2581 420 2610 variae
442 2586 533 2611 sunt.
577 2579 640 2609 Sed
667 2589 726 2610 nee
750 2578 835 2610 hanc

135 2621 205 2651 sine
233 2622 313 2651 vitio
342 2629 423 2662 puto
448 2632 527 2652 esse.
552 2623 665 2661 quinos
690 2625 739 2652 est
765 2622 835 2652 sine

138 2662 237 2693 dubio
260 2674 280 2693 a
301 2663 409 2703 glossa
429 2674 446 2694 e
468 2664 688 2704 superioribus
714 2663 836 2694 addita.

137 2709 212 2743 quot
226 2715 292 2735 non
309 2708 435 2745 patitur
452 2716 626 2737 numerum
640 2719 646 2736 ε
672 2716 731 2736 nec
745 2716 838 2736 novos

137 2755 250 2776 verum
286 2755 379 2788 puto.
425 2749 574 2779 Graevius
603 2749 738 2788 corrigit
774 2758 838 2778 non

137 2789 211 2818 vult
233 2798 265 2818 v.
290 2791 349 2821 διο.
374 2800 418 2821 sc.
447 2791 575 2821 deferri.
603 2791 683 2821 mihi
710 2790 840 2821 videtur

138 2839 204 2860 non
225 2840 309 2861 vero.
332 2832 420 2871 quod
442 2835 608 2864 consentit
627 2844 679 2873 ep.
714 2836 758 2863 11.
783 2833 838 2862 ubi

138 2881 252 2906 omnes
276 2876 462 2908 vacationes
486 2876 652 2915 negavisse
676 2875 839 2915 praefectis

877 2376 930 2397 ces
954 2366 1011 2396 dat
1039 2365 1167 2402 Cicero,
1200 2365 1286 2404 quod
1313 2370 1348 2395 et
1379 2364 1413 2394 in
1441 2364 1581 2395 aliarum

880 2408 1133 2449 provinciarum,
1145 2413 1184 2438 ut
1199 2407 1332 2444 Siciliae,
1342 2406 1486 2437 formula
1497 2413 1582 2442 erat,

879 2457 918 2481 ut
933 2450 1148 2492 provinciales
1162 2449 1457 2487 haberentjudices
1472 2458 1559 2479 SUOS.

921 2496 962 2524 45
986 2503 1020 2524 α.
1043 2493 1074 2523 d.
1098 2491 1289 2531 x111.Kaz.]
1317 2492 1499 2530 Corrigunt
1523 2492 1582 2521 viri

879 2536 967 2566 docti
991 2540 1078 2565 recte
1102 2543 1150 2565 xl.
1174 2544 1252 2565 nain
1268 2539 1403 2564 venerat
1423 2533 1464 2564 ad
1486 2534 1581 2563 Pom·

878 2579 988 2618 peium
999 2588 1030 2608 a.
1041 2577 1071 2607 d.
1084 2585 1140 2608 xv.
1148 2582 1181 2608 et
1193 2577 1235 2608 ibi
1246 2576 1393 2606 triduum
1403 2582 1581 2606 manserat.

920 2621 962 2651 46
977 2625 1049 2651 tum
1064 2624 1114 2656 ut,
1130 2621 1185 2650 ubi
1205 2621 1261 2655 sis,
1279 2618 1396 2657 sciam]
1424 2619 1581 2657 Conjece-

880 2673 951 2693 ram
974 2667 1011 2693 ut
1035 2661 1088 2692 hic
1111 2671 1179 2693 esse
1206 2661 1404 2698 addendum,
1430 2661 1506 2700 quia
1529 2659 1583 2689 Ci-

880 2715 955 2735 cero
977 2705 1012 2735 in
1027 2705 1087 2735 tali
1110 2705 1215 2735 forma
1236 2703 1321 2734 solet
1344 2707 1507 2743 repetere:
1533 2711 1583 2732 re-

879 2748 949 2788 peri
977 2747 1112 2778 tandem
1143 2747 1175 2777 id
1201 2747 1310 2787 ipsum
1339 2745 1374 2774 in
1406 2743 1458 2775 ed.
1482 2743 1582 2774 Rom.

881 2790 968 2820 unde
984 2790 1125 2829 recipere
1141 2798 1207 2819 non
1223 2788 1382 2820 dubitavi.

923 2834 964 2865 47
987 2832 1098 2863 Roma
1126 2841 1315 2871 acceperam
1339 2826 1467 2867 literas]
1493 2825 1583 2859 Lite.

882 2883 940 2904 ras
955 2874 1036 2905 mihi
1052 2880 1240 2914 suspectum
1255 2878 1303 2905 est
1317 2871 1356 2903 de
1378 2871 1497 2910 glossa,
1517 2869 1581 2907 vel,
