1940 3231
730 89 938 133 L1BER
981 89 1014 131 1.
1199 89 1203 93 ·
1522 93 1601 143 sos

157 194 242 247 nis,
263 194 458 238 obtinere
479 203 523 238 et
544 211 797 239 conservare
819 195 1054 252 patiantur.
1103 192 1188 235 Sed
1211 192 1319 249 quid
1340 208 1424 252 ego
1445 203 1488 237 te
1508 195 1606 238 haec

167 252 333 306 hor·,to1
355 270 451 310 quae
478 265 521 296 tu
546 270 631 296 non
657 254 785 295 modo
809 255 950 294 tacere
972 263 1094 309 potes
1118 261 1194 292 tua
1222 263 1378 307 sponte
1410 254 1500 294 sine
1530 269 1607 295 cu-

157 287 365 396 jusquain
399 313 640 369 praeceptis,
665 311 735 352 sed
768 311 898 352 etiam
929 324 1088 367 magna
1113 309 1206 365 jam
1230 323 1283 350 ex
1313 321 1433 365 pute
1465 311 1606 366 perfe-

163 368 290 411 cisti?
323 385 405 411 non
429 372 544 411 enim
576 369 788 432 desistunt
819 367 944 409 nobis
976 381 1102 424 agere
1123 366 1369 422 quotidieo
1345 368 1502 407 oratias
1525 368 1606 409 ho·-

167 427 423 468 nestissimae
455 437 498 467 et
530 427 645 468 maxi
653 441 732 468 mae
766 427 1017 467 societzzites
1051 424 1166 479 quod
1197 424 1369 479 quidem
1405 425 1507 465 mihi
1542 426 1606 466 id·-

163 483 280 524 circo
306 484 542 539 jucundius
577 494 655 534 est,
688 485 804 539 quod
839 483 951 524 idem
986 482 1151 523 faciunt
1187 481 1349 522 Graeci.
1418 481 1607 524 Difficile

162 550 226 580 est
250 550 408 592 autem,
431 556 493 592 ea,
517 556 612 596 quae
637 541 891 592 commodis,
916 540 1118 591 utilitate,
1142 550 1184 580 et
1213 554 1346 595 prope
1369 549 1520 580 natura
1541 540 1608 581 di-

161 611 284 639 versa
305 607 417 649 sunt,
443 613 508 639 vo
499 598 661 640 'unt-ate
689 599 970 663 conjungere.
1031 597 1092 638 At
1123 611 1172 638 ea
1193 598 1384 661 quidem,
1407 613 1503 653 quae
1536 612 1608 638 su-

163 669 241 711 pra
262 656 422 711 scripta
445 667 557 706 sunt,
575 671 659 697 non
684 666 731 697 ut
752 667 794 697 te
817 655 1102 705 instituerem,
1122 656 1288 707 smipsi,
1309 659 1467 710 (neque
1490 655 1609 697 enim

163 712 393 768 prudentia
425 723 498 754 tua
534 714 788 769 cujusquam
825 723 1042 769 praecepta
1074 687 1321 762 desiderat)
1353 713 1423 754 sed
1462 727 1529 754 me
1563 713 1610 755 in

162 769 391 812 scribendo
434 772 791 812 commemoratio
834 781 919 811 tuae
956 770 1127 810 xirtutis
1165 769 1420 812 delectavit:
1460 785 1612 826 quam-

164 841 294 882 quam
318 827 361 869 in
387 827 451 869 his
474 829 625 871 litteris
649 829 820 886 lone-im
843 827 921 879 fui,
943 842 1073 882 quam
1100 836 1174 868 aut
1196 826 1362 877 v‚ellem
1384 839 1459 868 aut
1481 843 1611 883 quam

162 898 234 925 me
270 887 419 941 putavi
454 886 561 929 for.e
621 862 769 928 Unum
804 895 882 936 est,
904 885 1020 940 quod
1056 885 1136 926 tibi
1159 899 1241 940 ego
1263 886 1501 941 praecipe1e
1523 901 1608 927 non
1629 893 1678 932 13

163 941 374 1008 desinam,
406 958 547 1000 neque
580 954 622 986 te
653 945 793 1001 patiar
824 947 1054 998 (quantum
1088 943 1133 983 in
1168 957 1237 983 me
1269 943 1369 993 erit)
1403 958 1503 984 cum
1535 958 1612 985 ex-

164 1002 369 1065 ceptione
390 1002 740 1044 lauda1i.omnes
762 1003 894 1052 enim,
916 1000 990 1056 qui
1014 999 1142 1041 istinc
1165 1000 1360 1052 veniunt,
1380 1001 1441 1042 ita
1461 1001 1515 1043 de
1538 1011 1614 1043 tua

167 1057 344 1109 virtute,
376 1059 641 1116 integritate,
673 1058 943 1100 humanitate
979 1068 1337 1109 commemorant,
1369 1067 1418 1099 ut
1450 1059 1494 1100 in
1527 1059 1613 1100 tuis

168 1116 347 1157 summis
370 1093 568 1158 laudibus
591 1117 815 1173 excipiant
836 1130 967 1156 unam
998 1115 1280 1157 iracundiam.
1303 1116 1417 1171 quod
1443 1117 1614 1183 vitium,

167 1187 267 1215 cum
306 1174 348 1216 in
386 1174 469 1216 hac
502 1175 687 1231 privata-
708 1173 1064 1230 quotidianaque
1081 1173 1173 1214 vita
1205 1173 1311 1214 levis
1351 1188 1441 1214 esse
1480 1176 1615 1216 animi

168 1239 298 1286 atque
338 1231 495 1273 infirmi
532 1232 728 1275 videtur:
761 1241 853 1273 tum
890 1245 991 1272 vero
1028 1230 1137 1272 nihil
1175 1241 1240 1272 est
1279 1241 1365 1273 tam
1406 1231 1615 1284 defonne,

162 1302 295 1344 quam
316 1290 369 1331 ad
391 1304 605 1332 summum
631 1291 860 1346 imperium
882 1289 1013 1330 etiarn
1036 1289 1317 1330 acerbitatem
1341 1298 1506 1332 natuiae
1541 1291 1616 1332 ad-

160 1360 363 1403 jungere.
427 1347 573 1395 Quare
603 1348 706 1389 illud
740 1363 826 1389 non
859 1346 1106 1403 suscipiam,
1137 1356 1198 1398 ut,
1227 1362 1325 1403 quae
1359 1347 1412 1389 de
1445 1348 1618 1390 iracun-

169 1403 242 1445 dia
272 1405 359 1447 dici
393 1406 532 1447 solent
553 1421 578 1447 a
607 1405 868 1447 doctissimis
899 1404 1166 1456 hominibus,
1198 1419 1248 1445 ea
1280 1405 1359 1446 tibi
1394 1420 1507 1447 nunc
1538 1421 1616 1448 ex-

168 1476 345 1528 ponam,
368 1478 466 1504 cum
499 1473 542 1504 et
573 1464 701 1504 nimis
732 1463 888 1520 longus
919 1476 1010 1503 esse
1041 1462 1190 1513 nolim,
1219 1472 1262 1503 et
1292 1478 1346 1504 ex
1379 1463 1615 1506 mult01um

170 1519 343 1576 scr'iptis
379 1535 429 1562 ea
465 1520 591 1562 facile
629 1536 764 1577 possis
797 1524 1134 1576 59cognosce1e:
1167 1521 1282 1585 quod
1321 1530 1386 1561 est
1417 1521 1658 1577 epistolaeb

169 1578 409 1642 proprium,
449 1589 494 1619 ut
534 1579 585 1630 is,
624 1579 678 1621 ad
710 1593 836 1635 quem
883 1578 1100 1629 sciibitur,
1141 1577 1194 1618 de
1236 1578 1287 1618 iis
1330 1579 1470 1630 rebus,
1507 1595 1613 1636 quas

168 1634 357 1691 ignorat,
379 1636 538 1678 certior
560 1636 650 1688 fiat,
674 1635 1094 1693 1)1··aete1mitte11dum
1117 1650 1208 1676 esse
1239 1650 1325 1676 non
1358 1646 1478 1691 puto.
1541 1638 1616 1679 Sic

169 1692 222 1733 ad
246 1708 323 1734 nos
355 1709 504 1735 omnes
536 1694 624 1736 fere
654 1694 868 1746 deferunt,
891 1693 1014 1745 nihil,
1037 1708 1133 1734 cum
1167 1693 1282 1735 absit
1313 1694 1548 1746 iracundia,
1572 1705 1615 1737 te

169 1749 261 1791 fieri
286 1766 410 1808 posse
434 1751 689 1807 jucundius.
721 1753 815 1794 sed
810 1766 922 1793 cum
946 1761 988 1792 te
1006 1750 1200 1816 ‘alicujus
1232 1750 1487 1817 implobitas
1520 1767 1615 1809 per-

171 1809 436 1866 ·weisitasque
467 1824 562 1851 com
571 1811 769 1862 :rumex-it,
791 1811 852 1851 sic
883 1818 926 1850 te
946 1808 1093 1850 animo
1115 1808 1304 1861 incitari,
1327 1819 1375 1850 ut
1396 1811 1451 1851 ab
1474 1812 1615 1852 omni-

170 1865 252 1906 bus
286 1875 361 1908 tua
392 1867 656 1909 desideretur
687 1867 950 1910 humanitas.
1012 1867 1159 1914 Quam
1190 1867 1396 1922 quoniam
1436 1867 1480 1909 in
1519 1883 1616 1911 eam

171 1923 384 1966 lationem
426 1924 528 1967 vitae
570 1940 650 1967 nos
691 1940 778 1967 non
822 1935 910 1966 tam
953 1924 1169 1981 cupiditas
1205 1925 1404 1980 quaedam
1448 1925 1615 1982 gloriae,

170 1995 300 2035 quam
333 1997 396 2023 res
428 1982 522 2039 ipsa
552 1998 602 2024 ac
634 1982 808 2025 fortuna
837 1982 1035 2033 deduxit,
1066 1991 1115 2024 ut
1146 1983 1432 2039 sempiternus
1474 1999 1616 2026 sermo

171 2037 398 2081 hominum
429 2041 482 2081 de
514 2041 639 2082 nobis
670 2040 841 2083 futurus
883 2041 968 2093 sit;
1006 2054 1249 2092 caveamus,
1281 2051 1492 2107 quantum
1523 2042 1618 2084 effi-

172 2110 270 2139 cere
300 2106 343 2139 et
374 2098 580 2154 consequi
611 2113 854 2156 possumuS,
886 2107 935 2140 ut
964 2112 1018 2139 ne
1049 2098 1164 2154 quod
1205 2099 1247 2140 in
1282 2098 1408 2140 nobis
1445 2100 1617 2156 insigne

175 2154 329 2196 sitium
371 2155 505 2197 fuisse
541 2156 725 2198 dicatur.
750 2156 942 2222 Neque
983 2171 1066 2212 ego
1107 2170 1223 2197 nunc
1262 2154 1346 2198 hoc
1383 2134 1618 2221 contemndo,

173 2212 291 2267 quod
327 2212 508 2255 fortasse
539 2229 639 2256 cum
677 2214 720 2256 in
761 2215 880 2256 omni
919 2223 1087 2265 ηιῑυτει,
1127 2223 1218 2254 tum
1255 2214 1351 2270 jam
1390 2215 1434 2256 in
1471 2225 1619 2258 nostra

176 2279 307 2311 aetate
336 2270 512 2313 difficile
543 2280 622 2324 est,
645 2282 811 2314 mutare
843 2271 1051 2323 animum,
1076 2280 1118 2312 et
1150 2271 1183 2314 si
1215 2271 1319 2328 quid
1350 2281 1415 2313 est
1447 2274 1618 2329 penitus

174 2327 354 2369 insitum
392 2329 598 2394 moribus,
632 2329 675 2371 id
714 2329 859 2372 subito
897 2329 1104 2371 exellere:
1138 2330 1210 2371 sed
1248 2338 1290 2371 te
1329 2330 1433 2372 illud
1470 2332 1620 2374 admo-

176 2398 275 2435 neo,
297 2388 338 2417 00
351 2395 410 2438 ut
434 2387 468 2428 si
499 2387 584 2428 hoc
615 2387 742 2443 plane
767 2387 901 2429 vitare
931 2402 1018 2429 non
1051 2397 1189 2443 potes,
1212 2388 1327 2443 quod
1359 2388 1459 2430 ante
1490 2405 1622 2432 occu-

177 2452 305 2498 patur
327 2445 494 2486 animus
517 2446 572 2486 ab
593 2444 829 2498 iracundia,
850 2460 980 2502 quam
1004 2445 1229 2502 providere
1252 2445 1361 2487 latio
1387 2447 1545 2502 potuit,
1566 2462 1621 2490 ne

179 2513 481 2565 occupaietur,
516 2514 564 2544 ut
597 2511 639 2544 te
677 2513 777 2545 ante
809 2517 1049 2560 compares,
1082 2503 1364 2568 quotidieque
1401 2505 1624 2557 meditere,

181 2558 465 2602 resistendum
492 2575 584 2603 esse
613 2561 881 2614 iracundiae,
912 2575 1100 2617 cumque
1128 2575 1180 2602 ea
1209 2561 1402 2603 maxime
1431 2563 1626 2605 animum

223 2675 263 2707 59
285 2682 491 2712 cognoscere.
514 2676 612 2714 illud,
627 2676 714 2716 quod
733 2679 779 2707 est
803 2675 876 2726 &c3]
923 2676 958 2707 in
973 2675 1080 2708 altera
1096 2681 1190 2717 parte
1205 2675 1328 2716 periodi
1344 2677 1438 2718 quod.
1456 2682 1531 2708 tum
1547 2688 1625 2710 mox

181 2713 298 2746 Delevi
320 2717 382 2747 hoc
404 2719 500 2756 illud,
517 2723 644 2749 temere
666 2730 684 2750 e
706 2719 881 2760 superiori·
924 2729 984 2760 pro
999 2721 1134 2758 ignorat
1148 2719 1356 2750 scribendum
1373 2726 1423 2751 est
1437 2721 1580 2759 ignoret.
1598 2733 1601 2735 ·

182 2758 241 2788 bus
264 2760 455 2799 repetitum,
471 2765 528 2792 aut
550 2772 570 2792 a
586 2762 767 2801 glossatore
790 2761 881 2793 addi·
966 2763 1007 2793 60
1028 2766 1079 2801 ut,
1094 2763 1205 2794 ,η’-ηε
1219 2767 1446 2802 occupat-,etur
1460 2767 1499 2794 ut
1515 2768 1546 2794 ie
1564 2766 1627 2794 an-

180 2803 266 2832 tum.
313 2801 393 2833 Haee
409 2809 459 2834 est
474 2810 617 2843 pepetua
631 2804 738 2836 forma
749 2805 881 2844 elegan-
924 2809 955 2836 te
979 2805 1097 2846 comp]
1126 2805 1279 2836 Alterum
1308 2809 1347 2836 ut
1370 2805 1462 2837 abest
1487 2806 1531 2837 ab
1554 2806 1628 2838 edd.

180 2843 237 2874 ᾔει
260 2844 410 2876 Ciceroni
403 2856 497 2884 ¹,anae
513 2847 600 2877 illud
621 2847 669 2878 vel
694 2847 740 2884 id,
763 2847 881 2880 deinde
925 2853 1007 2879 vett
