1940 3231
715 99 921 139 LIBER
966 101 1014 137 [Ι.
1508 105 1585 141 919

139 204 336 261 mihique
358 212 404 246 ut
427 204 540 246 idem
564 204 766 255 facerem,
788 205 936 245 suasit.
974 204 1178 245 Crassum
1200 201 1420 243 consulem
1442 217 1495 244 ex
1521 219 1585 245 se-

136 273 242 304 natu
282 263 460 304 domum
500 263 676 304 reduxi:
715 262 906 318 suscepit
935 276 1049 303 rem:
1088 260 1288 314 dixitque
1323 274 1429 310 esse,
1468 262 1586 316 quod

142 319 323 361 Clodius
346 320 429 361 hoc
452 330 646 376 tempore
667 331 844 375 cuperet
868 333 942 376 per
964 333 1022 369 se,
1041 327 1084 359 et
1109 332 1181 374 per
1202 317 1461 372 Pompeium
1480 334 1586 359 con-

138 378 285 433 sequi:
320 387 471 433 putare
494 392 552 428 se,
575 377 608 417 si
633 391 717 433 ego
739 392 837 417 eum
860 392 945 418 non
967 377 1236 432 impedirem,
1259 389 1384 430 posse
1406 389 1472 414 me
1495 376 1586 416 adi-

137 435 248 489 pisci
270 434 360 475 sine
378 434 658 476 contentione
676 435 792 490 quod
817 434 983 477 vellem.
1016 443 1155 474 totum
1181 433 1218 473 ei
1243 431 1466 487 negotium
1492 447 1587 488 per-

134 492 252 543 misi,
276 506 430 548 meque
452 493 494 533 iu
518 491 610 547 ejus
636 502 851 548 potestate
872 492 965 533 dixi
990 491 1096 532 fore,
1147 489 1355 530 Interfuit
1375 489 1476 530 huic
1499 504 1585 530 ser-

135 550 257 590 moni
284 549 334 590 P.
359 549 539 590 Crassus
561 550 824 600 adolescens,
848 551 982 591 nostri
1006 553 1074 602 (ut
1102 548 1204 598 scis)
1227 547 1585 589 studiosissimus,

139 604 253 648 Illud
284 615 443 657 autem,
466 607 582 662 quod
611 608 733 664 cupit
755 607 949 658 Clodius,
971 618 1036 647 est
1063 606 1223 661 legatio
1247 604 1413 659 aliqua:
1447 605 1481 645 si
1505 605 1586 645 mi-

135 677 218 706 nus
252 678 326 720 per
348 674 559 716 senatum,
583 679 657 721 per
689 665 913 721 populum,
941 665 1088 714 libera,
1111 673 1186 704 aut
1208 662 1487 718 Byzantium,
1511 670 1587 703 aut

134 722 190 763 ad
214 722 511 778 Brogitarum,
534 733 609 764 aut
634 732 877 778 utrumque.
926 722 1060 763 Plena
1078 735 1142 761 res
1168 734 1411 761 numorum.
1453 720 1587 766 Quod

135 792 218 834 ego
238 794 323 820 non
348 780 532 821 nimium
556 780 720 831 laboro,
740 780 909 821 etiamsi
932 780 1072 820 minus
1095 792 1313 833 assequor,
1333 777 1448 832 quod
1471 777 1584 818 volo.

138 836 376 893 Pompeius
410 847 553 879 tamen
586 853 685 879 cum
718 837 875 879 Crasso
907 838 1076 878 locutus
1109 846 1186 877 est.
1220 835 1419 876 videntur
1451 849 1586 890 nego-

135 894 247 935 tium
283 896 536 951 suscepisse.
569 895 603 936 si
626 895 884 951 perficiunt:
917 895 1096 951 optime.
1130 895 1193 934 sin
1229 894 1397 933 minus:
1431 893 1484 933 ad
1507 907 1587 933 no-

137 962 274 993 strum
298 952 455 994 Jovem
480 963 760 994 revertamur.
821 952 877 993 A.
901 953 942 993 d.
970 951 1122 993 mid.
1148 950 1259 991 Maii
1287 960 1458 990 senatus
1481 965 1587 991 con-

137 1009 298 1050 sultum
318 1022 383 1051 est
402 1010 566 1052 sactum
587 1011 639 1052 de
658 1011 826 1051 ambitu
850 1011 894 1051 in
914 1010 1082 1051 Afranii
1107 1007 1380 1057 sententiam,
1403 1009 1585 1063 47qua1n

134 1081 219 1124 ego
241 1067 453 1119 dixeram,
475 1083 576 1109 cum
605 1078 653 1109 tu
687 1069 878 1110 adesses:
913 1068 985 1109 sed
1013 1081 1171 1122 magno
1195 1080 1293 1106 cum
1329 1065 1494 1120 gemitu
1520 1079 1585 1106 se-

134 1134 278 1166 natus.
333 1125 543 1167 Consules
569 1140 654 1166 non
685 1135 786 1166 sunt
809 1125 1022 1182 persecuti
1046 1139 1195 1165 eorum
1218 1123 1477 1164 sententias:
1510 1124 1584 1178 qui

134 1182 318 1223 Afranio
350 1197 449 1224 cum
480 1194 624 1224 essent
654 1184 830 1235 assensi,
873 1183 1146 1233 addiderunt,
1188 1191 1237 1222 ut
1277 1190 1482 1236 praetores
1524 1183 1587 1221 ita

135 1250 398 1292 crearentur,
440 1243 481 1272 48
498 1250 545 1281 ut
577 1242 666 1281 dies
703 1256 762 1282 Lx
799 1242 955 1297 privati
988 1250 1143 1281 essent.
1184 1254 1235 1280 eo
1268 1239 1336 1279 die
1370 1237 1584 1278 Catonem

134 1297 265 1353 plane
288 1298 582 1354 repudiarunt.
646 1299 766 1346 Quid
799 1299 964 1341 multa?
997 1308 1146 1340 tenent
1168 1296 1340 1338 omnia:
1373 1295 1503 1352 idque
1524 1296 1585 1336 ita
1598 1300 1629 1331 b-

134 1370 285 1397 omnes
307 1355 549 1413 intelligere
572 1355 737 1399 volunt.

651 1458 764 1495 ARG
771 1457 1061 1495 UMENTUM.
1608 1443 1655 1480 10

145 1519 356 1569 Respondet
375 1522 536 1571 epistolce
556 1522 698 1565 Quinti,
716 1535 789 1571 qua
806 1535 843 1558 se
862 1527 1019 1558 metuere
1037 1523 1246 1570 scripserat,
1266 1532 1310 1557 ne
1328 1532 1408 1556 eum
1427 1520 1561 1556 litteris

713 1576 786 1611 suis
804 1575 1023 1623 interpellet.

509 1641 771 1691 MARCUS
806 1643 864 1689 Q.
897 1641 1128 1684 FRATRI
1162 1641 1206 1684 S.

131 1697 224 1752 TU
246 1710 418 1762 metuis,
441 1725 494 1752 ne
516 1726 584 1752 me
609 1711 882 1768 interpelles?
906 1711 1062 1767 primo,
1084 1714 1125 1745 49
1141 1711 1175 1752 si
1199 1711 1241 1752 in
1267 1710 1349 1751 isto
1369 1724 1521 1761 essem,
1538 1718 1586 1752 tu

131 1768 230 1818 scis,
252 1768 355 1823 quid
380 1769 435 1809 sit
457 1769 745 1825 interpellare.
806 1769 877 1809 An
914 1779 956 1810 te
980 1769 1161 1811 Ateius?
1197 1768 1441 1809 mehercule
1475 1768 1583 1809 mihi

134 1825 341 1867 50docere
385 1826 599 1868 videbaris
631 1827 754 1868 istius
795 1827 964 1883 generis
998 1827 1341 1868 humanitatem:
1375 1841 1459 1881 qua
1490 1826 1587 1881 qui-

136 1883 236 1924 dem
267 1897 350 1939 ego
382 1884 493 1925 nihil
524 1894 622 1925 utor
643 1886 721 1926 abs
745 1895 800 1926 te.
862 1883 929 1926 Tu
954 1899 1069 1936 vero,
1095 1895 1139 1926 ut
1160 1899 1228 1925 me
1251 1893 1293 1924 et
1316 1883 1519 1939 appelles,
1542 1893 1587 1925 et

134 1940 398 1997 inte1·peileS‚
421 1951 463 1982 et
487 1941 739 1998 obloquare,
764 1952 808 1983 et
838 1942 1100 1997 colloquare,
1125 1942 1266 1984 velim.
1329 1941 1446 1988 Quid
1469 1941 1586 1982 enim

131 1997 241 2040 mihi
274 2000 477 2042 suavius?
511 2000 612 2041 Non
644 2000 889 2042 mehercule
911 2001 1140 2056 quisquam
1159 2002 1426 2053 μεσοποέτοικτος
1449 1998 1586 2040 liben-

132 2056 221 2097 tius
254 2071 331 2097 sua
360 2058 550 2098 recentia
582 2058 785 2114 poemata
815 2058 936 2114 legit,
968 2074 1097 2114 quam
1131 2072 1213 2114 ego
1246 2067 1288 2097 te
1320 2056 1448 2098 audio
1480 2071 1586 2112 qua-

133 2128 322 2169 cumque
364 2114 417 2155 de
459 2129 518 2166 re,
562 2116 752 2172 publica,
798 2116 981 2172 privata,
1026 2117 1199 2166 rustica,
1243 2114 1423 2155 urbana.
1500 2114 1586 2156 Sed

132 2185 233 2213 mea
286 2171 451 2213 factum
494 2182 559 2214 est
602 2173 762 2215 insulsa
807 2174 1081 2225 verecundia,
1126 2184 1173 2215 ut
1219 2183 1261 2213 te
1304 2171 1584 2227 proficiscens

131 2243 222 2270 non
268 2229 476 2271 tollerem.
557 2230 818 2288 Opposuisti
862 2231 993 2272 semel
1032 2234 1241 2272 ἀπείπατο,
1284 2244 1473 2280 eausam,
1508 2230 1585 2271 Ci-

132 2287 304 2328 ceronis
347 2288 484 2328 nostri
517 2288 829 2341 valitudinem3
873 2288 1084 2330 conticui.
1128 2288 1285 2328 iterum
1320 2286 1582 2329 Cicerones:

133 2344 295 2400 quievi.
360 2345 490 2387 Nunc
532 2347 640 2388 mihi
676 2347 968 2403 jucunditatis
1012 2346 1140 2402 plena
1170 2343 1354 2401 epistola
1391 2344 1474 2386 hoc
1510 2345 1586 2386 ad-

132 2403 290 2459 spersit
329 2403 558 2456 molestiae,
593 2406 708 2460 quod
747 2405 918 2457 videris,
961 2419 1015 2445 ne
1057 2402 1165 2444 mihi
1210 2401 1414 2443 molestus
1457 2416 1584 2454 esses,

132 2460 296 2501 veritus
327 2475 434 2513 esse,
466 2471 597 2518 atque
627 2463 759 2504 etiam
791 2477 907 2504 nunc
939 2462 1090 2504 vereri.
1154 2459 1393 2515 Litigaiem
1425 2470 1586 2512 tecum,

131 2517 167 2558 si
187 2517 251 2559 fas
274 2528 405 2562 esset:
440 2519 514 2561 sed
535 2517 781 2563 mehercule
804 2521 916 2563 istuc
941 2521 975 2562 si
1002 2532 1207 2575 umquam
1230 2517 1474 2574 suspicatus
1497 2533 1585 2570 ero,

170 2667 213 2698 47
236 2674 337 2705 quam
350 2675 409 2705 ego
422 2666 589 2707 dixeram]
614 2667 704 2699 Tibi.
922 2670 963 2698 50
985 2667 1095 2697 docere
1121 2665 1224 2696 videb.
1258 2665 1352 2696 istius
1370 2666 1502 2704 generis
1524 2665 1585 2695 hu-

172 2710 215 2738 43
238 2711 276 2737 uc
290 2708 356 2737 dies
376 2718 432 2739 Lx.
451 2711 580 2749 privati
594 2710 710 2750 essent]
737 2720 780 2742 sc.
796 2710 837 2741 ab
881 2710 1091 2749 manitatem]
1118 2718 1164 2739 se.
1181 2708 1278 2738 Ateio
1302 2708 1360 2738 illo
1376 2717 1461 2747 saepe
1485 2707 1588 2738 inter-

128 2748 222 2780 adito
245 2750 455 2790 magistratu,
471 2762 515 2782 sc.
538 2758 578 2783 ut
594 2754 739 2784 accusari
762 2763 836 2794 pos·
880 2753 1030 2794 pellante
1047 2751 1255 2783 admittendo
1270 2755 1304 2781 et
1328 2760 1395 2780 non
1410 2749 1587 2789 indignan-

130 2797 219 2829 sent‚
235 2793 261 2822 si
277 2793 441 2825 ambitum
456 2795 624 2826 fecissent.
881 2796 936 2833 do,
951 2801 984 2826 et
1000 2795 1162 2825 facilitate
1177 2792 1376 2826 admittendi
1394 2796 1430 2824 et
1452 2791 1588 2828 audieu-

173 2838 216 2869 49
236 2836 264 2865 sa·
286 2837 321 2866 in
342 2836 402 2866 isto
424 2838 536 2878 essem]
563 2838 596 2868 Si
619 2838 668 2868 ita
689 2849 739 2869 res
755 2847 837 2869 meae
881 2838 927 2877 di,
942 2839 998 2878 qui
1013 2836 1240 2880 interpellent.

129 2885 164 2908 se
178 2877 350 2916 haberent,
364 2884 403 2912 ut
416 2880 622 2922 interpellari
637 2890 778 2922 possem.

800 2929 932 2967 354
