1940 3231
700 119 931 170 ,LIBER
964 118 1018 159 11.
1519 129 1596 172 499

147 235 247 272 tum
263 226 480 283 judicium
502 226 723 276 minatur.-
764 224 876 279 Cum
900 224 984 265 hoc
1007 223 1241 280 Pompeius
1263 225 1369 281 egit,
1387 235 1445 278 et,
1466 237 1515 270 ut
1535 229 1589 271 ad

154 298 226 326 me
247 287 338 341 ipse
360 285 584 335 referebat,
598 282 755 335 (alium
779 282 895 324 enim
917 282 1056 323 habeo
1076 282 1291 324 neminem
1313 287 1499 335 testem‚)
1521 301 1590 327 ve-
1602 305 1633 337 p.
1649 297 1700 329 37,

153 341 378 390 hementer
405 343 510 397 egit,
539 354 637 385 cum
658 339 837 391 diceret,
858 340 902 380 in
927 352 1095 380 summa
1117 353 1160 380 se
1182 339 1374 396 perfidiae
1397 349 1440 381 et
1462 342 1590 383 scele-
1603 349 1632 369 ²³·

152 400 212 440 ris
235 399 414 442 infamia
436 399 540 449 fore,
571 398 606 438 si
636 396 742 438 mihi
776 396 1014 452 periculum
1042 406 1258 438 crearetur
1287 398 1341 438 ab
1372 412 1438 448 eo,
1463 413 1591 453 quem

155 457 248 514 ipse
269 464 492 507 armasset,
507 469 606 500 cum
631 454 847 511 plebeium
869 454 958 495 fieri
984 469 1131 510 passus
1154 464 1289 496 esset:
1314 457 1352 485 55
1367 455 1440 496 sed
1463 455 1593 498 fidem

157 514 368 570 recepisse
389 512 470 560 sibi
497 521 542 558 et
563 512 721 568 ipsum,
743 521 787 554 et
807 511 999 568 Appium
1024 512 1076 552 de
1100 526 1190 555 me:
1223 511 1335 553 hanc
1358 512 1390 552 si
1416 511 1484 553 ille
1508 528 1596 554 non

157 580 357 623 servaret,
380 570 442 610 ita
461 569 662 621 laturum,
685 578 733 611 ut
754 584 902 610 omnes
927 568 1229 624 intelligerent,
1253 569 1360 610 nihil
1381 569 1597 618 sibianti·

155 629 280 685 quius
311 627 506 674 amicitia
535 637 682 668 nostra
712 626 859 668 fuisse.
920 626 1050 677 Haec,
1072 626 1179 669 etin
1212 641 1306 667 eain
1338 628 1594 675 sententiam

158 699 260 730 cum
279 685 416 726 multa
437 684 633 736 dixisset,
658 684 802 725 aiebat
824 683 941 724 illum
967 684 1105 741 primo
1126 698 1226 724 sane
1245 685 1316 725 diu
1339 684 1474 726 multa
1494 700 1598 727 con-

155 754 247 792 tra:
280 742 332 783 ad
362 751 608 787 extremum
635 751 778 783 autem
811 756 962 782 manus
987 741 1169 792 dedisse,
1191 751 1234 782 et
1263 742 1511 793 affirmasse,
1532 743 1598 783 ni-

152 799 213 842 hil
238 814 282 840 se
303 809 458 841 contra
479 799 573 855 ejus
597 799 864 840 voluntatem
888 813 979 840 esse
1002 798 1233 840 facturum.
1266 800 1338 839 sed
1363 810 1512 854 postea
1536 811 1599 840 ta-

151 856 344 899 men.ille
370 872 459 898 non
479 857 649 898 destitit
671 857 724 898 de
746 857 872 898 nobis
895 856 1128 912 asperrime
1150 855 1284 912 loqui.
1316 857 1430 912 quod
1455 857 1489 898 si
1512 872 1602 901 non

154 913 331 966 faceret,
356 926 501 955 tamen
519 914 559 959 ei
580 914 690 955 nihil
705 914 1001 956 crederemus:
1024 923 1155 969 atque
1176 914 1336 964 omnia,
1360 915 1472 955 sicut
1494 914 1599 955 faci-

147 987 265 1024 mus,
288 987 549 1028 pararemus.
582 986 696 1013 nunc
720 973 781 1012 ita
803 985 880 1012 nos
903 972 1106 1027 gerinmS,
1141 982 1188 1011 ut
1221 972 1264 1012 in
1294 972 1383 1012 dies
1407 972 1598 1028 singulos

151 1039 199 1073 et.
220 1030 363 1071 studia
384 1030 427 1070 in
452 1044 529 1070 nos
553 1029 793 1080 hominum,
826 1038 871 1069 et
893 1042 996 1084 opes
1019 1038 1177 1069 nostrae
1204 1038 1456 1084 augeantur.
1489 1044 1600 1071 rem·

154 1087 377 1144 publicam
400 1086 516 1129 nulla
541 1101 596 1128 ex
627 1095 747 1143 parte
776 1086 1046 1142 attingimus.
1079 1085 1122 1126 in
1150 1087 1288 1127 causis
1311 1096 1440 1141 atque
1464 1087 1505 1127 in
1529 1087 1601 1129 illa

148 1159 288 1201 opera
309 1154 456 1191 nostra
478 1144 637 1186 forensi
657 1158 825 1185 summa
845 1143 1057 1183 industria
1079 1157 1312 1184 versamur.
1343 1144 1459 1198 quod
1479 1159 1602 1200 egre·

155 1204 243 1259 gie,
274 1218 360 1244 non
389 1202 518 1243 modo
549 1201 616 1252 iis,
645 1201 720 1256 qui
750 1210 930 1242 utuntur
957 1215 1102 1256 opera,
1125 1200 1197 1240 sed
1222 1200 1354 1241 etiam
1378 1201 1421 1242 in
1446 1203 1598 1257 vulgus

154 1269 329 1316 gratum
381 1273 474 1300 esse
523 1258 747 1300 sentimus.
798 1258 953 1299 domus
1003 1258 1270 1299 celebratur:
1324 1259 1566 1300 occurritur
1589 1276 1599 1305 ;

157 1329 389 1367 renovatur
430 1316 640 1357 memoria
681 1316 956 1357 consulatus:
1000 1314 1141 1356 studia
1183 1315 1507 1371 significantur:
1556 1317 1600 1357 in

152 1390 251 1422 ,eam
294 1389 413 1431 spem
456 1373 725 1424 adducimur,
760 1383 807 1414 ut
843 1373 970 1414 nobis
1012 1388 1062 1413 ea
1103 1373 1345 1424 contentio,
1380 1388 1478 1428 quae
1522 1374 1599 1414 irn-

158 1432 334 1488 pendet‚
368 1431 584 1472 interdum
629 1445 714 1472 non
757 1430 965 1486 fugienda
1008 1430 1216 1471 videatur.
1253 1445 1370 1472 nunc
1410 1430 1518 1473 mihi
1558 1441 1604 1477 et

154 1490 346 1534 consiliis
369 1503 478 1545 opus
501 1497 567 1529 est
589 1491 689 1539 tuis,
719 1498 762 1529 et
785 1502 946 1539 amore,
975 1497 1016 1528 et
1042 1487 1140 1528 fide.
1172 1502 1304 1543 quare
1326 1487 1493 1529 advola.
1524 1502 1601 1529 ex-

154 1547 302 1603 pedit-a
337 1547 444 1588 mihi
474 1555 601 1587 erunt
633 1547 793 1596 omnia,
823 1546 855 1586 si
891 1556 932 1586 te
962 1545 1148 1586 habebo.
1182 1545 1316 1586 multa
1346 1560 1421 1601 per
1443 1546 1601 1587 Varro-

154 1619 257 1646 nem,
278 1614 474 1652 nostrum
496 1604 567 1659 agi
600 1614 927 1659 possunt,·quae
952 1613 994 1643 te
1017 1613 1198 1658 urgente
1229 1613 1356 1644 erunt
1386 1603 1600 1655 firmiorag

154 1662 369 1704 multaab
392 1662 487 1718 ipso
512 1661 669 1704 Publio
689 1661 802 1712 elici,
821 1660 958 1701 multa
973 1661 1197 1716 cognosci,
1217 1675 1314 1715 quae
1333 1661 1412 1701 tibi
1431 1662 1601 1702 occulta

151 1733 247 1761 ,esse
268 1735 354 1762 non
379 1728 581 1776 poterunt
601 1735 610 1761 ε
645 1719 778 1760 multa
800 1718 956 1770 etiam;
991 1718 1062 1759 sed
1085 1719 1321 1759 absurdum
1345 1727 1410 1759 est
1433 1718 1603 1774 singula

154 1777 398 1833 explicare:
429 1785 521 1818 tum
542 1790 625 1833 ego
647 1777 860 1831 requiram
884 1785 926 1816 te
949 1775 1000 1816 ad
1026 1775 1189 1817 omnia.
1224 1776 1369 1817 Unum
1393 1775 1496 1817 illud
1521 1777 1600 1818 tibi

153 1835 410 1891 persuadeas
432 1834 576 1886 velim,
598 1836 747 1875 omnia
775 1834 881 1875 mihi
913 1833 1006 1874 fore
1030 1833 1264 1890 explicata,
1298 1834 1330 1873 si
1362 1843 1404 1874 te
1426 1833 1596 1875 videro:

152 1893 227 1934 sed
262 1903 404 1934 totum
434 1901 500 1933 est
529 1892 571 1933 in
604 1907 672 1942 eo,
702 1892 736 1933 si
759 1903 873 1939 ante,
896 1906 1026 1947 quam
1049 1890 1260 1932 illeineat
1279 1891 1598 1947 magistratum.

155 1948 272 1992 Puto
296 1949 555 2005 Pompeium
579 1948 735 1991 Crasso
759 1958 955 2006 urgente,
979 1949 1012 1990 si
1039 1958 1084 1990 tu
1109 1948 1263 2000 aderis,
1284 1948 1359 2003 qui
1383 1963 1458 2004 per
1475 1953 1643 1996 βοῶπηι),

153 2021 210 2049 ex
233 2007 328 2063 ipso
350 2007 589 2063 intelligere
612 2008 763 2063 possis,
787 2022 872 2063 qua
900 2006 984 2048 fide
1014 2007 1069 2048 ab
1102 2006 1184 2048 illis
1219 2018 1386 2062 agatur,
1416 2020 1493 2046 nos
1524 2016 1599 2046 aut
1645 2010 1649 2014 '

154 2065 246 2110 sine
268 2064 479 2116 molestia,
501 2075 577 2106 aut
596 2075 712 2106 certe
735 2065 827 2108 sine
848 2079 992 2106 errore
1014 2065 1197 2106 futuros.
1222 2063 1420 2119 precibus
1441 2064 1596 2104 nostris

155 2131 200 2166 et
220 2122 523 2164 cohortatione
544 2137 629 2163 non
655 2122 840 2179 indiges.
872 2122 976 2178 quid
1001 2136 1097 2163 mea
1119 2121 1332 2170 voluntas,
1355 2121 1458 2176 quid
1491 2130 1598 2162 teni-

152 2194 250 2241 pus,
272 2179 376 2236 quid
399 2181 458 2221 rei
480 2179 738 2236 magnitudo
762 2180 966 2237 postulet,
993 2179 1215 2236 intelligis·
1278 2178 1346 2219 De
1376 2177 1598 2234 republica

153 2237 261 2281 nihil
295 2238 433 2279 habeo
467 2237 521 2278 ad
554 2246 595 2278 te
626 2238 827 2289 scribere,
858 2238 942 2290 nisi
973 2251 1190 2279 summum
1222 2236 1368 2277 odium
1401 2236 1596 2277 omniurn

154 2294 380 2343 hominum
407 2295 450 2335 in
473 2306 561 2346 (303,
584 2295 657 2351 qui
681 2305 829 2336 tenent
851 2294 1012 2346 omnia,
1036 2294 1290 2336 mutationis
1325 2302 1469 2334 tamen
1503 2307 1597 2349 spes

152 2352 283 2396 nulla.
317 2353 405 2404 sed,
427 2353 542 2408 quod
567 2352 694 2394 facile
713 2354 888 2404 sentias,
912 2352 1044 2394 taedet
1065 2352 1207 2408 ipsum
1229 2351 1503 2406 Pompeium,
1529 2365 1598 2390 ve-

152 2409 461 2466 hementerque
484 2412 687 2469 poenitet,
710 2425 795 2452 non
820 2410 1027 2467 provideo
1050 2409 1168 2460 satis,
1191 2423 1323 2464 quem,
1341 2409 1508 2449 exitum
1534 2407 1600 2449 fu-

153 2477 298 2512 turum
327 2476 487 2524 putem.
522 2468 593 2509 sed
617 2477 735 2510 certe
757 2467 956 2509 videntur
976 2467 1070 2508 haec
1093 2466 1237 2522 aliquo
1260 2475 1480 2522 eruptura.
1511 2465 1601 2506 Li-

152 2525 254 2568 bros
286 2525 538 2577 Alexandri,
574 2525 835 2582 negligentis
872 2524 1077 2574 hominis,
1109 2533 1152 2565 et
1182 2524 1406 2575 nonrboni
1440 2522 1599 2579 po'e‘tae,

153 2584 227 2626 sed
252 2592 395 2624 tamen
418 2596 502 2624 non
528 2582 708 2635 inutilis,
733 2583 812 2624 tibi
836 2582 995 2624 remisi.
1039 2582 1298 2623 Numerium
1322 2579 1598 2621 Numestium

153 2639 336 2682 libenter
359 2641 507 2697 accepi
531 2641 574 2681 in
598 2641 864 2692 amicitiam,
895 2649 939 2681 et
963 2639 1186 2680 hominem
1217 2653 1410 2696 gravem,
1437 2649 1477 2679 et
1503 2652 1601 2693 pru-

152 2697 343 2750 dentem,
365 2708 409 2739 et
431 2698 613 2755 dignum
639 2706 713 2740 tua
730 2697 1110 2752 commendatione
1127 2696 1335 2753 cognovi.

195 2845 235 2874 55
251 2844 419 2884 sedfidem
435 2844 602 2886 recepisse]
628 2844 776 2876 Offendit
790 2844 854 2875 hoc
897 2843 1020 2874 durius.
1053 2841 1238 2883 Egofidem
1254 2852 1312 2882 pro
1329 2840 1437 2880 glossa
1452 2839 1602 2871 delei-im.

153 2895 219 2922 me,
237 2891 272 2915 ut
291 2886 500 2922 Lambinum,
513 2888 695 2927 Popmam3
713 2896 855 2926 quorum
899 2885 938 2915 ln
963 2887 1049 2917 Ιιαηι·
1070 2885 1315 2924 fides,intelligi
1337 2887 1447 2924 potest
1469 2892 1487 2913 e
1509 2893 1542 2914 re
1567 2889 1605 2913 et

151 2928 208 2958 ille
224 2928 324 2958 edidit
335 2927 370 2968 J?
395 2929 527 2965 dedisse,
542 2929 595 2960 hic
610 2940 646 2960 re
655 2928 790 2969 fecisse,
812 2938 857 2958 sc.
900 2936 998 2958 sensu
1014 2928 1103 2960 verbi
1120 2928 1284 2968 recepisse.

158 2970 280 3005 dextra
296 2971 383 3002 data.
410 2971 491 3002 illud
507 2972 642 3003 melius:
667 2972 723 3004 sed
745 2977 860 3003 tamen

823 3013 956 3054 Kke
