1940 3231
227 1763 261 1794 p.
275 1754 350 1783 238.

349 153 427 188 834
772 149 953 189 EPIST.
981 149 1059 189 AD
1086 150 1372 198 ATTICUM,

348 255 465 295 enirn
502 251 737 306 Misenum,
758 270 857 296 cum
890 269 973 312 ego
1001 269 1136 297 essem
1170 255 1213 297 in
1238 255 1531 321 Pompeiano:
1564 255 1663 298 inde
1685 265 1784 298 ante

349 309 569 367 profectus
603 321 682 363 est,
718 327 846 367 quam
884 326 966 368 ego
996 327 1093 353 eum
1131 313 1296 354 venisse
1325 313 1527 370 cognovi.
1563 314 1634 354 sed
1669 328 1786 364 casu,

350 383 450 409 cum
472 367 656 425 legerem
682 379 774 410 tuas
798 370 974 420 litteras,
1001 370 1170 411 Hirtius
1203 380 1294 411 etat
1321 371 1434 427 apud
1466 385 1534 412 me
1557 371 1598 415 in
1625 370 1786 411 Puteo-

349 425 474 467 lano:
503 429 514 455 ¹
534 427 572 467 ei
596 426 695 482 legi,
717 435 761 468 et
781 426 866 482 egi.
902 427 1084 482 primum
1105 427 1220 482 quod
1240 429 1409 479 attinet,
1427 427 1537 469 nihil
1554 427 1660 468 mihi
1683 442 1789 468 con-

350 484 556 525 cedebat.
589 483 743 524 deinde
765 484 849 524 2ad
882 498 1108 548 summam,
1138 484 1347 526 arbitrum
1371 499 1438 526 me
1461 485 1678 527 statuebat
1699 498 1787 525 non

349 541 481 581 modo
507 540 633 594 hujus
669 540 742 590 rei,
767 540 839 581 sed
874 541 1007 581 totius
1040 541 1286 582 consulatus
1320 543 1400 583 sui.
1453 542 1566 583 Cum
1590 541 1787 583 Antonio

351 608 496 639 autem
520 598 580 638 sic
602 611 795 653 agemus,
828 607 875 638 ut
902 598 1148 654 perspiciat,
1179 599 1211 638 si
1237 599 1278 639 iu
1300 614 1351 640 eo
1374 601 1552 656 negotio
1573 599 1700 640 nobis
1722 613 1789 639 sa-

354 654 576 704 tisfecerit,
621 662 760 695 totum
804 668 872 695 me
913 654 1104 695 futurum
1148 669 1287 696 suum.
1351 633 1620 698 Dolabellam
1663 670 1788 713 spero

353 716 372 742 3
396 711 514 752 domi
544 725 650 752 esse.
713 711 955 753 Redeamus
988 713 1040 753 ad
1076 721 1268 754 nostros:
1302 713 1355 753 de
1381 714 1537 768 quibus
1561 724 1605 754 tu
1629 714 1792 755 bonam

353 783 473 824 spem
497 777 538 809 te
561 768 779 825 significas
807 769 964 810 habere
999 780 1175 825 propter
1196 769 1436 810 edictorum
1460 770 1791 812 humanitatem.

352 840 435 881 ego
468 835 612 867 autem
649 826 864 882 perspexi,
899 841 997 867 cum
1032 842 1056 867 a
1090 841 1158 868 me
1194 841 1304 868 xv11
1342 827 1440 868 Kal.
1468 827 1520 868 de
1550 825 1792 869 Puteolano

355 884 602 940 Neapolim,
636 883 788 925 Pansae
821 883 1107 925 conveniendi
1137 898 1279 935 causa,
1311 884 1656 941 proficisceretur
1688 884 1794 927 Hir-

355 941 456 991 tius,
478 955 652 982 omnem
688 941 780 997 ejus
809 956 994 982 sensum.
1029 941 1180 982 seduxi
1203 941 1334 992 enim,
1355 953 1399 982 et
1428 941 1480 982 ad
1516 956 1665 997 pacem
1697 957 1793 983 sum

354 997 621 1039 cohortatus.
644 1013 731 1044 non
754 1007 924 1054 poterat
945 998 1110 1040 scilicet
1131 1013 1303 1054 negare,
1322 1014 1366 1040 se
1387 998 1494 1040 velle
1517 1013 1690 1054 pacem;
1720 998 1794 1041 sed

355 1070 441 1105 non
465 1056 607 1097 minus
630 1071 674 1097 se
691 1065 938 1098 nostrorum
960 1070 1079 1097 arma
1101 1055 1266 1106 timere,
1282 1071 1409 1111 quam
1425 1055 1633 1098 Antonii:
1666 1066 1708 1097 et
1730 1066 1794 1098 ta-

354 1127 453 1153 men
479 1123 681 1168 utrosque
704 1116 822 1154 4non
848 1114 938 1154 sine
958 1128 1087 1154 causa
1105 1113 1355 1169 praesidium
1379 1113 1564 1165 habere;
1587 1128 1630 1154 se
1651 1122 1794 1154 autem

356 1181 538 1226 utraque
567 1185 686 1212 arma
715 1180 919 1212 metuere.
943 1171 1045 1226 quid
1070 1171 1255 1226 quaeris?
1287 1173 1356 1210 ἐδὲν
1376 1175 1472 1220 ὑγιές.
1537 1170 1601 1212 De
1624 1171 1682 1217 Q.
1705 1170 1794 1211 filio

357 1228 438 1268 tibi
463 1228 697 1270 assentior:
722 1229 831 1284 patri
852 1229 1027 1283 quidem
1044 1238 1159 1269 certe
1176 1228 1433 1284 gratissimae
1459 1231 1475 1259 5
1489 1238 1532 1269 et
1550 1228 1794 1270 bellissimae

359 1296 445 1326 tuae
477 1285 632 1327 litterae
666 1286 855 1326 fuerunt.
908 1285 1154 1327 6Caerelliae
1189 1299 1290 1326 vero
1320 1284 1446 1326 facile
1468 1285 1683 1327 satisfeci:
1714 1300 1796 1326 nec

358 1342 482 1383 valde
503 1343 695 1384 laborare
719 1343 822 1383 mihi
849 1343 938 1383 visa
958 1354 1048 1384 est:
1076 1352 1135 1394 et,
1158 1343 1191 1382 si
1217 1342 1302 1392 illa,
1324 1357 1407 1398 ego
1429 1353 1545 1384 certe
1567 1357 1652 1385 non
1676 1342 1798 1384 labo-

358 1414 509 1440 rar.em
533 1403 551 1434 7
568 1400 691 1441 istam
719 1414 833 1451 vero,
855 1415 983 1456 quam
1016 1400 1094 1441 tibi
1123 1374 1348 1441 inolestam
1351 1377 1520 1441 C>scribis
1543 1415 1649 1451 esse,
1675 1399 1798 1441 audi-

358 1467 447 1498 tam
479 1473 504 1497 a
535 1468 576 1498 te
609 1472 715 1508 esse,
738 1458 917 1499 omnino
939 1458 1140 1498 demiror.
1172 1472 1270 1498 nam
1301 1457 1416 1512 quod
1439 1472 1532 1499 eam
1557 1456 1799 1499 collaudavi

358 1515 471 1572 apud
495 1515 672 1566 amicos,
695 1515 968 1556 audientibus
998 1516 1133 1556 nibus
1164 1514 1262 1555 filiis
1296 1529 1388 1570 ejus
1420 1524 1464 1556 et
1486 1514 1675 1568 filit-1382}
1695 1520 1798 1557 mah}

357 1576 390 1612 ἐκ
412 1577 455 1613 τέ
472 1577 570 1614 αὑτέ.
595 1548 729 1627 9q1'1id
761 1582 826 1613 est
853 1573 964 1613 hoc.
955 1585 966 1603 Ρ
998 1588 1022 1627 q
1031 1572 1101 1613 uid
1123 1581 1189 1613 est
1210 1581 1370 1622 autem,
1392 1586 1469 1613 cur
1489 1587 1572 1628 ego
1595 1587 1799 1628 persona-

359 1639 428 1669 tus
451 1629 695 1671 ambulem?
719 1644 926 1685 parumne
948 1629 1067 1670 foeda
1090 1643 1273 1684 persona
1293 1640 1358 1669 est
1381 1629 1513 1684 ipsius
1537 1631 1794 1673 senectutis
1786 1633 1799 1660 Ρ

364 1686 494 1733 Quod
519 1687 679 1729 Brutus
709 1697 846 1743 rogat,
872 1696 918 1728 ut
940 1696 1039 1727 ante
1064 1686 1305 1738 Kalendas;
1337 1686 1388 1727 ad
1414 1700 1480 1726 me
1501 1701 1674 1742 quoque
1695 1688 1801 1729 scri-

365 1745 476 1800 psit.
508 1753 550 1784 et
576 1746 755 1786 fottasse
778 1744 948 1786 faciam.
980 1744 1052 1785 sed
1081 1743 1221 1799 plane,
1242 1744 1346 1799 quid
1372 1743 1488 1794 velit,
1511 1745 1671 1786 nescio.
1694 1745 1798 1800 quid

342 1805 478 1850 ‘enim
503 1801 561 1844 illi
584 1802 736 1843 afferre
757 1802 922 1842 consilii
950 1815 1138 1857 possum,
1160 1815 1259 1842 cum
1294 1801 1385 1857 ipse
1408 1814 1556 1857 egeam
1585 1803 1795 1845 consilio.
1787 1805 1801 1834 Ρ

361 1876 407 1906 et,
443 1875 544 1904 cum
582 1859 651 1900 ille
684 1874 772 1900 suae
810 1858 1125 1900 immortalitati
1161 1858 1326 1909 melius,
1358 1873 1485 1914 quarn
1521 1869 1670 1900 nostro
1691 1859 1800 1910 otio,

358 1918 654 1964 consuluerit?
688 1916 756 1957 De
789 1917 951 1973 regina,
973 1930 1118 1956 rumor
1139 1916 1456 1971 exstinguetur.
1501 1915 1568 1957 De
1592 1915 1801 1968 Flamma,

357 1981 537 2021 obsecro
556 1985 611 2025 te,
625 1974 659 2015 si
679 1974 780 2030 quid
809 1984 945 2031 potes.
980 1977 1016 2004 ¹0
1033 1972 1139 2014 Heri
1162 1973 1361 2014 dederam
1384 1973 1438 2014 ad
1462 1983 1504 2014 te
1524 1973 1688 2016 litteras
1709 1974 1803 2017 exi-

1145 2123 1164 2154 7
1187 2121 1285 2151 istam
1300 2119 1388 2159 vero]
1416 2120 1522 2150 Aliam
1540 2121 1696 2158 feminam
1712 2122 1804 2159 dicit,

1102 2167 1140 2192 ut
1152 2168 1285 2202 putant,
1301 2170 1439 2192 matrem
1456 2162 1616 2200 Publiliae,
1631 2174 1704 2204 quae
1718 2165 1804 2196 idem

404 2129 416 2157 l
444 2127 470 2156 ei
489 2126 564 2164 legi,
582 2128 612 2154 et
627 2123 692 2163 eoi]
713 2123 796 2153 Cum
812 2131 851 2152 eo
868 2121 927 2153 de
921 2123 972 2157 iis,
987 2130 1059 2159 quae

358 2169 556 2209 scripseras
575 2168 739 2206 primum,
762 2174 875 2194 omues
900 2143 972 2193 libri
991 2164 1060 2193 sine

358 2213 413 2242 ad.
437 2210 596 2249 intelligit
623 2209 692 2239 sine
717 2207 815 2238 dubio
842 2215 974 2237 causam
994 2205 1059 2236 Bu-

359 2254 531 2285 throtiam.

402 2300 421 2327 2
444 2296 490 2326 ad
503 2292 682 2333 summam]
709 2292 762 2323 Sic
781 2291 833 2322 ed.
848 2291 945 2322 Rom.
963 2294 1062 2320 recte.

360 2339 465 2370 altera
486 2338 585 2368 lectio
600 2336 645 2366 ad
663 2344 831 2366 summam
849 2338 900 2364 est
915 2343 933 2363 a
946 2333 1063 2363 Jenso-

362 2392 416 2412 no.
430 2391 463 2411 v.
481 2380 573 2411 Clav.

403 2427 423 2454 3
446 2423 533 2453 domi
553 2420 629 2460 esse]
656 2421 677 2450 i.
700 2420 824 2451 Romae.
841 2422 964 2449 nostros
978 2418 1063 2448 Bru-

360 2470 449 2506 tum,
465 2465 614 2498 Cassium
631 2464 690 2494 ἀρ.
706 2463 744 2492 iis
759 2461 944 2493 contrarius
960 2460 1064 2491 Anto-

362 2508 435 2538 nius
450 2517 524 2537 cum
540 2507 618 2541 suis,
635 2509 673 2534 ut
689 2515 776 2535 mox.

404 2553 424 2580 4
446 2559 509 2579 non
523 2551 590 2579 sine
606 2557 705 2577 causa
720 2547 913 2587 praesidium
929 2544 1059 2584 habere]

362 2592 491 2631 Nempe
522 2594 678 2630 rogarant
703 2591 861 2620 Senatum
892 2593 926 2619 et
956 2589 1061 2620 Anto-

363 2635 451 2672 nius,
477 2637 512 2664 et
535 2633 601 2664 Bru
604 2637 658 2661 tus
681 2633 740 2662 Sec.
770 2636 808 2661 ut
834 2640 901 2661 esse
933 2634 1065 2670 possent

363 2687 439 2707 cum
457 2685 548 2716 praes
542 2675 605 2705 ’.(ὶίο
620 2673 778 2710 militum,
791 2672 877 2712 quod
891 2674 949 2704 sibi
967 2672 1032 2702 tuti
1047 2682 1067 2701 a

363 2720 394 2749 vi
423 2728 489 2748 non
513 2717 710 2747 viderentur
733 2696 823 2745 hiine
846 2722 973 2746 metum
999 2723 1065 2744 non

366 2770 486 2792 vanum
503 2769 571 2790 esse
585 2758 668 2789 dixit
684 2757 825 2799 Hirtius.

410 2806 428 2833 5
451 2808 481 2832 et
498 2800 688 2839 bellissimoe]
715 2799 785 2830 edd.
802 2797 850 2839 pr.
869 2799 967 2829 belloe.

409 2846 429 2875 6
457 2843 621 2883 Coerecctoe]
647 2842 783 2882 Agenti‚
796 2846 836 2872 ut
851 2841 990 2877 udetur
1008 2851 1067 2881 pro

369 2886 534 2919 Pubtiua·
527 2897 561 2918 in
576 2884 824 2918 matrimonium
840 2863 1034 2925 reeipienila.

1103 2204 1330 2236 vehementius
1353 2209 1465 2244 egerat
1485 2205 1571 2245 apud
1593 2206 1755 2244 Atticum,
1771 2213 1806 2238 et

1104 2248 1231 2286 saepius.
1263 2258 1349 2284 eam,
1385 2247 1574 2285 Publiliam,
1603 2249 1730 2288 opinor.
1770 2250 1806 2280 in

1093 2290 1177 2330 filia
1191 2289 1264 2320 edd.
1288 2301 1336 2330 pr.
1353 2289 1479 2321 addunt
1501 2295 1572 2321 lua.
1588 2297 1676 2321 certe
1693 2291 1805 2322 Publi-

1107 2332 1159 2362 iiae
1175 2332 1244 2363 filia
1259 2342 1327 2363 esse
1347 2343 1413 2363 non
1437 2337 1556 2372 potest.
1572 2333 1632 2364 filii
1646 2343 1720 2364 vero
1734 2344 1806 2365 ma-

1106 2375 1167 2405 tris
1183 2374 1333 2405 Publiliae
1348 2385 1416 2406 esse
1434 2381 1582 2414 possunt.

1151 2419 1168 2447 8
1191 2417 1207 2446 ἑ
1222 2418 1315 2448 ταύτὸ
1337 2419 1357 2448 ἒ.
1383 2430 1413 2448 ει.
1437 2417 1485 2456 oe.]
1511 2417 1588 2448 Non
1610 2417 1696 2448 idem
1719 2427 1807 2449 sem-

1107 2470 1164 2500 per
1179 2460 1329 2496 dicimus,
1345 2461 1400 2491 sed
1419 2460 1620 2498 temporibus
1635 2460 1806 2492 servimus.

1148 2506 1168 2535 9
1192 2503 1271 2542 quid
1289 2507 1335 2533 est
1355 2504 1411 2533 hoc
1423 2502 1453 2542 ?]
1480 2501 1540 2532 Est
1559 2501 1676 2538 Attici,
1692 2503 1808 2543 objici-

1107 2545 1192 2575 entis
1209 2545 1480 2580 inconstantiam,
1492 2543 1628 2574 eandem
1642 2544 1707 2574 alio
1722 2551 1806 2577 tem-

1107 2597 1185 2627 pore
1210 2587 1388 2626 laudanfis,
1412 2587 1728 2626 alio‘vituperantis.
1757 2598 1807 2619 re-

1107 2629 1259 2668 spondet,
1271 2639 1303 2660 se
1318 2639 1385 2660 non
1398 2638 1489 2669 posse
1501 2637 1630 2669 semper
1641 2629 1807 2666 simulare,

1108 2672 1193 2712 quod
1210 2682 1276 2702 uon
1291 2672 1423 2702 sentiat.

1155 2717 1192 2744 10
1229 2714 1328 2754 Heri]
1368 2714 1432 2744 Hic
1461 2722 1528 2743 esse
1553 2713 1685 2744 initium
1715 2723 1810 2745 novae

1108 2755 1267 2797 epistolae‚
1291 2762 1326 2787 et
1351 2756 1406 2787 alii
1433 2756 1598 2792 viderunt,
1621 2759 1654 2786 et
1676 2761 1769 2796 patet
1791 2767 1810 2787 e

1109 2800 1175 2830 fine
1216 2798 1377 2840 epistolae,
1414 2798 1596 2830 breviorem
1635 2798 1810 2840 epistolam

1109 2851 1189 2873 esse.
