1940 3231
449 420 533 476 M.
572 421 857 478 TULLII
899 421 1331 480 CICERONIS

344 541 1405 615 EPISTOLARUM

839 668 894 694 AD

638 755 1124 806 ATTICUM

744 858 1032 903 LIBERI.

740 987 1019 1009 -—--*——

680 1093 789 1130 ARG
795 1091 1084 1130 UMENTUM.

155 1154 261 1193 Libri
288 1154 393 1204 hujus
420 1157 582 1206 epistoloe
607 1158 745 1205 partim
774 1161 860 1192 ante
888 1157 1115 1192 consulatum
1145 1156 1338 1200 Ciceronis,
1355 1160 1496 1206 partim
1521 1166 1605 1208 post

205 1209 433 1245 consulatum
449 1211 594 1258 scriptae
606 1214 702 1245 sun-t.
732 1209 830 1245 Nam
846 1213 922 1244 toto
939 1209 1147 1245 consulatus
1166 1210 1267 1245 illius
1284 1215 1444 1259 tempore
1457 1213 1605 1249 Atticus

203 1260 433 1310 Romoefuit,
449 1264 610 1298 omnium
627 1263 861 1298 consiliorum
875 1267 910 1297 et
925 1263 1109 1297 actionum
1124 1262 1198 1308 ejus
1212 1264 1384 1306 monitor,
1405 1263 1554 1310 adjutor
1567 1270 1603 1301 et

203 1314 430 1351 administer.
462 1315 578 1350 Porro
595 1315 681 1357 illae,
698 1326 776 1362 quae
795 1314 1022 1350 consulatum
1037 1316 1264 1357 antecedunt,
1283 1327 1362 1363 quie
1378 1322 1462 1352 sunt
1477 1329 1600 1353 nume-

201 1377 244 1401 ro
275 1378 415 1409 novem,
434 1369 608 1403 nimirum
627 1379 740 1415 usque
758 1368 807 1403 ad
834 1378 913 1402 eam
931 1378 1009 1414 quae
1036 1368 1177 1415 incipit,
1197 1366 1355 1404 Teucris
1385 1369 1473 1405 illa:
1507 1370 1601 1406 nihil

198 1430 286 1454 sane
313 1421 510 1462 continent,
543 1421 640 1467 quod
669 1421 718 1455 ad
746 1420 937 1455 historiam
965 1431 1183 1467 magnopere
1212 1422 1409 1468 pertineat.
1468 1422 1598 1458 Conse-

198 1475 346 1518 quentes
362 1483 459 1515 vero,
474 1485 586 1520 usque
605 1473 654 1508 ad
672 1472 863 1520 epistolam
882 1471 991 1513 Nihil
1006 1472 1114 1514 mihi,
1136 1472 1190 1508 M.
1206 1472 1384 1509 Messalla
1402 1479 1436 1510 et
1456 1474 1509 1510 M.
1530 1475 1598 1511 Pi-

195 1535 281 1559 sone
299 1535 408 1561 coss.
438 1526 546 1566 datce,
563 1527 738 1573 primum,
759 1537 832 1560 rem
864 1524 985 1560 Clodii
1010 1529 1178 1567 narrant,
1197 1530 1239 1561 ut
1257 1526 1355 1561 domi
1386 1527 1423 1562 C.
1445 1527 1598 1564 Coesarz's

196 1588 276 1612 cum
294 1578 427 1612 vestitu
454 1578 621 1614 muliebri
641 1577 878 1626 deprehensus
888 1576 1024 1626 fuerit,
1045 1589 1125 1612 cum
1139 1590 1209 1625 pro
1227 1579 1363 1626 populo
1370 1580 1483 1628 fieret
1498 1597 1509 1616 .·
1541 1585 1595 1616 to-

196 1632 344 1677 tumque
361 1630 405 1666 de
421 1642 462 1666 re
478 1631 547 1666 illa
555 1629 751 1677 judicium,
774 1642 843 1677 quo
862 1641 933 1664 non
950 1630 1056 1665 modo
1076 1630 1288 1679 proeterfas
1307 1635 1342 1666 et
1361 1644 1514 1679 aequum,
1533 1634 1597 1669 secl

193 1682 307 1717 etiam
320 1687 456 1730 praeter
471 1685 631 1719 omnium
659 1683 844 1718 hominum
866 1683 1083 1730 opinionem,
1104 1682 1288 1718 absolutus
1307 1683 1416 1732 fuit:
1451 1686 1593 1727 deinde,

193 1745 304 1781 quam
320 1740 462 1771 mortuo
475 1736 611 1785 plausu
626 1735 783 1783 populus
803 1734 990 1770 Romanus
1009 1734 1223 1783 Pompeium
1241 1738 1423 1785 exceperit
1442 1749 1461 1772 e
1477 1738 1591 1774 nobili

189 1787 259 1822 illa
277 1788 446 1824 Asiatica
464 1789 692 1837 expeditione
712 1789 932 1823 redeuntem.
989 1787 1086 1823 Nam
1107 1800 1185 1823 cum
1202 1789 1339 1824 nobiles
1357 1789 1529 1832 homines,
1551 1792 1591 1826 in

189 1839 236 1875 iis
254 1839 298 1876 L.
319 1840 515 1876 Lucullum
543 1853 623 1876 cum
648 1842 793 1888 primis,
814 1840 961 1875 liaberet
980 1839 1137 1889 infensos
1151 1857 1164 1876 .·
1202 1841 1297 1882 illos,
1320 1844 1407 1889 quia
1435 1842 1591 1878 hominis

186 1894 392 1940 potentiam
411 1905 505 1941 aegre
512 1893 674 1943 ferrent,
694 1894 784 1929 adeo
805 1893 966 1934 crevisse,
983 1898 1023 1928 ut
1034 1891 1118 1938 jam
1124 1892 1382 1941 formidabilis
1395 1900 1518 1942 posset
1536 1907 1590 1930 es-

186 1956 225 1980 se
235 1959 248 1985 ,·
279 1945 385 1988 hunc,
405 1948 493 1994 quia
511 1947 627 1994 erepti
643 1946 713 1982 sibi
732 1945 908 1993 triumphi
927 1946 971 1981 de
986 1944 1222 1988 Mithridate,
1232 1944 1317 1992 jam
1323 1946 1411 1995 fere
1431 1948 1588 1983 debella-

188 2001 239 2039 to,
260 1997 410 2034 hcereret
440 2001 639 2035 memoria:
669 2011 741 2035 non
758 1999 865 2034 inodo
885 1998 1045 2034 obtinere
1075 2010 1272 2046 numquam
1296 2001 1421 2047 potuit
1438 2005 1480 2035 ut
1499 2006 1584 2037 acta

184 2061 252 2085 sua
271 2063 293 2086 a
309 2052 445 2099 populo
477 2052 790 2101 confirmarentur,
811 2052 924 2098 deque
941 2051 1100 2086 militum
1115 2052 1276 2098 praemiis
1308 2053 1582 2090 decerneretur.-

183 2103 247 2138 secl
265 2115 309 2139 ne
326 2103 422 2140 illud
449 2105 607 2152 quidem,
627 2109 669 2140 ut
686 2103 789 2139 rebus
816 2103 861 2138 ab
878 2115 916 2139 se
930 2105 1042 2151 gestis
1060 2104 1258 2139 recitandis
1272 2105 1424 2152 plausus
1443 2117 1485 2140 ex
1503 2108 1584 2141 ani-

183 2167 243 2191 mo
262 2157 424 2193 claretur.
445 2169 499 2204 ep.
523 2156 616 2193 ΧΠ.
673 2156 761 2197 Quae
788 2157 933 2203 quidem
951 2168 1007 2192 res
1035 2157 1208 2198 omnium,
1229 2169 1307 2204 quae
1335 2158 1500 2205 deinceps
1526 2170 1588 2195 ses

184 2213 270 2244 cata
295 2213 392 2251 sunt,
412 2210 592 2245 malorum
601 2208 693 2256 fons
711 2213 746 2244 et
764 2210 866 2256 origo
876 2207 971 2257 fuit.
1027 2208 1125 2244 Nam
1144 2211 1242 2257 quod
1260 2221 1324 2244 nec
1339 2222 1405 2258 per
1423 2210 1579 2246 BIessal-

181 2261 256 2296 lam
271 2265 306 2297 et
325 2261 495 2298 Pisonem
510 2264 631 2310 primo
650 2273 757 2304 anno,
777 2274 841 2296 nec
855 2273 922 2309 per
940 2261 1132 2297 Metellum
1151 2266 1186 2297 et
1203 2261 1416 2311 Afranium,
1436 2275 1479 2298 ea:
1497 2265 1579 2311 qui-

176 2313 241 2350 hus
259 2314 353 2351 hunc
371 2315 532 2351 omnibus
560 2315 684 2350 invitis
708 2326 775 2362 per
794 2314 1028 2361 largitionem
1055 2319 1091 2350 et
1109 2314 1298 2356 ambitum,
1318 2327 1388 2362 quo
1407 2319 1491 2350 acta
1510 2328 1578 2352 sua

178 2366 491 2416 confirmarentur,
517 2368 717 2403 curandum
745 2371 935 2403 curaverat
953 2369 1117 2414 sequenti
1135 2379 1254 2403 anno:
1284 2368 1381 2415 quod
1406 2380 1475 2416 per
1492 2369 1576 2405 Fla-

174 2420 275 2455 vium
299 2420 498 2456 Tribunum
512 2420 607 2468 pleb.
626 2424 669 2456 ut
688 2420 744 2455 lex
772 2421 925 2467 agraria
941 2418 1180 2469 perferretur,
1198 2421 1396 2467 impetrare
1421 2432 1492 2456 non
1507 2433 1576 2469 po-

175 2473 275 2509 tuit:
304 2474 461 2509 coitione
479 2471 594 2522 facta
623 2484 704 2509 cum
734 2473 873 2509 Caesare
900 2476 937 2507 et
954 2472 1009 2509 M.
1044 2473 1188 2515 Crasso,
1216 2484 1310 2508 anno
1341 2474 1449 2508 tertio
1478 2474 1571 2509 obti-

175 2526 269 2567 nuit,
292 2525 431 2561 Coesare
448 2527 616 2574 inprimis
637 2525 789 2561 Consule
807 2525 1006 2561 declarato.
1067 2525 1152 2560 Tres
1170 2525 1310 2560 ultimae
1328 2526 1501 2574 epistolae,
1525 2527 1569 2568 Q.

175 2577 329 2614 Metello
350 2578 485 2620 Celere,
506 2578 550 2615 L.
568 2577 730 2627 Afranio
764 2589 872 2614 coss.
901 2579 1018 2614 missae
1043 2582 1155 2614 sunt:
1199 2590 1353 2625 quorum
1381 2579 1572 2614 consulatu

172 2631 218 2665 de
237 2630 365 2666 Clodio
393 2632 442 2666 ad
455 2631 596 2678 plebem
624 2631 846 2667 traducendo
875 2632 937 2678 agi
965 2634 1116 2679 coeptum
1144 2634 1208 2667 est,
1264 2630 1387 2672 Quare
1411 2633 1443 2666 si
1471 2632 1570 2667 ratio

173 2686 375 2731 temporum
403 2684 638 2726 subducatur,
657 2684 902 2731 intelligemus
934 2687 1010 2718 tam
1033 2695 1173 2731 paucas
1192 2683 1276 2719 libri
1307 2681 1412 2728 liujus
1433 2684 1567 2730 episto-

171 2734 239 2778 las,
259 2737 364 2778 annis
391 2737 548 2783 amplius
575 2741 655 2772 octo
683 2738 839 2784 scriptas
855 2734 1000 2784 fuisse.-
1036 2747 1162 2783 nempe
1181 2749 1203 2771 a
1234 2735 1433 2771 Consulatu
1460 2736 1570 2770 mini-

168 2798 266 2824 mum
294 2788 338 2824 L.
369 2789 506 2825 Ccecilii
533 2788 679 2825 Metelli
707 2789 853 2830 Cretici,
873 2793 909 2823 et
929 2788 971 2830 Q.
993 2788 1132 2824 BIarcii
1166 2788 1294 2829 Vatiae,
1315 2789 1377 2834 qui
1409 2787 1568 2823 oeclilita·

168 2842 239 2875 tem
256 2840 436 2878 Ciceronis
453 2843 578 2878 statim
593 2846 735 2879 secutus
751 2846 828 2878 est:
857 2853 969 2889 usque
987 2842 1035 2876 ad
1053 2853 1111 2876 eos
1130 2852 1218 2889 quos
1231 2841 1398 2888 proxime
1411 2840 1567 2880 diximus

806 2907 829 2933 F
854 2893 874 2932 f
891 2898 916 2934 3

1630 451 1660 480 p.
1698 464 1709 474 .
