1940 3231
763 140 969 180 LIBER
1002 140 1056 179 ΙΙ.
1557 145 1634 182 489

183 247 244 295 do
265 248 365 301 hoc,
386 247 516 289 modo
547 246 652 288 illud
683 246 845 287 audire.
869 244 974 286 illud
1006 253 1150 286 tamen
1172 243 1392 300 explicare
1416 259 1500 286 non
1532 261 1632 302 pos-

187 322 297 358 sum,
322 306 576 361 99quidnam
609 304 802 344 invenire
834 303 986 358 possit,
1009 301 1126 343 nullo
1158 310 1397 353 recusante,
1421 303 1473 343 ad
1497 303 1633 344 facul-

187 372 320 405 tatem
343 363 569 420 agrariam.
610 360 756 402 Bibuli
780 371 922 402 autem
948 360 1030 400 ista
1054 359 1313 415 magnitudo
1334 360 1465 400 animi
1491 359 1534 400 in
1558 375 1631 401 co-

186 422 409 463 mitiorum
439 418 660 470 dilatione,
692 419 795 473 quid
826 418 975 468 habet,
1007 417 1089 458 nisi
1122 418 1256 473 ipsius
1288 417 1506 472 judicium
1539 418 1630 458 sine

187 479 274 520 ulla
302 478 568 520 correctione
599 476 880 532 reipublicae?
913 475 1115 516 nimirum
1149 476 1191 515 in
1227 474 1385 516 Publio
1419 489 1515 530 spes
1539 476 1740 519 est?p·31.

186 536 264 577 fiat
287 535 482 576 tribunus
512 533 674 590 plebis:
708 534 741 574 si
766 533 875 574 nihil
897 533 1028 584 aliud,
1050 543 1099 573 ut
1120 547 1172 574 eo
1195 532 1323 574 citius
1346 542 1393 573 tu
1415 547 1469 573 ex
1496 531 1629 589 Epiro
1641 535 1672 558 ἃ·

186 602 413 635 revertare.
447 606 562 643 nam,
598 602 646 632 ut
686 590 759 632 illo
794 602 838 632 tu
873 605 1033 641 careas,
1069 605 1155 631 non
1192 590 1317 632 video
1353 604 1476 645 posse
1510 590 1631 642 fieri3

186 649 425 706 praesertim
448 649 482 689 si
506 663 675 690 mecum
708 649 870 704 aliquid
895 649 1009 689 volet
1035 647 1269 704 disputare.
1293 648 1366 689 sed
1391 648 1433 689 id
1456 647 1633 704 quidem

184 722 272 748 non
303 706 483 748 dubium
515 715 595 757 est,
617 706 737 762 quin,
762 706 923 762 siquid
955 706 1037 746 erit
1067 706 1297 761 ejusmodi,
1321 707 1377 747 sis
1408 705 1633 746 advolatu-

185 779 272 806 ruS.
296 778 442 805 verum
467 774 515 804 ut
537 764 620 805 hoc
643 779 727 805 non
753 764 833 816 sit3
866 773 1010 805 tamen
1033 778 1104 804 seu
1130 772 1238 814 ruet,
1263 778 1337 804 seu
1359 764 1498 820 eriget
1522 778 1634 805 rem-

184 821 421 878 publicam,
444 821 698 878 praeclarum
730 821 1025 878 spectaculum
1057 821 1164 862 mihi
1197 835 1410 877 propono,
1434 821 1563 862 modo
1591 830 1634 862 te

185 893 437 921 consessore
468 889 662 935 spectare
692 880 835 921 liceat.
899 878 1011 920 Cum
1043 878 1140 920 haec
1170 879 1362 920 maxime
1385 879 1632 930 scriberem,

186 951 288 979 ecce
319 937 400 978 tibi
434 937 637 978 Sebosus,
668 937 862 978 nondum
894 936 1020 992 plane
1053 937 1375 993 ingemueram3
1407 936 1536 987 salve,
1569 937 1634 978 in-

187 995 284 1050 quit
304 994 472 1037 Arrius.
524 994 626 1036 Hoc
648 1003 711 1036 est
738 995 881 1036 Roma
901 994 1136 1036 decedere?
1179 995 1302 1041 Quos
1325 1009 1407 1050 ego
1434 995 1632 1036 homines

186 1051 337 1109 effugi,
360 1067 459 1094 cum
493 1052 535 1093 in
567 1052 645 1094 hos
677 1053 838 1094 incidi?
870 1066 952 1108 ego
976 1066 1077 1092 vero
1110 1052 1151 1092 in
1186 1062 1356 1092 montes
1389 1053 1566 1107 patrios,
1589 1061 1634 1093 et

186 1110 240 1152 ad
264 1109 526 1152 incunabula
555 1120 703 1152 nostra.
734 1124 926 1166 pergam.
949 1110 1150 1164 denique,
1179 1112 1238 1140 10⁰
1251 1109 1284 1149 si
1308 1108 1424 1150 solus
1444 1124 1532 1151 non
1555 1125 1635 1167 po-

190 1176 328 1219 tuero,
351 1182 450 1209 eum
483 1168 653 1209 rusticis
685 1168 845 1224 potius
869 1182 998 1222 quam
1027 1181 1123 1208 cum
1159 1165 1225 1206 his
1261 1167 1540 1224 perurbanis:
1574 1168 1636 1209 ita

188 1235 350 1277 tamen,
374 1235 436 1276 ut,
457 1226 661 1280 quoniam
686 1235 731 1265 tu
756 1225 861 1266 certi
889 1224 997 1266 nihil
1029 1223 1196 1273 scribis,
1222 1224 1263 1265 in
1297 1224 1529 1266 Formiano
1555 1225 1634 1266 tibi

189 1283 413 1339 praestoler
435 1296 571 1338 usque
595 1283 648 1324 ad
683 1297 743 1324 111
780 1283 896 1324 Non.
922 1282 1034 1323 Mai.
1095 1281 1311 1323 Terentiae
1346 1292 1549 1338 pergrata
1570 1293 1636 1323 est

190 1342 417 1382 assiduitas
441 1349 515 1380 tua
533 1350 575 1381 et
596 1340 824 1397 diligentia
846 1341 889 1381 iu
913 1340 1209 1382 controversia
1233 1338 1474 1381 Mulviaua.
1498 1341 1636 1381 nescit

191 1399 383 1450 omnino,
406 1408 448 1439 te
469 1412 741 1440 communem
767 1413 941 1440 causam
973 1397 1202 1439 defendere
1225 1412 1389 1447 eorum,
1413 1398 1486 1453 qui
1510 1412 1636 1454 agros

191 1456 387 1512 publicos
411 1456 673 1513 possideant.
697 1456 768 1497 sed
795 1466 937 1497 tamen
966 1458 1042 1496 ltu
1065 1455 1227 1511 aliquid
1260 1456 1502 1511 publicanis
1533 1470 1638 1511 pen-

189 1513 280 1565 dis;
311 1513 407 1555 haec
429 1512 557 1555 etiam
584 1515 627 1556 id
652 1524 834 1556 recusat.
856 1528 908 1555 ea
929 1513 1009 1554 tibi
1039 1513 1187 1570 igitur,
1212 1522 1255 1553 et
1282 1515 1434 1568 Κικὲξων,
1455 1515 1636 1570 α’ςιςοκςη-

188 1575 369 1628 τικῷταετος
388 1581 481 1619 ποεῖς,
507 1572 687 1613 salutem
710 1572 876 1613 dicunt.

629 1645 866 1688 CICERO
897 1644 1128 1687 ATTICO
1161 1644 1206 1686 s,

191 1699 450 1757 CENATo
484 1715 606 1766 mihi,
637 1724 681 1756 et
705 1715 800 1771 jam
832 1713 1101 1765 dormitanti,
1133 1713 1244 1769 prid.
1279 1710 1377 1753 Kal.
1411 1710 1523 1754 Mai.
1546 1712 1638 1769 epi-

189 1771 300 1812 stola
335 1782 400 1815 est
439 1773 510 1815 illa
550 1774 729 1824 reddita,
770 1773 812 1814 in
852 1787 939 1828 qua
973 1773 1026 1813 de
1064 1786 1170 1828 agro
1207 1770 1433 1826 Campano
1470 1770 1637 1811 scribis.

188 1830 293 1884 quid
326 1832 512 1886 quaeris?
547 1832 730 1887 primum
771 1831 831 1871 ita
867 1845 936 1871 me
971 1829 1174 1886 pupugit,
1208 1839 1257 1870 ut
1291 1842 1490 1869 somnum
1529 1828 1639 1869 mihi

190 1887 413 1939 ademerit,
437 1889 543 1930 2sed
576 1890 618 1930 id
651 1889 920 1945 cogitatione
952 1887 1105 1943 magis,
1128 1900 1257 1942 quam
1282 1885 1493 1926 molestia.
1516 1886 1640 1942 cogi-

191 1945 301 1985 tanti
335 1957 480 1987 autem
515 1946 611 1988 haec
645 1945 732 1987 fere
767 1947 1090 1987 succurrebant.
1126 1945 1313 2000 primum
1346 1957 1400 1984 ex
1432 1958 1499 1994 eo,
1521 1944 1639 1999 quod

193 2004 485 2058 superioribus
528 2004 681 2045 litteris
715 2005 960 2060 scripsei·aS‚
995 2018 1049 2044 ex
1089 2001 1288 2043 familiari
1331 2011 1373 2041 te
1411 2001 1524 2042 illius
1563 2016 1638 2043 au·

192 2059 320 2111 disse,
355 2062 567 2117 prolatum
608 2062 658 2102 iri
692 2062 870 2117 aliquid,
903 2062 1020 2116 quod
1056 2074 1184 2100 nemo
1225 2059 1515 2114 improbaret3
1547 2074 1637 2100 ma-

185 2116 260 2172 jus
293 2118 454 2175 aliquid
489 2120 745 2161 timueram:
779 2120 861 2160 hoc
895 2119 1001 2160 mihi
1035 2116 1249 2173 ejusmodi
1284 2131 1370 2157 non
1396 2117 1682 2175 videbamini}

192 2174 363 2226 deinde,
386 2187 432 2218 ut
466 2192 533 2218 me
563 2192 647 2233 ego
677 2177 888 2226 consoler,
919 2175 1060 2217 omnis
1092 2174 1364 2231 exspectatio
1395 2173 1639 2230 largitionis

193 2235 375 2289 agrariae
410 2235 453 2275 in
487 2249 637 2291 agrum
679 2234 953 2290 Campanum
988 2233 1159 2274 videtur
1192 2246 1283 2272 esse
1316 2231 1533 2274 derivata:
1565 2234 1641 2287 qui

192 2305 311 2347 ager,
333 2294 352 2322 3
370 2302 417 2333 ut
438 2292 549 2334 dena
569 2292 728 2348 jugera
750 2292 851 2344 sint,
874 2307 961 2333 non
984 2289 1169 2347 amplius
1199 2289 1426 2332 hominum
1450 2290 1642 2346 quinque

1654 1648 1706 1692 16

234 2409 276 2440 99
292 2407 450 2446 quidnam
464 2408 611 2437 invenire
626 2407 727 2447 possit
743 2406 820 2446 &c.]
839 2407 896 2437 In-

191 2449 305 2479 venire
318 2449 444 2480 habent
458 2449 530 2480 edd.
545 2450 646 2480 Rom.
659 2450 752 2480 dens.
765 2456 799 2480 et
816 2450 897 2480 Mss.

194 2497 313 2521 ceterae
343 2496 424 2523 vett.
452 2493 605 2528 inveniri,
630 2492 717 2531 quod
740 2492 835 2522 facile
863 2493 898 2522 in

193 2539 342 2564 mentem
357 2535 490 2565 ‘venian
534 2535 597 2565 Sed
628 2540 720 2565 vetus
750 2535 898 2565 restituit

189 2575 370 2607 Victorius.
388 2577 537 2618 intellige
556 2578 673 2608 Coesar.
699 2578 819 2608 Sensus
832 2582 895 2613 est,

192 2618 272 2657 quid
295 2620 481 2658 excogitare
502 2620 618 2660 possit,
634 2625 672 2650 ut
695 2619 745 2650 lex
769 2620 897 2659 agraria

191 2662 328 2700 perferri
345 2664 476 2693 nemine
490 2668 696 2703 repugnante
711 2664 825 2702 possit.
840 2662 896 2692 sed

190 2705 282 2734 nullo
298 2710 481 2741 recusante,
496 2716 556 2745 pro
573 2706 632 2741 ita,
651 2710 690 2735 ut
711 2705 823 2735 nullus
845 2715 894 2735 re-

197 2752 337 2785 pugnet,
353 2753 404 2777 est
417 2747 604 2778 duriuscule
620 2747 759 2778 dictum.

244 2792 301 2819 100
314 2791 342 2820 si
355 2792 441 2821 solus
454 2800 519 2821 mm
534 2790 686 2831 potuero]
712 2791 820 2821 Immo
834 2799 898 2821 non

189 2834 314 2870 potero.

242 2875 257 2902 l
272 2877 309 2903 tu
324 2875 452 2914 aliquid
460 2876 646 2915 publicanis
665 2874 796 2915 pendis]
824 2874 899 2905 Hoc

196 2914 314 2947 melius
327 2926 427 2957 quam
438 2920 648 2958 publicanus.
660 2918 746 2958 quod
760 2918 794 2948 in
807 2917 898 2948 libris

939 2405 1054 2436 multis
1077 2409 1138 2440 est,
1153 2404 1254 2435 etiam
1273 2403 1325 2435 ed.
1347 2403 1447 2434 Rom.
1471 2413 1548 2435 nam
1575 2413 1644 2436 non

940 2449 996 2488 qui
1019 2449 1074 2484 sit,
1096 2448 1270 2487 qum-itur,
1294 2446 1349 2477 sed
1371 2447 1449 2486 quid
1472 2447 1583 2484 faciat,
1599 2458 1643 2479 an

940 2490 1079 2531 vectigal
1096 2490 1229 2530 pendat,
1246 2490 1333 2528 quod
1354 2489 1538 2529 publicanis
1561 2501 1642 2531 pen-

941 2533 1041 2564 ditur.
1068 2534 1094 2563 is
1124 2533 1228 2567 imur
1253 2532 1500 2563 immunitatem
1527 2543 1642 2563 eorum

938 2586 1104 2615 agrorum,
1128 2575 1167 2605 de
1188 2574 1305 2614 quibus
1326 2575 1486 2605 Terentia
1507 2582 1641 2606 contro·

940 2619 1078 2649 versiam
1102 2618 1246 2649 habebat
1261 2627 1337 2649 cum
1360 2617 1557 2658 publicanis,
1567 2628 1642 2649 *nou

939 2661 1085 2701 petebat.
1245 2684 1251 2691 .

983 2706 1002 2734 ΞΖ
1023 2705 1081 2734 sed
1099 2703 1136 2733 id
1158 2702 1353 2741 cogitatione
1379 2712 1424 2732 m.
1439 2712 1471 2741 q.
1489 2702 1550 2741 m.]
1577 2702 1643 2733 Hie

940 2756 1068 2786 quoque
1100 2746 1137 2776 id
1163 2756 1180 2775 e
1209 2745 1413 2785 praecedente
1442 2745 1499 2774 sed
1524 2748 1643 2776 natum

941 2794 1036 2830 puto.
1054 2788 1171 2820 melius
1186 2789 1276 2817 enim
1292 2788 1444 2818 abfuerit.

983 2834 1002 2862 3
1024 2836 1063 2862 ut
1076 2832 1161 2861 dena
1173 2829 1305 2871 jugera
1315 2830 1395 2870 sint]
1420 2839 1462 2860 sc.
1478 2838 1551 2869 quae
1573 2828 1642 2860 sin-

941 2873 1027 2913 gulis
1050 2873 1188 2904 dentur:
1212 2874 1239 2903 si
1261 2873 1345 2905 dena
1359 2874 1480 2913 ,jugera
1501 2873 1586 2904 fiant
1606 2873 1642 2903 in

941 2916 1072 2958 singula
1085 2916 1206 2957 capita.
