1940 3231
617 142 799 187 EPIST.
827 144 900 183 AD
927 142 1198 185 BRUTUM.
1562 153 1637 194 973

199 246 390 305 insignes
413 248 591 305 aliquot,
612 251 685 305 qui
708 249 1026 306 improbissime
1057 250 1277 292 sentiunt:
1310 249 1383 290 sed
1415 252 1642 294 acerbissi-

197 320 268 347 me
301 306 397 347 tulit
431 307 649 356 Servilius,
682 322 900 349 assensum
936 322 1026 347 esse
1062 308 1169 347 mihi
1211 307 1263 348 de
1301 307 1478 350 Planco.
1539 310 1643 352 Ma-

201 377 334 417 gnum
359 363 462 405 illud
487 375 723 406 monstrum
746 365 788 406 in
812 366 1033 421 republica
1055 376 1120 405 est
1151 364 1178 391 ὓ
1211 364 1238 391 '¹²
1272 363 1397 406 Deest
1418 365 1535 422 hujus
1558 368 1643 423 epi·

201 419 310 461 stolae
323 435 426 476 pars
447 430 637 463 eatrema.

715 504 1123 543 ARGFMENTUM.
1654 514 1679 548 3

269 557 337 593 De
354 557 559 594 Dolabellae
577 558 804 598 crudelitate,
825 559 1222 647 slqctlzljssciziglilsl{beralitate
1239 562 1275 594 et
1295 558 1475 596 Ciceronis
1483 560 1563 609 filii

593 677 836 720 BRUTUS
870 676 1179 718 CICERONI
1213 678 1257 718 S.
1654 699 1687 730 p.
1705 689 1777 719 332.

1655 743 1687 763 a.

619 746 744 788 Deest
759 745 1016 801 principium
1038 743 1226 799 epistolce.

259 811 287 838 ξ*
318 812 345 840 ³*
378 814 448 855 sed
477 830 562 870 quo
596 830 672 856 nos
705 813 924 855 amisisse:
956 827 1084 867 quem
1117 813 1178 854 sic
1202 813 1347 855 vexari
1372 829 1395 855 a
1420 813 1647 857 Dolabella

203 870 347 920 audio,
373 881 418 911 ut
442 873 535 926 jam
567 886 651 913 non
680 872 875 912 videatur
897 869 1240 911 crudelissimum
1262 872 1354 926 ejus
1382 872 1548 913 lacinus
1583 873 1647 915 in-

204 926 403 969 terfectio
424 928 646 971 Trebonii.
686 928 822 969 Vetus
845 927 1061 968 Antistius
1084 942 1153 968 me
1175 939 1320 969 tamen
1344 931 1527 984 pecunia
1548 932 1649 972 sub-

203 984 378 1026 levavit.
441 986 611 1038 Cicero,
635 986 746 1027 filins
783 996 896 1036 tuus,
919 986 980 1025 sic
1015 985 1118 1025 mihi
1161 999 1204 1026 se
1235 986 1391 1041 probat
1424 987 1649 1040 industria,

205 1043 430 1098 patientia,
463 1044 622 1095 labore,
654 1043 788 1084 animi
831 1043 1147 1098 magnitudine,
1177 1043 1297 1084 omni
1337 1043 1522 1100 denique
1554 1046 1650 1088 offi-

206 1100 291 1149 cio,
315 1110 362 1140 ut
386 1116 555 1156 prorsus
589 1115 822 1156 numquam
853 1100 1071 1141 dimittere
1094 1099 1289 1142 videatur
1319 1102 1649 1158 cogitationem,

207 1158 331 1212 cujus
364 1160 417 1199 sit
453 1159 577 1199 filius.
640 1159 785 1206 Quare
815 1158 1022 1213 quoniam
1061 1157 1232 1199 efficere
1269 1173 1355 1200 non
1390 1174 1579 1215 possum,
1602 1169 1651 1202 ut

206 1215 339 1271 pluris
379 1215 509 1256 facias
549 1231 662 1267 eum,
701 1216 773 1271 qui
813 1215 892 1256 tibi
935 1223 1001 1256 est
1043 1215 1316 1268 carissimus3
1361 1216 1461 1258 illud
1508 1218 1650 1260 tribue

201 1272 372 1327 judicio
406 1288 516 1324 ineo,
552 1283 598 1314 ut
631 1274 708 1314 tibi
743 1273 1011 1329 persuadeas,
1044 1287 1129 1313 non
1163 1272 1255 1313 fore
1287 1273 1349 1314 illi
1385 1275 1651 1317 abutendum

207 1330 347 1386 gloria
372 1341 457 1382 tua,
482 1343 529 1371 ut
551 1331 816 1387 adipiscatur
838 1329 1022 1372 honores
1047 1343 1263 1387 paternos.
1304 1330 1487 1373 Kalend.
1509 1332 1649 1390 April.

207 1390 228 1418 3
253 1387 483 1429 Carachio.

727 1461 1135 1499 ARGUMENTUM.
1663 1477 1694 1514 4.

209 1524 416 1574 Respondet
443 1526 554 1562 Bruti
583 1526 717 1562 litteris
745 1527 788 1561 de
817 1526 933 1561 Cassii
960 1530 995 1561 et
1023 1526 1230 1562 Dolabellae
1255 1527 1359 1563 rebus
1376 1528 1414 1564 in
1432 1530 1536 1572 Asia,
1556 1534 1591 1566 et
1609 1531 1653 1566 de

551 1579 715 1615 Antonio
732 1581 949 1614 sententiam
969 1579 1150 1614 consultus
1167 1579 1306 1616 scribit.

648 1644 885 1686 CICERO
918 1644 1129 1686 BRUTO
1163 1646 1207 1687 S.

211 1700 408 1755 DATIS
445 1727 569 1754 mane
600 1729 638 1754 a.
661 1713 702 1754 cl.
729 1728 776 1754 vt
815 1713 880 1754 Id.
901 1712 1044 1768 April.
1083 1713 1262 1771 Scaptio
1295 1714 1463 1768 litteris,
1496 1718 1649 1761 eodem

206 1769 278 1811 die
299 1780 394 1811 tuas
416 1771 562 1826 accepi
590 1770 686 1811 Kal.
709 1770 846 1827 April.
875 1770 1123 1826 Dyrrachio
1145 1774 1266 1814 datas
1289 1775 1470 1830 vesperi.
1502 1776 1649 1831 itaque

206 1842 334 1869 mane
368 1829 476 1884 prid.
511 1827 575 1869 Id.
603 1829 708 1884 Apr.
739 1843 838 1869 cum
870 1845 894 1869 a
926 1828 1104 1884 Scaptio
1135 1830 1292 1870 certior
1324 1830 1464 1873 factus
1494 1847 1647 1884 essem,

207 1899 296 1926 non
327 1900 418 1926 esse
448 1900 520 1926 eos
552 1885 784 1941 profectos,
813 1887 972 1941 quibus
1013 1885 1147 1941 pridie
1180 1887 1394 1940 dederam,
1426 1900 1470 1930 et
1499 1891 1646 1933 statim

210 1942 287 1993 ire,
311 1942 393 1985 hoc
416 1942 650 1999 paullulum
672 1945 846 1984 exaravi
879 1944 973 2000 ipsa
1002 1944 1045 1984 in
1078 1945 1204 1986 turba
1234 1946 1459 1988 matutinae
1491 1947 1650 1989 saluta-

211 2000 357 2041 tionis.
420 2000 488 2041 De
521 2000 670 2042 Cassio
701 2000 840 2053 laet0r‚
862 2013 905 2041 et
932 2001 1182 2057 reipublicae
1205 2003 1422 2059 gratulor:
1455 2005 1561 2047 mihi
1584 2014 1650 2047 et·-

210 2057 312 2110 iam,
333 2058 423 2114 qui,
445 2067 712 2115 repugnante
743 2069 787 2099 et
817 2059 1026 2100 irascente
1059 2058 1214 2111 Pansa,
1237 2063 1494 2104 sententiam
1524 2063 1650 2105 dixe-

0 2096 2 2176 Ι
209 2115 307 2167 rim,
339 2125 388 2157 ut
421 2116 689 2157 Dolabellam
724 2115 832 2157 bello
865 2115 1040 2158 Cassius
1071 2128 1411 2173 persequeretur.
1471 2119 1529 2161 Et
1552 2122 1650 2177 qui-

209 2173 309 2214 dem
331 2173 534 2215 audacter
556 2174 769 2225 dicebam,
792 2174 913 2215 4sine
935 2183 1081 2215 nostro
1112 2175 1450 2218 senaticonsulto
1475 2177 1570 2234 jam
1601 2179 1652 2220 il-

0 2178 2 2309 l
209 2230 282 2271 lud
316 2246 414 2272 eum
448 2231 607 2273 bellum
642 2245 802 2287 gerere.
867 2231 934 2272 De
958 2241 999 2272 te
1031 2232 1162 2273 etiam
1195 2233 1288 2274 dixi
1324 2244 1431 2286 tum,
1454 2251 1552 2291 quae
1585 2236 1651 2277 di-

212 2289 349 2329 cenda
383 2289 546 2344 putavi.
609 2288 721 2331 Haec
755 2289 808 2330 ad
842 2297 884 2330 te
915 2289 1055 2330 oratio
1087 2289 1337 2346 perferetur,
1367 2294 1570 2348 quoniam
1608 2304 1652 2334 te

210 2346 339 2387 video
361 2345 562 2387 delectari
596 2346 854 2403 Philippicis
886 2347 1058 2388 nostris.
1120 2348 1251 2393 Quod
1282 2364 1350 2390 me
1380 2350 1433 2391 de
1456 2350 1652 2392 Antonio

212 2403 425 2453 consuli53
457 2405 598 2459 quoad
631 2404 756 2445 Bruti
790 2405 958 2445 exitum
997 2406 1290 2460 cognorimus,
1321 2408 1654 2451 custodiendum

212 2470 336 2517 puto.
398 2460 465 2501 Ex
499 2461 563 2501 his
595 2462 762 2514 litteris,
784 2476 889 2517 quas
920 2461 1027 2502 mihi
1061 2463 1230 2513 misisti,
1252 2463 1479 2506 Dolabella
1502 2466 1694 2507 Asiamh-

214 2533 371 2560 vexare
400 2519 586 2569 5videtur,
615 2528 659 2559 et
693 2519 736 2560 in
781 2533 831 2559 ea
865 2534 909 2560 se
946 2533 1094 2574 gerere
1136 2522 1382 2563 taeterrime.
1445 2523 1654 2580 Complu-

210 2576 331 2618 ribus
368 2586 511 2618 autem
543 2576 767 2633 scripsisti,
802 2576 1074 2620 Dolabellam
1105 2593 1130 2619 a
1159 2577 1346 2621 Rhodiis
1379 2594 1470 2621 esse
1506 2582 1655 2623 exclu—

259 2736 278 2764 3
306 2734 478 2773 Came-laio]
512 2734 563 2765 Ex
588 2734 730 2774 epistola
759 2739 916 2775 sequente
959 2745 1026 2766 non
1050 2736 1177 2776 placet:
1201 2747 1262 2768 nec
1284 2739 1374 2770 enim
1396 2739 1480 2770 solet
1494 2739 1561 2770 tale
1582 2749 1658 2782 pros

216 2777 425 2808 scribendum
449 2777 672 2816 Dyrrhachio,
695 2782 754 2808 aut
779 2779 823 2809 ibi
857 2779 917 2810 Ca-
959 2788 1081 2809 nomen
1104 2779 1190 2811 addi.
1214 2781 1312 2812 verbo
1336 2783 1455 2812 decreti
1469 2782 1555 2812 solet
1570 2783 1657 2820 addi,

215 2820 328 2850 rachio
357 2819 600 2860 reponendum:
629 2820 685 2851 sed
718 2820 916 2852 Caraclaium
960 2831 1028 2851 non
1056 2821 1116 2853 illi.
1144 2825 1176 2852 in
1204 2823 1255 2854 ed.
1282 2824 1455 2858 Cratandri
1480 2831 1529 2856 &t
1557 2826 1658 2857 etiam

217 2871 340 2893 nomen
356 2863 506 2902 nuspiam
525 2862 601 2893 alibi
618 2868 832 2894 memoratur.
958 2866 1066 2896 senati
1083 2866 1235 2896 consulto.

257 2907 276 2934 4
298 2905 366 2939 sine
381 2909 487 2937 nostro
500 2906 788 2947 senatusconsulto]
808 2910 917 2937 nostro
