1940 3231
744 114 956 156 LIBER
986 115 1040 156 11.
1521 119 1604 174 ,ιιιν

207 226 409 264 reducendo
428 213 517 274 quid
535 225 717 261 decretum
734 229 770 259 et
783 227 912 268 ‘actum
929 225 991 271 sit,
1012 227 1047 259 et
1065 223 1176 271 quale
1201 227 1317 259 totum
1337 228 1521 273 negotium
1537 228 1601 270 sit,

212 279 367 316 breviter
386 281 655 315 commemorat.

533 343 794 386 MARCUS
828 344 884 391 Q.
919 341 1149 384 FRATRI
1183 343 1227 384 S.

157 399 310 455 NON
334 415 633 471 occupatione,
658 428 742 469 qua
763 427 879 454 eram
903 427 1002 453 sane
1035 412 1284 468 impeditus,
1316 411 1388 453 sed
1422 413 1601 469 parvula

155 471 417 528 lippitudine
439 472 649 512 adductus
682 486 790 524 sum,
812 479 861 511 ut
883 470 1089 511 dictarem
1113 469 1226 510 hane
1256 470 1482 525 epistolam
1504 488 1514 513 ε
1556 481 1602 513 et

157 542 260 581 non,
284 540 329 571 ut
354 531 404 571 ad
441 541 482 570 te
516 528 647 578 soleo,
673 530 763 585 ipse
798 529 1045 569 scriberem.
1106 526 1163 568 Et
1198 527 1381 583 primum
1418 544 1484 569 me
1519 529 1601 570 tibi

152 600 316 628 excuso
340 589 380 628 in
405 602 455 627 eo
489 587 598 642 ipsO,
621 587 662 627 in
687 601 772 642 quo
797 595 837 626 te
868 600 1040 627 aecum.
1073 600 1140 626 me
1161 587 1275 626 enim
1307 586 1449 627 adhuc
1473 601 1600 629 nemo

155 646 342 701 rogavit,
367 660 466 685 num
501 645 604 700 quid
637 644 680 684 in
713 643 955 685 Sardiniam
991 643 1167 684 vellem:
1201 654 1243 684 te
1282 654 1388 699 puto
1431 647 1466 674 10
1481 659 1600 700 saepe

154 701 328 753 habere,
360 703 450 757 qui,
475 717 578 743 num
611 702 713 756 quid
749 702 935 743 Romam
967 701 1086 751 velis,
1108 712 1320 756 quaerant.
1383 702 1512 749 Quod
1545 702 1603 745 ad

153 774 222 800 me
244 760 297 801 de
322 760 490 801 Lentuli
517 770 562 801 et
592 760 715 800 Sexti
749 759 924 801 nomine
947 758 1171 815 scripsisti,
1193 758 1359 800 locutus
1383 775 1476 800 sum
1499 775 1601 802 cum

153 815 325 859 Cincio.
358 833 534 874 quoquo
568 818 697 858 modo
731 832 796 858 res
831 831 875 857 se
908 817 1054 868 habet,
1077 831 1164 857 non
1197 827 1260 857 est
1284 816 1504 869 facillima,
1526 819 1601 860 sed

152 873 287 917 habet
309 876 507 933 profecto
537 875 740 931 quiddam
767 874 965 916 Sardinia
983 875 1231 931 appositum
1254 875 1305 916 ad
1337 877 1600 917 recordatio-

152 947 250 974 nem
278 935 510 990 praeteritae
536 933 771 974 memoriae.
825 932 955 984 Nam,
981 935 1012 963 11
1036 942 1080 973 ut
1104 932 1173 973 ille
1197 932 1422 974 Gracchus
1446 932 1603 990 augur,

152 1002 436 1048 posteaquam
461 992 501 1032 in
527 994 652 1032 istam
677 990 943 1047 provinciam
971 991 1103 1040 venit,
1127 991 1374 1032 recordatus
1394 1001 1473 1044 est,
1496 992 1603 1048 quid

154 1048 253 1099 sibi,
289 1050 329 1090 in
367 1064 522 1105 campo
558 1049 724 1091 Martio
758 1049 938 1090 comitia
970 1047 1196 1090 consulum
1224 1048 1418 1099 habenti,
1450 1059 1604 1091 contra

153 1108 347 1163 auspicia
380 1108 631 1149 accidisset:
677 1107 737 1148 sic
774 1119 819 1147 tu
854 1105 958 1147 mihi
994 1106 1149 1148 videris
1182 1105 1225 1146 in
1265 1106 1463 1148 Sardinia
1498 1108 1603 1149 15-'de

152 1163 293 1205 forma
317 1165 588 1217 Minuciana,
607 1174 650 1206 et
667 1165 720 1206 de
740 1164 990 1205 nominibus
1019 1163 1330 1219 Pomponianis
1355 1164 1396 1205 in
1422 1165 1513 1205 otio
1538 1180 1602 1206 re-

151 1223 383 1279 cogitasse.
420 1238 423 1241 ·
446 1223 528 1264 Sed
552 1237 634 1279 ego
666 1222 808 1264 adhuc
829 1223 913 1263 emi
938 1222 1061 1264 nihil.
1123 1221 1344 1263 Culleonis
1369 1223 1514 1264 auctio
1538 1222 1604 1264 fa-

151 1289 222 1321 cta
246 1291 324 1323 est.
386 1280 631 1322 Tusculano
653 1291 794 1322 emtor
817 1295 943 1322 nemo
967 1280 1064 1321 fuit.
1102 1281 1136 1321 si
1160 1280 1355 1321 conditio
1380 1280 1502 1322 valde
1527 1282 1603 1322 bo·

148 1352 206 1379 na
229 1338 372 1390 fuerit,
397 1338 577 1380 fortasse
609 1354 694 1380 non
718 1338 932 1380 omittam.
996 1338 1064 1380 De
1096 1338 1387 1379 aedificatione
1419 1350 1491 1380 tua
1514 1338 1604 1395 Cy-

149 1410 245 1438 rum
272 1412 422 1453 urgere
445 1412 528 1438 non
554 1411 690 1438 cesso.
714 1411 839 1453 spero
862 1411 960 1438 eum
983 1397 1025 1437 in
1050 1396 1196 1437 officio
1221 1395 1327 1438 fore.
1360 1397 1431 1437 sed
1456 1398 1604 1438 omnia

152 1466 251 1495 sunt
285 1455 487 1507 tardiora,
511 1465 689 1511 propter
713 1457 749 1485 13
766 1454 940 1496 furiosae
963 1454 1183 1496 aedilitatis
1205 1454 1601 1511 exspectationem.

151 1511 265 1554 Nam
288 1514 467 1554 comitia
489 1515 580 1554 sine
604 1527 723 1554 mora
745 1511 891 1554 futura
913 1512 1128 1553 videntur.
1146 1512 1289 1554 edicta
1303 1522 1403 1553 sunt
1425 1527 1464 1553 a.
1486 1513 1528 1554 d.
1545 1525 1600 1555 xl

151 1568 252 1611 Kal.
278 1571 405 1612 Febr.
465 1570 526 1612 Te
550 1581 693 1611 tamen
726 1570 958 1611 sollicitum
981 1585 1071 1611 esse
1104 1570 1219 1611 nolo.
1257 1585 1386 1611 omne
1416 1585 1553 1627 genus
1576 1586 1605 1611 a.

147 1628 275 1669 nobis
302 1632 339 1660 14
352 1628 566 1670 cautionis
590 1628 884 1670 adhibebitur.
909 1628 978 1669 De
1000 1642 1100 1683 rege
1113 1628 1412 1670 Alexandrino
1435 1628 1602 1671 factum

147 1695 212 1727 est
235 1695 407 1728 senatus
440 1686 701 1737 consultum,
724 1701 824 1727 cum
856 1685 1136 1728 multitudine
1166 1701 1265 1727 eum
1299 1686 1461 1739 reduci,
1485 1686 1602 1743 peri-

146 1744 344 1786 culosum
376 1744 627 1800 reipublicae
660 1744 810 1786 videri.
873 1744 1059 1800 Reliqua
1091 1759 1190 1785 cum
1230 1753 1343 1786 esset
1372 1744 1416 1785 in
1449 1754 1602 1785 senatu

146 1802 388 1854 contentio,
434 1803 698 1844 Lentulusne
733 1817 785 1843 an
830 1802 1067 1859 Pompeius
1109 1802 1358 1854 reduceret3
1402 1802 1601 1844 obtinere

148 1875 324 1902 causam
361 1861 567 1902 Lentulus
602 1861 844 1902 videbatur.
907 1859 958 1901 In
992 1875 1042 1901 ea
1067 1875 1111 1901 re
1141 1876 1220 1902 nos
1249 1870 1293 1901 et
1315 1859 1462 1902 officio
1497 1863 1645 1917 ergab·

149 1918 382 1961 Lentulum
416 1919 612 1970 mirifice,
636 1929 680 1960 et
711 1918 924 1960 voluntati
960 1918 1157 1976 Pompeii
1193 1918 1397 1975 praeclarc
1429 1918 1600 1960 satisfe-

144 1977 298 2019 cimus.
331 1977 404 2018 sed
445 1992 519 2033 per
555 1978 870 2018 obtrectatores
907 1977 1078 2019 Lentuli
1122 1980 1158 2008 15
1174 1991 1238 2018 res
1273 1976 1489 2018 calumnia
1521 1991 1599 2018 ex-

146 2044 286 2076 tracta
307 2044 387 2076 est.
421 2035 656 2077 Consecuti
684 2045 783 2076 sunt
804 2035 895 2076 dies
918 2035 1173 2086 comitiales,
1197 2049 1273 2092 per
1294 2049 1402 2091 quos
1425 2045 1599 2077 senatus

144 2092 294 2134 haberi
311 2107 395 2134 non
419 2102 604 2150 poterat.
629 2093 748 2140 Quid
769 2092 963 2134 futurum
979 2093 1034 2134 sit
1055 2093 1285 2135 latrocinio
1308 2093 1598 2146 tribunorum,

144 2165 232 2192 non
256 2151 405 2192 divino
425 2168 434 2193 ε
467 2152 540 2193 sed
560 2161 704 2193 tamen
727 2152 937 2208 suspicor,
960 2167 1033 2208 per
1056 2152 1144 2193 vim
1170 2151 1494 2208 ffirogationem
1513 2151 1597 2193 Ca-

141 2208 312 2249 ninium
347 2209 626 2266 perlaturum.
700 2209 753 2250 In
786 2224 835 2251 ea
868 2224 912 2251 re
946 2210 1181 2266 Pompeius
1214 2209 1315 2265 quid
1354 2209 1471 2260 velit,
1507 2224 1596 2251 non

142 2266 343 2322 dispicio.
423 2267 671 2309 Familiares
713 2267 806 2323 ejus
849 2268 953 2324 quid
996 2269 1191 2324 cupiant,
1235 2282 1385 2308 omnes
1430 2267 1595 2310 vident.

144 2323 393 2366 Creditores
425 2340 526 2366 vero
557 2325 685 2382 regis,
714 2335 862 2383 aperte
894 2327 1098 2383 pecunias
1131 2326 1412 2382 suppeditant
1443 2329 1622 2367 contra'

186 2442 224 2470 10
245 2450 328 2480 saepe
344 2440 473 2480 habere]
491 2440 628 2480 Vulgati
644 2440 770 2471 addunt
786 2443 845 2472 etsi
889 2442 928 2472 cii
946 2442 1073 2482 Quinto
1089 2441 1251 2472 struendi.
1269 2441 1310 2472 cf.
1328 2452 1380 2482 ep.
1399 2442 1429 2471 6.

137 2490 205 2513 'mm
225 2493 377 2522 semper,-
401 2484 487 2522 quod
503 2489 552 2513 est
577 2484 742 2524 ineptum,
758 2483 845 2515 deie-
934 2488 970 2515 13
982 2484 1126 2524 furioso?
1139 2485 1320 2525 [edulitatis]
1342 2495 1388 2515 sc.
1406 2483 1589 2516 Clodianae.

138 2525 251 2565 vitque
271 2526 303 2556 Ρ.
321 2527 507 2563 Manutius,
521 2527 607 2565 quod
623 2528 658 2557 in
675 2527 753 2556 Mss.
771 2527 845 2568 plu·
932 2531 969 2558 14
993 2529 1166 2568 cautionis]
1203 2537 1247 2558 sc.
1270 2539 1289 2559 a
1313 2528 1421 2562 Clodii
1436 2528 1467 2558 vi
1480 2535 1515 2558 et
1538 2528 1594 2557 in«.

139 2568 230 2598 ribus
254 2578 320 2598 non
338 2576 513 2610 repererat.
539 2570 589 2600 ed.
605 2569 702 2600 Rom.
717 2570 762 2600 sic
786 2571 843 2601 ha·
887 2571 987 2601 sidiis.

140 2610 210 2648 bet,
229 2615 260 2641 te
269 2617 362 2650 puto,
377 2614 435 2642 etsi
450 2622 512 2643 non
526 2623 664 2653 semper,
679 2622 761 2652 δεῖρε
775 2624 844 2643 cer·
934 2617 970 2644 15
993 2623 1044 2643 res
1070 2614 1241 2644 calumnia
1269 2618 1354 2645 ezir.
1380 2614 1439 2653 est]
1466 2622 1511 2644 Sc.
1536 2624 1592 2643 ca-

135 2657 169 2683 te
185 2655 324 2684 habere.-
349 2655 461 2694 paullo
475 2655 605 2686 melius.
645 2656 707 2686 Sed
724 2656 844 2687 Manu·
886 2656 1015 2687 lnmnia
1046 2657 1225 2693 religionis,
1251 2657 1290 2688 de
1314 2667 1378 2697 qua
1407 2658 1441 2686 in
1473 2667 1524 2697 ep.
1549 2655 1591 2686 ad

137 2696 225 2726 tium
242 2698 346 2727 secuti
363 2707 489 2735 sumus,
505 2709 545 2729 ex
558 2701 650 2738 cujus
663 2701 842 2729 correctio·
885 2698 1068 2730 Lentulum
1085 2705 1145 2730 est.

138 2747 181 2769 ne
197 2739 288 2769 abest
304 2741 345 2770 ab
359 2740 409 2770 ed.
427 2741 501 2772 Ald.
517 2741 647 2781 nepotis
665 2743 799 2780 majore..
932 2745 968 2774 16
1005 2753 1034 2773 r.
1072 2742 1248 2774 Caninium
1272 2741 1500 2781 perlaturum]
1538 2742 1593 2773 De

182 2784 214 2812 1!
245 2786 280 2811 alt
303 2783 358 2813 ille
390 2783 572 2823 Gracchus]
598 2784 662 2815 Res
686 2792 843 2816 narratur
886 2785 1043 2826 Pompeio
1069 2796 1142 2815 Cum
1168 2786 1338 2816 lictoribus
1361 2785 1487 2815 duobus
1512 2785 1591 2815 mit·

133 2824 265 2867 planius
282 2825 362 2856 Nat.
380 2826 424 2856 D.
439 2826 486 2864 Π,
499 2829 531 2857 4.
546 2827 602 2858 ubi
620 2837 650 2857 v.
668 2827 839 2859 Boherius.
885 2829 986 2859 teudo
1017 2829 1056 2860 ad
1085 2828 1307 2858 reducendum
1339 2837 1450 2868 regem
1478 2827 1588 2859 Ptole·

135 2867 209 2898 add.
227 2867 302 2897 Div.
321 2868 349 2904 Ι,
368 2871 414 2903 17.
883 2881 1018 2904 meeum.
1036 2882 1068 2905 v.
1085 2871 1127 2904 ad
1143 2870 1263 2909 Diui,
1280 2873 1312 2902 2.

178 2912 217 2942 22
240 2910 279 2942 de
288 2909 411 2952 sbrma
425 2911 638 2954 Jlffmccz‘ana]
665 2922 710 2944 sc.
735 2913 838 2944 sedili,
