1940 3231
199 1134 233 1166 p.
252 1124 321 1155 155.

331 149 406 184 694
747 141 930 181 EPIST.
958 142 1037 180 AD
1064 140 1350 186 ATTICUM,

431 247 488 286 M),
505 246 585 296 μὰν,
605 247 730 297 inquit
748 248 825 291 ille,
843 246 990 285 :Earn-8327
1001 263 1040 294 γε
1056 249 1116 285 καὶ
1134 248 1269 288 aaa&
1287 245 1468 294 ἀπολοᾲιην
1481 266 1492 289 ,-

431 299 548 337 Ἀλλὰ
565 299 657 349 μέγα
676 299 765 351 ῥὲξοις
782 316 828 343 τι,
843 302 902 338 καὶ
921 300 1109 350 ἔσσομὲνοισι
1127 299 1308 338 πυθέσθαι.

333 384 438 441 Ejus
461 384 592 441 igitur
622 383 728 425 mihi
762 384 870 426 vivit
891 384 1150 434 auctoritas3
1186 395 1230 425 et
1259 383 1499 425 simillimus
1531 382 1623 438 ejus
1647 382 1760 425 filius

329 443 482 484 eodem
511 451 576 482 est
597 440 712 496 apud
741 455 810 481 me
845 441 1048 497 pondere,
1078 456 1164 496 quo
1197 442 1281 482 fuit
1312 441 1405 482 ille:
1445 455 1572 496 quem
1606 440 1769 482 salvere

330 500 459 541 velim
486 499 642 554 jubeas
678 497 924 553 plurimum.
983 497 1050 539 Tu
1083 508 1206 538 tuum
1242 499 1471 540 consilium
1504 497 1583 539 etsi
1605 512 1692 539 non
1723 497 1769 538 in

330 557 618 613 longinquum
650 565 820 611 tempus
854 554 1026 596 differs:
1057 555 1149 610 jam
1185 556 1301 597 enim
1324 555 1476 596 Silium
1509 564 1672 597 emtum
1697 569 1772 610 pa-

329 615 593 656 cificatorem
618 627 838 668 perorasse
862 623 983 668 puto,
999 612 1093 667 jam
1116 624 1261 654 aetum
1285 612 1447 668 aliquid
1477 628 1567 654 esse
1598 614 1642 654 in
1665 628 1770 655 con·

330 686 444 713 sessu
482 672 752 722 senatorum3
789 673 1002 723 (senatum
1027 669 1142 710 enim
1173 684 1258 710 nou
1296 681 1399 725 puto
1415 672 1445 721 ς)
1478 673 1655 712 4tamen
1679 687 1771 713 sus·

329 742 510 786 pensum
534 741 602 768 me
624 736 758 778 tenes,
782 727 853 768 sed
876 741 927 768 eo
952 727 1109 778 minus,
1133 727 1249 783 quod
1271 741 1357 767 non
1380 727 1548 779 dubito,
1570 729 1671 784 quid
1692 744 1771 771 no-

331 787 396 826 bis
419 785 634 841 agendum
662 795 800 840 puteS.
840 787 859 816 5
881 784 984 840 quid
1016 785 1129 825 enim
1168 784 1315 825 Flavio
1345 783 1560 840 legionem
1583 796 1626 827 et
1661 787 1771 828 Sici-

326 844 430 884 liam
459 842 549 883 dari
585 842 762 892 scribas,
784 852 828 882 et
856 841 898 882 id
924 843 1015 897 jam
1049 841 1169 882 fieri?
1212 856 1308 896 quae
1344 850 1391 882 tu
1424 842 1581 883 seelera
1613 845 1771 899 partim

329 901 484 957 parari,
498 899 644 955 etjam
661 899 860 955 cogitari,
875 899 1030 955 partim
1045 913 1100 940 ex
1119 908 1311 953 tempore
1328 897 1474 940 futura
1489 904 1664 942 censes?
1685 916 1769 958 ego

330 973 431 999 vero
456 957 642 1008 Solonis,
675 956 892 1012 popularis
926 957 1003 1008 tui,
1024 967 1071 997 ut
1100 965 1222 1012 puto,
1250 956 1380 996 etiam
1410 956 1511 1008 mei,
1535 956 1672 1012 legem
1695 974 1771 1000 ne-

331 1015 510 1072 gligam,
531 1014 605 1070 qui
635 1015 778 1070 capite
811 1014 970 1065 sanxit,
994 1013 1027 1054 si
1054 1014 1127 1069 qui
1163 1014 1205 1054 in
1238 1012 1448 1054 seditione
1480 1027 1567 1054 non
1597 1015 1771 1058 alterius

333 1074 469 1114 utrius
494 1072 626 1128 partis
650 1071 826 1124 fuisset3
859 1072 940 1112 nisi
965 1081 1009 1112 tu
1041 1071 1163 1112 aliter
1184 1084 1355 1122 censes3
1388 1080 1431 1111 et
1460 1070 1563 1112 hinc
1581 1072 1709 1114 abero
1728 1084 1773 1116 et

336 1130 428 1172 filii.
467 1130 540 1171 sed
571 1129 752 1170 alterum
776 1129 881 1170 mihi
907 1138 972 1170 est
993 1129 1176 1170 certius:
1202 1128 1311 1169 6nec
1336 1128 1581 1184 praeripiam
1606 1138 1773 1184 tamem

334 1188 599 1244 exspectabo
624 1196 743 1228 tuum
762 1186 989 1228 consilium
1007 1195 1049 1226 et
1062 1201 1132 1227 eas
1145 1185 1323 1236 litteras,
1338 1185 1420 1226 nisi
1433 1185 1635 1240 aliasjam
1651 1187 1772 1230 dedi-

333 1247 403 1297 sti,
423 1260 543 1301 quas,
557 1245 724 1301 scripsi,
748 1255 794 1285 ut
812 1243 1069 1300 Cephalioni
1086 1244 1222 1284 dares.
1247 1243 1378 1290 Quod
1397 1243 1563 1295 scribis,
1581 1258 1665 1285 non
1684 1260 1773 1301 quo

332 1303 530 1345 alicunde
553 1302 752 1353 audieris,
776 1301 848 1343 sed
869 1313 910 1342 te
932 1302 1073 1357 ipsum
1099 1310 1263 1356 putare,
1284 1315 1352 1341 me
1387 1308 1617 1342 attractum
1640 1302 1706 1354 iri,
1737 1304 1774 1345 si

331 1362 385 1403 de
420 1375 523 1417 pace
556 1370 731 1416 agatur:
770 1359 875 1400 mihi
907 1359 1084 1400 omnino
1108 1373 1195 1399 non
1231 1358 1412 1399 venitin
1446 1369 1651 1411 mentem,
1674 1375 1772 1417 quae

332 1421 469 1475 possit
491 1418 606 1459 actio
628 1432 718 1458 esse
738 1416 790 1457 de
815 1431 932 1472 pace,
955 1431 1051 1457 cum
1076 1415 1131 1457 illi
1155 1415 1442 1457 certissimum
1465 1416 1533 1467 sit,
1557 1417 1590 1458 si
1623 1419 1776 1473 possit,

331 1475 574 1532 exspoiiare
595 1474 805 1525 exercitu,
821 1486 864 1515 et
882 1474 1103 1530 provincia
1123 1473 1406 1529 Pompeium:
1430 1473 1510 1514 nisi
1526 1473 1638 1516 forte
1660 1478 1680 1509 7
1695 1476 1776 1518 iste

333 1533 593 1574 Summanus
630 1533 669 1574 ei
701 1541 845 1588 potest
873 1531 1140 1587 persuadere,
1185 1541 1244 1580 ut,
1283 1531 1385 1571 dum
1427 1540 1616 1573 oratores
1657 1543 1774 1584 eant,

333 1600 376 1632 et
399 1591 587 1641 redeant,
611 1590 819 1645 quiescat.
853 1588 958 1629 nihil
991 1589 1131 1639 video,
1154 1587 1268 1642 quod
1302 1600 1481 1643 sperem,
1517 1591 1626 1630 8aut
1656 1591 1772 1645 quod

326 1649 420 1704 jam
459 1657 606 1704 putem
650 1647 740 1688 fieri
786 1661 934 1702 posse;
982 1646 1055 1686 sed
1094 1655 1237 1686 tamen
1279 1644 1464 1685 hominis
1507 1644 1590 1687 hoe
1631 1647 1773 1703 ipsum

334 1706 475 1762 probi,
507 1713 582 1746 9et
610 1718 813 1760 magnum
845 1709 904 1744 τῶν
923 1706 1194 1744 πολιτικωτάτων
1225 1706 1435 1754 σκεμμάτων,
1461 1703 1776 1746 veniendumne

333 1764 387 1804 sit
411 1764 452 1804 in
477 1762 704 1804 consilium
738 1760 923 1817 tyranni,
948 1760 981 1800 si
1007 1759 1040 1800 is
1074 1759 1217 1815 aliqua
1238 1758 1290 1799 de
1312 1773 1356 1799 re
1381 1760 1493 1800 bona
1514 1760 1772 1803 deliberatu-

332 1836 402 1861 rus
443 1821 511 1861 sit.
547 1833 691 1875 quare,
715 1819 747 1859 si
784 1818 888 1874 quid
921 1817 1133 1872 ejusmodi
1168 1816 1373 1868 evenerit,
1406 1827 1452 1858 ut
1485 1832 1773 1862 arcessamur:

331 1877 465 1934 (quod
489 1876 688 1933 equidem
714 1891 799 1919 non
833 1890 937 1918 curo
957 1892 966 1917 :
998 1874 1103 1932 quid
1134 1874 1249 1915 enim
1272 1888 1406 1916 essem
1430 1875 1482 1916 de
1503 1889 1609 1932 paee
1631 1877 1773 1919 dictu·

374 2047 391 2075 3
415 2044 510 2073 illum
539 2047 663 2073 emtum
687 2040 950 2083 paezficatorem]
991 2041 1031 2072 C.

331 2086 524 2122 Curionem,
552 2096 569 2115 e
592 2084 745 2122 Veu.11,
761 2087 814 2115 48.
839 2084 890 2116 vel
914 2083 1032 2115 Volca-

331 2129 421 2158 tium
438 2138 536 2168 snpra
553 2127 614 2164 IX,
630 2130 682 2159 522.

374 2174 394 2200 4
417 2175 528 2201 lamen
549 2179 740 2210 suspensum
763 2179 814 2200 me
836 2168 938 2207 tenes]
966 2169 1031 2199 Bo-

331 2212 396 2242 sius
423 2224 440 2243 e
476 2213 617 2243 lectione
647 2213 727 2244 Mss.
756 2221 867 2243 meum
900 2212 1033 2248 detines,

331 2264 405 2293 quse
421 2261 455 2285 et
470 2259 519 2285 est
536 2255 570 2285 in
594 2255 646 2286 ed.
669 2255 766 2286 Rom.
781 2254 860 2284 fecit
885 2263 936 2284 me
960 2251 1035 2283 inde

332 2302 438 2327 tenes:
462 2297 518 2328 sed
532 2297 616 2327 illud
630 2298 706 2328 inde
722 2297 820 2327 nimiS
834 2296 946 2336 friget.
970 2297 1034 2327 ita-

333 2349 395 2378 que
412 2339 527 2369 delevi.

375 2384 393 2411 5
416 2382 496 2421 quid
508 2382 595 2412 enim
623 2381 916 2420 Flavio—scribas]
943 2380 1038 2423 ,Quid

332 2425 455 2453 srribas
467 2425 483 2454 ,9
505 2435 523 2454 e
538 2424 627 2454 libris
642 2434 705 2455 ser.
722 2434 780 2464 pro
796 2423 931 2462 vulgato
946 2423 1033 2463 quod

333 2467 457 2502 scribis,
473 2467 555 2496 bene
569 2466 660 2497 dedit
675 2467 807 2498 Rosius:
831 2466 886 2496 sed
897 2466 942 2496 sic
956 2471 1034 2496 ante

334 2507 386 2538 ed.
409 2508 505 2538 Rom.
534 2508 676 2539 alterum
700 2514 751 2539 est
776 2519 796 2540 a
817 2508 909 2538 Jens.
936 2517 1035 2547 quare

335 2550 439 2587 enim,
454 2550 546 2586 dicit,
566 2555 603 2580 tu
619 2551 700 2581 mihi
715 2551 778 2581 huc
803 2551 981 2590 scripsisses
997 2549 1036 2580 de

336 2592 461 2628 Flavio,
478 2592 540 2622 nisi
564 2592 622 2623 &e.
645 2592 684 2623 de
708 2593 819 2624 Flavio
837 2602 866 2623 v.
884 2593 976 2624 Clav.
1001 2592 1036 2622 iu

337 2635 380 2666 L.
398 2634 544 2665 Flavius.

380 2677 400 2708 6
421 2686 480 2707 nec
490 2677 684 2716 proetipiam
709 2676 834 2716 tamen]
860 2676 912 2706 Sic
934 2680 968 2706 et
983 2676 1034 2707 ed.

336 2719 433 2750 Rom.
447 2724 480 2749 et
495 2723 613 2749 ceterae
629 2723 709 2749 vett.
723 2729 783 2749 uec
795 2725 910 2749 tamen
925 2717 1036 2760 displi-

335 2766 389 2792 cet
413 2762 510 2792 lectio
536 2760 585 2791 ed.
611 2760 749 2791 Jensoni
766 2761 972 2800 proecipiam,
995 2761 1035 2791 de

336 2814 475 2843 quorum
489 2804 661 2834 verborum
679 2803 923 2843 permutatione
939 2803 1033 2843 paui-

334 2846 367 2879 l.»
391 2851 468 2878 ante
485 2845 636 2876 vidimus.
660 2846 764 2877 miror
780 2845 832 2876 hic
847 2845 1032 2876 Jensonum

1077 2040 1119 2070 ab
1143 2040 1296 2071 omnibus
1325 2039 1480 2080 proximis
1503 2038 1667 2070 desertum
1694 2048 1778 2078 esse,

1077 2093 1173 2122 quem
1191 2083 1269 2113 alias
1283 2087 1477 2122 sequuntur.

1119 2129 1136 2159 7
1162 2126 1219 2155 iste
1241 2124 1457 2164 summarius]
1485 2123 1539 2154 Sic
1565 2123 1637 2155 edd.
1661 2133 1777 2155 ornnes

1076 2172 1109 2197 et
1126 2167 1201 2199 libri
1223 2177 1285 2197 scr.
1300 2177 1360 2208 pro
1377 2177 1439 2207 quo
1465 2167 1500 2197 P.
1515 2166 1688 2197 Manutius
1704 2177 1779 2198 ma·-

1076 2209 1166 2240 iebat
1180 2211 1367 2241 nantarius.
1396 2219 1514 2250 nempe
1528 2209 1584 2239 ine
1599 2214 1704 2240 emtus
1710 2219 1778 2250 pa-

1076 2252 1236 2292 cfficator,
1252 2251 1291 2283 de
1307 2262 1371 2292 quo
1394 2256 1485 2289 ante,
1502 2256 1540 2282 ut
1555 2253 1703 2282 memorii
1715 2251 1780 2292 ju-

1077 2295 1161 2325 dices
1189 2304 1248 2334 pro
1273 2295 1383 2325 emtis.
1427 2294 1500 2324 δερ.
1527 2293 1712 2324 Gronovius
1736 2293 1777 2324 de

1077 2337 1269 2376 conjectum
1290 2337 1392 2367 edidit
1417 2336 1634 2373 Summanus,
1650 2336 1705 2375 qui
1727 2346 1779 2367 es-

1078 2385 1127 2409 set
1151 2379 1262 2410 Plum-
1286 2379 1454 2419 ingeniose
1471 2379 1596 2417 utique.
1625 2377 1664 2408 de
1679 2380 1778 2409 Sum-

1076 2421 1177 2452 mano
1193 2432 1221 2451 v.
1238 2420 1329 2453 Clav.
1373 2422 1455 2452 Eam
1479 2420 1612 2456 retinui,
1628 2421 1704 2459 quia
1719 2430 1778 2451 an-

1077 2464 1170 2503 tiqua
1191 2466 1395 2494 summarius
1416 2464 1486 2494 siue
1502 2461 1601 2493 dubio
1622 2461 1716 2500 falsa,
1732 2463 1782 2494 al-

1077 2510 1149 2536 tera
1162 2507 1264 2543 etiam
1278 2517 1296 2536 e
1309 2507 1499 2545 conjectura
1513 2508 1574 2534 est.

1122 2550 1139 2579 8
1163 2553 1222 2578 aut
1244 2548 1331 2588 quod
1341 2547 1422 2589 jam
1440 2557 1478 2588 p,
1493 2545 1530 2586 f.
1550 2545 1602 2586 μ]
1642 2547 1780 2578 Cori-exi

1079 2591 1164 2629 qaecod
1179 2600 1237 2631 pro
1257 2591 1344 2631 quid.
1361 2600 1438 2621 nam
1461 2596 1495 2620 et
1510 2594 1588 2619 ante
1609 2594 1655 2619 est
1681 2590 1780 2629 quod,

1079 2637 1114 2662 et
1130 2632 1162 2663 id
1175 2634 1258 2663 m'lzil
1272 2632 1443 2663 desiderat.
1459 2633 1484 2661 si
1499 2635 1583 2662 esset
1599 2639 1663 2661 non
1676 2632 1780 2670 video,

1079 2680 1221 2713 utroque
1237 2675 1309 2705 loeo
1324 2675 1404 2714 quid
1416 2683 1485 2704 esse
1500 2673 1645 2704 deberet.

1119 2721 1140 2750 9
1161 2721 1192 2746 ec
1210 2716 1385 2755 magnum]
1411 2720 1442 2746 et
1455 2715 1580 2746 habent
1596 2715 1671 2746 libri
1687 2719 1778 2746 vete-

1079 2768 1140 2796 res,
1157 2765 1194 2789 ut
1209 2764 1244 2788 et
1265 2759 1412 2788 Graevius
1427 2758 1530 2795 dedit,
1551 2767 1619 2788 non
1637 2758 1703 2789 sed.
1717 2767 1779 2797 pro

1078 2811 1241 2840 magnum
1264 2801 1359 2830 malit
1387 2810 1494 2832 unum
1519 2801 1682 2832 Muretus.
1705 2799 1778 2842 pla-

1078 2848 1143 2874 cet.
1161 2843 1218 2874 alii
1232 2842 1359 2874 addunt
1370 2844 1426 2874 sic.
