1940 3231
321 141 413 174 ὅου·
743 140 918 182 EPIST.
946 143 1024 181 AD
1052 142 1335 188 ATTICUM,
1371 198 1373 201 Ι

254 246 306 283 ‘23
757 245 991 289 CICERO
1023 246 1249 289 ATTICO
1282 247 1326 288 S.

321 296 667 357 NUMQUAM
691 322 790 354 ante
812 315 995 355 arbitror
1018 324 1058 356 te
1079 315 1303 370 epistolam
1325 328 1461 354 meam
1481 313 1648 369 legisse,
1666 313 1750 356 nisi

317 380 413 407 mea
435 382 561 408 manu
587 369 805 425 scriptam.
837 385 891 412 ex
921 386 972 412 eo
995 372 1195 428 colligere
1228 371 1400 428 poteris,
1431 382 1591 425 quanta
1620 385 1751 412 occu-

319 424 493 479 patione
515 425 734 467 distinemz
767 442 880 478 nam,
905 443 1003 469 cum
1025 429 1146 470 vacui
1173 429 1376 484 temporis
1400 427 1505 468 nihil
1530 427 1747 479 haberem,

317 490 361 520 et
383 495 495 533 cum,
523 483 764 524 recreandae
788 485 951 526 voculae
983 500 1125 535 causa,
1155 499 1325 527 necesse
1355 499 1445 525 esse
1469 484 1572 525 mihi
1596 486 1753 526 ambu-

318 537 417 589 lare,
450 539 541 580 liaee
571 540 730 581 dictavi
756 541 994 582 ambulans
1056 541 1247 583 Primum
1279 542 1411 598 igitur
1445 541 1546 582 illud
1577 551 1621 582 te
1640 542 1751 584 scire

320 595 430 643 volo,
474 596 877 651 Sampsiceramum,
911 609 1101 640 nostrum
1138 600 1339 649 amicum,
1375 598 1749 640 vehementer'siti

317 662 451 693 status
475 653 714 708 poenitere3
744 655 997 711 restituique
1029 656 1070 696 in
1098 671 1196 697 eum
1227 656 1367 696 locum
1390 670 1560 712 cupere,
1582 670 1636 697 ex
1659 665 1752 711 quo

315 710 499 751 decidit:
533 709 808 766 doloremque
839 727 962 752 suurn
998 714 1217 769 impertire
1250 713 1388 764 nobis,
1418 723 1463 753 et
1490 713 1760 755 medicinam*

318 767 528 807 interdum
551 776 695 823 aperte
716 781 931 821 quaerere3'
951 770 990 800 56
1003 785 1130 825 quam
1149 784 1230 827 ego
1254 784 1425 825 possum
1445 769 1636 811 invenire
1653 770 1761 811 nul:

317 822 421 865 lam:
470 834 566 879 post
600 824 754 865 deinde
793 840 940 866 omnes
979 827 1090 867 illius
1123 827 1252 881 partis
1284 836 1484 868 auctores·
1511 841 1560 867 ac
1591 828 1746 878 socios,

317 880 432 921 nullo
455 881 710 931 adversario,
740 896 1068 935 consenescere3
1101 884 1423 924 consensionem
1449 883 1746 925 universorum

318 952 394 978 nec
418 938 665 988 voluntatis,
688 952 765 980 nec
788 941 994 980 sermonis
1019 939 1223 996 majorem
1248 955 1448 995 nmquam
1474 939 1616 980 fuisse.
1651 941 1762 982 Nos*

204 1011 233 1042 p.
251 1005 455 1034 aaantem
482 999 599 1048 (nam
623 995 663 1036 id
690 1003 730 1036 te
752 997 858 1036 scire
880 1011 1050 1052 cupere,
1079 1008 1197 1038 certo·
1219 997 1327 1045 scio)
1351 997 1534 1052 publicis
1554 997 1762 1039 consiliis*

272 1056 301 1076 ἃ·
316 1051 440 1092 nullis
463 1053 734 1104 intersumus,
769 1063 969 1109 totosque
999 1069 1074 1095 nos
1104 1054 1154 1094 ad
1186 1053 1396 1094 forensem
1426 1067 1601 1109 operam
1624 1054 1744 1096 lab'o-

313 1122 488 1164 remque
514 1109 789 1151 contulimus.
821 1125 874 1151 ex
904 1126 1005 1166 quo,
1028 1111 1142 1166 quod
1167 1110 1290 1151 facile
1322 1110 1503 1166 intelligi
1528 1112 1677 1166 possit,
1699 1112 1757 1154 in'

313 1165 447 1207 multa
469 1168 880 1208 commemoratione
915 1183 1057 1209 earum
1085 1183 1237 1217 rerum,
1260 1183 1364 1223 quas
1387 1171 1612 1223 gessimus,
1633 1169 1749 1210 desi-

312 1223 514 1279 derioque
537 1239 766 1265 versamur.
799 1226 869 1265 sed
898 1228 1056 1272 βοώπιὸος
1093 1236 1248 1266 nostrae
1281 1224 1626 1280 consanguineus
1656 1240 1744 1267 non

312 1281 539 1322 mediocris
563 1292 742 1322 terrores
770 1281 881 1337 jacit
903 1292 1031 1337 atque
1053 1283 1291 1333 denuntiat,
1327 1292 1370 1322 ct
1401 1282 1746 1337 Sampsiceramo

308 1348 465 1393 negat3
497 1339 648 1379 ceteris
673 1353 759 1394 prae
784 1354 827 1379 se
857 1339 953 1390 fert,
975 1350 1018 1380 et
1046 1349 1249 1380 ostentat.
1311 1339 1621 1390 Quamobrem,
1652 1343 1691 1374 57
1706 1340 1759 1381 si*

310 1409 376 1435 me
400 1410 514 1435 arnas
537 1405 718 1445 tantum,
734 1407 942 1450 quantum
962 1396 1154 1452 profecto
1173 1411 1314 1447 amas;
1337 1397 1370 1436 si
1395 1396 1570 1445 dormis,
1588 1410 1748 1452 expet-4

307 1452 495 1507 giscere3
528 1454 560 1493 si
594 1464 695 1502 staS,
727 1454 971 1509 ingredere3
1004 1454 1036 1494 si
1070 1453 1318 1509 ingrederis,
1350 1467 1497 1506 curre3
1526 1455 1559 1493 si
1591 1454 1742 1506 curris,

306 1509 473 1549 advola.
513 1509 731 1551 Credibile
754 1525 838 1551 non
864 1523 941 1560 est,
964 1521 1171 1565 quantum
1196 1525 1277 1564 ego
1302 1511 1342 1550 in
1365 1510 1553 1551 consiliis
1576 1520 1618 1551 et
1642 1525 1743 1566 pru-

305 1565 451 1606 dentia
484 1576 570 1617 tua,
593 1567 705 1622 quod
742 1568 975 1608 maximum
1008 1577 1087 1619 est,
1110 1578 1317 1622 quantum
1350 1568 1394 1607 in
1425 1581 1569 1607 amore
1590 1577 1632 1608 et
1655 1568 1743 1610 fide

309 1636 481 1678 ponam.
507 1624 758 1680 magnitudo
778 1626 832 1665 rei
854 1625 1026 1681 longam
1045 1626 1282 1666 orationem
1305 1623 1483 1665 fortasse
1501 1625 1714 1666 desiderat
1728 1632 1756 1668 :³

308 1681 561 1735 conjunctio
600 1695 697 1722 vero
737 1693 979 1722 nostrorum
1018 1683 1257 1723 animorum
1295 1682 1504 1722 brevitate
1537 1687 1745 1724 contenta·

308 1748 386 1778 est.
425 1739 646 1794 permagni
671 1748 814 1779 nostra
838 1739 1028 1790 interest,
1055 1750 1110 1789 te,
1141 1740 1174 1779 si
1203 1739 1390 1780 comitiis
1419 1753 1502 1779 non
1534 1740 1754 1795 potueris,

308 1804 367 1846 at,
389 1795 602 1836 declarato
627 1795 713 1847 illo,
735 1810 825 1836 esse
849 1796 1018 1838 Romae.
1080 1796 1210 1847 Cura,
1234 1805 1279 1836 ut
1303 1795 1457 1837 valeas.
1632 1813 1636 1816 ’

240 1884 294 1922 94
738 1885 971 1928 CICERO
1002 1885 1231 1927 ATTICO
1263 1886 1308 1927 S.

307 1939 482 2001 QUAS
507 1952 735 1994 Numestio
760 1953 922 1995 litteras
943 1954 1056 2005 dedi,
1079 1954 1140 1994 sic
1165 1964 1204 1994 te
1226 1954 1277 1994 iis
1294 1953 1544 2006 evocabam,
1564 1961 1612 1996 ut
1630 1953 1745 1996 nihil.

302 2009 457 2060 acrius,
482 2024 618 2065 neque
647 2011 866 2052 incitatius
903 2011 993 2052 fieri
1032 2019 1188 2066 posset.
1220 2011 1272 2051 ad
1308 2011 1420 2051 illam
1457 2014 1598 2052 κέλευον
1629 2012 1739 2053 adde

301 2065 447 2116 etiam,
479 2067 511 2107 si
543 2067 645 2122 quid
678 2077 814 2124 potes.
846 2083 895 2109 ac
924 2083 976 2109 ne
1009 2070 1064 2108 sis
1089 2069 1386 2123 perturbatus3
1420 2068 1520 2109 novi
1543 2068 1656 2110 enim
1680 2077 1738 2120 te,

301 2132 345 2162 et
366 2137 453 2164 non
476 2124 643 2180 ignoro,
665 2140 793 2181 quam
811 2125 866 2166 sit
884 2140 1004 2166 amor
1026 2126 1164 2165 omnis
1184 2125 1391 2166 sollicitus
1410 2136 1539 2180 atque
1557 2126 1736 2168 anxius:

302 2179 374 2220 sed
399 2195 462 2221 res
484 2191 562 2231 est,
590 2192 637 2222 ut
667 2197 806 2238 spero,
836 2197 924 2223 non
953 2192 1039 2223 tam
1061 2183 1181 2223 exitu
1206 2182 1398 2233 molesta,
1421 2196 1549 2237 quam
1571 2183 1749 2224 audiun

300 2235 474 2279 Vettius
495 2238 579 2288 ille,
600 2239 667 2280 ille
688 2249 830 2280 noster
854 2240 998 2291 index,
1022 2239 1200 2290 Caesari,
1222 2249 1268 2280 ut
1293 2239 1589 2295 perspicimus,
1611 2240 1737 2295 polli-

301 2294 412 2334 citus
435 2305 514 2346 est,
536 2310 628 2336 sese
647 2306 910 2348 curaturum,
931 2307 976 2338 ut
995 2297 1035 2337 in
1056 2297 1240 2351 aliquam
1259 2297 1548 2352 suspicionem
1571 2296 1738 2337 facinoP

300 2351 357 2390 ris
383 2351 515 2393 Curio
541 2352 650 2394 filius
673 2353 968 2396 adduceretur.
999 2355 1144 2409 itaque
1172 2354 1410 2394 insinuatus
1437 2353 1481 2393 in
1515 2352 1758 2399 familiari-'

302 2415 432 2448 tatem
456 2409 753 2462 adolescentis,
775 2421 820 2452 et
840 2427 939 2453 cum
959 2427 1026 2462 eo,
1050 2422 1096 2452 ut
1118 2425 1182 2451 res
1202 2411 1376 2460 indicat,
1400 2424 1516 2466 saepe
1533 2418 1738 2466 congres-

258 2471 387 2515 b.suS,
411 2469 450 2497 58
464 2480 551 2507 rem
585 2468 627 2508 in
659 2482 757 2508 eum
787 2468 930 2510 locum
961 2468 1157 2519 deduxit,
1179 2477 1229 2508 ut
1257 2467 1432 2518 diceret,
1457 2467 1540 2507 sibi
1565 2478 1751 2509 certum·

342 2577 383 2609 56
405 2579 505 2619 quam
527 2590 584 2619 ego
601 2590 733 2620 possum
755 2582 900 2614 invenire
920 2585 995 2614 nul-
1082 2584 1120 2615 57
1151 2582 1179 2612 .ςί
1208 2591 1258 2611 me
1284 2580 1545 2620 amas—amas]
1577 2580 1748 2622 Videatur*>

299 2620 384 2660 Iam]
423 2621 477 2657 Sic
500 2632 577 2653 cum
605 2623 734 2654 Graevio
761 2626 909 2664 rescripsi
937 2636 995 2666 pro
1039 2633 1239 2663 consequens
1255 2623 1407 2655 excidisse
1420 2634 1426 2652 :
1451 2622 1506 2652 sed
1522 2622 1583 2653 boc
1600 2633 1658 2664 pro
1672 2633 1732 2654 an-

298 2662 432 2702 vulgato
450 2672 542 2704 posse
555 2665 709 2702 inveniri,
725 2669 763 2696 ut
786 2671 821 2696 et
843 2667 938 2698 Man.
961 2674 996 2699 et
1037 2666 1208 2697 tecedente
1219 2668 1281 2702 est,
1296 2666 1324 2696 .ςί
1334 2665 1465 2700 dormis,
1479 2674 1550 2704 θη).
1565 2668 1599 2695 et
1610 2665 1748 2705 reliqui

297 2703 385 2736 Vict.
401 2706 541 2743 edidere,
556 2706 742 2747 habentque
755 2708 833 2739 Mss.
848 2707 993 2748 quidam.
1038 2718 1096 2748 pro
1113 2712 1348 2747 consequente.
1666 2740 1669 2742 ,
1756 2707 1759 2713 ’

295 2746 378 2778 Edd.
403 2758 450 2788 pr.
461 2758 552 2790 posse
566 2749 718 2786 inveniri,
735 2750 820 2781 unde
836 2761 927 2790 posse
942 2753 990 2782 in-
1078 2752 1117 2782 58
1134 2761 1201 2781 rem
1217 2751 1251 2780 in
1264 2760 1338 2780 eum
1353 2751 1458 2780 locum
1470 2749 1616 2786 deduxit,
1631 2754 1669 2780 ut
1684 2750 1738 2784 di,-

295 2790 400 2820 veniri
413 2791 551 2829 factum,
568 2791 602 2822 iu
618 2802 681 2831 quo
697 2793 757 2823 int.
774 2793 854 2829 dari.
884 2793 946 2824 Sed
961 2793 994 2824 id
1035 2793 1133 2832 εει-ἑὲ]
1159 2803 1204 2824 sc.
1222 2791 1367 2823 Curioni.
1384 2791 1418 2822 id
1432 2795 1542 2823 autem
1559 2792 1648 2827 fecit,
1661 2797 1699 2828 ut
1713 2792 1737 2830 ξ
1752 2824 1755 2825 ⁷

295 2829 407 2862 durius
422 2837 482 2864 est.
506 2843 564 2873 pro
583 2831 656 2873 post
671 2834 784 2866 deinde
798 2835 827 2865 T
831 2835 993 2866 unstallus
1037 2835 1180 2865 Curione
1195 2834 1328 2865 eliceret
1345 2834 1478 2874 aliquid,
1498 2834 1592 2877 quod>
1607 2828 1757 2879 deferr-§s

296 2882 327 2911 p.
344 2876 396 2905 4⁴.
416 2875 497 2915 legit
510 2876 616 2918 ᾁπλὶὖς
629 2876 754 2914 deinde,
768 2882 803 2917 et
817 2876 849 2906 id
860 2887 944 2918 saepe
959 2876 993 2908 in
1036 2881 1070 2906 et
1086 2877 1160 2907 inde
1175 2877 1327 2907 facinoris
1341 2883 1529 2918 suspectum
1541 2875 1646 2908 facere
1659 2877 1734 2918 pefi-

289 2920 363 2954 post
379 2923 545 2949 mutatum
568 2918 656 2949 dicit.
675 2923 748 2959 post
763 2920 877 2950 deinde
891 2920 992 2952 etiarn
1035 2923 1097 2959 set·
1141 2919 1204 2950 Sed
1219 2928 1268 2949 res
1283 2918 1379 2950 alite]-
1394 2918 1523 2950 cecidit·

295 2957 372 2990 alibi
389 2962 545 2999 occurrit,
563 2967 601 2992 ut
615 2962 823 3002 deindepost.
