1940 3231
320 137 398 182 97⁶
748 131 922 182 EPIST.
949 144 1029 181 AD
1054 144 1325 184 BRUTUM.

320 242 481 293 Labeo,
503 249 546 284 et
568 242 783 302 Scaptius.
842 246 902 288 At
935 247 1006 289 illa
1037 249 1195 301 retulit,
1217 248 1515 305 quaesivitque,
1537 246 1748 304 quidnam'

317 299 425 340 mihi
459 300 696 345 videretur:
729 318 1090 347 arcesseremusne
1132 317 1187 358 te,
1223 317 1351 362 atque
1391 306 1433 346 id
1470 307 1548 346 tibi
1581 306 1743 347 condu-

317 370 413 398 cere
448 367 707 414 putaremus,
729 375 782 401 an
815 362 982 403 tardare
1015 375 1059 403 et
1095 364 1348 404 commorari
1373 373 1414 404 te
1435 362 1584 403 melius
1616 371 1741 403 esset.

320 413 539 470 Respondi
574 417 631 467 id,
654 418 765 472 quod
800 418 1033 459 sentiebam
1067 429 1110 460 et
1139 420 1341 476 dignitati
1367 430 1409 460 et
1431 419 1742 460 existimationi

185 471 405 512 p-289.tuae
446 473 633 513 maxime
668 473 921 525 conducere,
954 486 994 516 te
1039 477 1176 531 primo
1206 492 1376 532 quoque
1414 487 1605 532 tempore
1636 476 1745 516 ferre

272 523 563 584 ⁸‘praesidium
590 529 748 572 labenti
771 543 814 572 et
837 531 1051 573 inclinatae
1075 532 1337 589 reipublicae.
1392 533 1509 581 Quid
1531 533 1645 574 enim
1666 533 1744 572 ab·

313 599 406 626 esse
436 600 581 626 censes
613 587 712 628 mali
742 587 788 628 in
818 603 869 629 eo
902 588 1026 639 bello,
1046 589 1088 630 in
1111 604 1195 645 quo
1219 591 1399 631 victores
1430 591 1643 631 exercitus
1674 589 1742 629 fu-

313 643 503 698 gientem
537 643 703 685 hostem
745 647 939 701 persequi
972 645 1220 690 noluerunt?
1257 656 1300 687 et
1332 647 1373 687 in
1397 662 1482 702 quo
1512 645 1738 688 incolumis

311 699 560 755 imperator,
575 699 808 743 honoribus
824 702 1108 757 amplissimis,
1128 702 1394 759 fortunisque
1410 704 1621 755 maximis,
1638 717 1741 744 eon—

305 755 431 811 juge,
460 756 620 808 liberis,
642 759 764 799 vobis
786 759 986 800 affinibus
1008 771 1196 812 ornatus,
1220 761 1377 802 bellum
1396 760 1642 816 reipublicae
1675 760 1741 801 in-

312 813 501 855 dixerit?
549 814 666 860 Quid
691 815 845 867 dicam,
869 817 911 857 in
933 827 1052 858 tanto
1075 827 1244 859 senatus
1265 818 1498 874 populique
1519 831 1742 868 consensu,

311 884 410 910 eum
431 878 597 912 tantum
616 871 795 913 resideat
817 875 927 914 intra
944 888 1087 915 muros
1109 875 1234 916 mali?
1255 875 1445 916 maximo
1465 881 1622 925 autem,
1639 889 1738 916 cum

309 926 408 969 haec
439 928 693 981 scribebam,
716 929 934 972 afficiebar
964 931 1136 973 dolore:
1168 933 1300 988 quod,
1323 947 1418 973 cum
1444 946 1510 971 me
1540 944 1618 986 pro
1639 930 1741 971 ado-

311 983 546 1025 lescentulo
568 1001 617 1027 ac
639 1001 763 1042 paene
786 1002 916 1043 puero
948 989 1189 1044 respublica
1218 990 1454 1045 accepisset
1477 989 1642 1039 vadem,
1666 987 1741 1028 vix

312 1040 503 1092 videbar,
525 1044 639 1097 quod
666 1046 954 1100 promiseram,
978 1056 1179 1101 praestare
1201 1061 1337 1103 posse.
1383 1045 1459 1086 Est
1480 1054 1622 1086 autem
1645 1058 1742 1101 gra-

311 1098 406 1139 vior
426 1108 469 1139 et
490 1099 706 1142 diffieilior
727 1103 855 1142 animi
880 1113 922 1142 et
944 1104 1184 1153 sententiae,
1208 1103 1409 1144 maximis
1438 1102 1672 1158 praesertim
1697 1102 1740 1143 in

311 1157 453 1206 rebus,
476 1171 552 1211 pro
575 1158 862 1215 altero,quam
888 1160 1080 1215 pecuniae
1104 1160 1327 1217 obligatio.
1362 1159 1473 1201 Haee
1495 1159 1606 1199 enim
1631 1158 1738 1200 solvi

309 1222 468 1267 potest,
492 1223 536 1254 et
565 1225 630 1254 est
659 1215 717 1256 rei
750 1216 970 1257 familiaris
994 1217 1168 1272 jactura
1198 1217 1453 1258 tolerabilis:
1488 1216 1735 1271 reipublicae

309 1270 426 1324 quod
462 1272 756 1327 spoponderi3‚
778 1274 1138 1329 quemadmodum
1179 1275 1330 1324 solvas,
1363 1274 1440 1314 nisi
1481 1273 1515 1314 is
1551 1272 1735 1328 dependi

311 1327 435 1368 facile
468 1330 642 1383 patitur,
674 1344 751 1385 pro
780 1345 865 1385 quo
908 1331 1217 1387 spoponderis?
1247 1345 1506 1387 ‹piamquam
1536 1339 1580 1370 et
1619 1330 1735 1370 hunc

306 1387 375 1435 (ut
396 1387 539 1439 spero)
562 1388 716 1427 tenebo
740 1387 883 1428 multis
906 1389 1259 1444 repugnantibus.
1283 1388 1450 1429 videtur
1471 1386 1583 1428 enim
1617 1386 1659 1427 in
1684 1401 1735 1426 eo

306 1454 397 1481 esse
419 1443 597 1495 indoles,
619 1444 691 1485 sed
714 1444 916 1485 flexibilis
949 1454 1067 1496 aetas,
1090 1446 1298 1500 multique
1329 1445 1381 1486 ad
1412 1444 1732 1500 depravandum

306 1498 458 1552 parati,
489 1500 577 1554 qui,
608 1501 831 1556 splendore
862 1501 953 1543 falsi
988 1503 1162 1543 honoris
1193 1503 1382 1558 objectO,
1412 1502 1596 1542 73acie1n
1631 1501 1732 1541 boni

304 1556 468 1610 ingenii
510 1558 752 1614 praestringi
797 1573 920 1614 posse
960 1559 1200 1600 confidunt.
1261 1559 1414 1614 Itaque
1451 1558 1505 1599 ad
1547 1557 1731 1613 reliquos

303 1611 375 1653 hie
405 1627 577 1668 quoque
610 1615 730 1656 labor
761 1616 865 1656 mihi
898 1617 1091 1667 accessit,
1124 1629 1170 1657 ut
1201 1631 1348 1657 omnes
1387 1615 1613 1656 adhibeam
1646 1630 1736 1656 ma-

299 1669 452 1710 chinas
483 1671 533 1711 ad
567 1672 797 1713 tenendum
829 1673 1158 1722 adolescentem,
1191 1688 1242 1715 ne
1273 1674 1431 1714 famam
1462 1673 1635 1713 subeam
1671 1681 1732 1712 te-

302 1727 528 1768 meritatis.
566 1743 824 1784 quamquam
868 1745 965 1785 quae
1016 1732 1232 1771 temeritas
1281 1733 1375 1771 est?
1427 1729 1564 1784 magis
1615 1729 1731 1769 enim

301 1783 436 1834 illum,
469 1799 546 1839 pro
581 1801 667 1840 quo
703 1788 932 1842 spopondi,
965 1802 1090 1842 quaxn
1126 1802 1193 1828 me
1224 1786 1430 1842 obligavi.
1502 1786 1596 1827 Nee
1631 1799 1732 1827 vero

299 1842 514 1896 poenitere
547 1852 689 1896 potest
719 1844 1042 1899 rempublicam,
1068 1858 1134 1885 me
1167 1859 1242 1899 pro
1265 1858 1315 1885 eo
1337 1843 1634 1899 spopondisse,
1655 1843 1729 1898 qui

298 1897 383 1938 fuit
422 1898 464 1938 in
501 1901 624 1940 rebus
659 1901 856 1955 gerendis
893 1916 992 1942 cum
1029 1917 1105 1942 suo
1140 1902 1329 1957 ingenio,
1369 1910 1461 1941 tum
1500 1914 1594 1940 mea
1632 1913 1731 1956 pro-

299 1955 502 1996 missione
531 1959 812 1998 constantior.
874 1957 1099 1999 Maximus
1131 1970 1274 1999 autem
1297 1958 1397 2010 (nisi
1431 1971 1497 1997 me
1519 1956 1630 1997 forte
1652 1957 1731 1998 fal-

253 2011 367 2061 b-lit)
390 2013 431 2052 in
456 2013 676 2068 republica
707 2015 843 2056 nodus
874 2024 952 2065 est,
976 2016 1123 2072 inopia
1154 2016 1211 2056 rei
1245 2014 1518 2071 pecuniariae.
1541 2014 1728 2055 74obdu-

299 2080 472 2111 rescunt
500 2071 616 2111 enim
646 2072 785 2127 magis
807 2073 1001 2127 quotidie
1033 2072 1136 2114 boni
1168 2073 1247 2113 viri
1279 2073 1332 2113 asl
1364 2085 1512 2112 vocem
1544 2071 1723 2113 tributi:

294 2127 411 2180 quod
446 2141 501 2168 ex
534 2128 768 2169 centesima
797 2129 1000 2171 collatum
1037 2130 1327 2185 75impudenti
1367 2143 1497 2169 censu
1537 2127 1727 2183 locuple-

296 2193 388 2224 tum
415 2184 458 2224 in
479 2184 660 2226 duarum
681 2185 901 2241 legionum
923 2187 1112 2242 praemiis
1141 2201 1270 2228 omne
1299 2185 1579 2227 eonsumitur.
1643 2184 1730 2226 [m-

294 2240 483 2295 pendent
504 2251 649 2283 autem
669 2242 828 2284 infiniti
850 2253 1015 2285 sumtus
1037 2258 1135 2285 cum
1156 2244 1199 2285 in
1221 2244 1299 2285 hos
1321 2243 1551 2292 exereitus,
1569 2241 1726 2297 quibus

294 2311 408 2339 nunc
431 2298 715 2350 defendimur,
738 2309 830 2341 tum
854 2315 953 2342 vero
976 2301 1019 2342 in
1048 2310 1185 2342 tuum.
1247 2300 1360 2342 Nam
1385 2299 1559 2341 Cassius
1581 2309 1726 2340 noster

292 2354 462 2396 videtur
494 2370 617 2411 posse
647 2357 750 2398 satis
781 2368 955 2399 ornatus
979 2358 1136 2400 venire.
1200 2358 1285 2399 Sed
1314 2367 1358 2399 et
1387 2357 1497 2407 haec,
1517 2364 1561 2396 et
1590 2355 1726 2397 multa

291 2411 376 2451 alia
404 2427 549 2454 coram
579 2414 724 2469 cupi0,
755 2414 883 2469 idque
913 2430 1040 2471 quam
1085 2416 1286 2471 primum.
1346 2414 1415 2456 De
1451 2412 1605 2454 sororis
1637 2422 1723 2454 tuae

292 2467 390 2508 filiis
420 2484 506 2510 non
537 2472 801 2525 exspectavi,
825 2472 972 2523 Brute,
994 2472 1098 2513 dnm
1129 2473 1350 2514 scriberes.
1412 2470 1602 2512 Omnino
1625 2468 1723 2524 jam

289 2535 484 2581 tempora
501 2527 678 2579 (bellum
699 2529 813 2569 enirn
836 2530 1034 2578 ducetur)
1057 2530 1267 2585 integram
1291 2529 1371 2569 tibi
1394 2541 1566 2569 causam
1588 2540 1721 2566 reser-

291 2593 405 2624 vant.
467 2584 551 2625 Sed
581 2599 663 2640 ego
686 2600 711 2625 a
735 2586 965 2642 principiO,
987 2601 1086 2629 cum
1115 2587 1309 2628 divinare
1339 2585 1392 2626 de
1425 2584 1521 2625 belli
1552 2582 1719 2624 diutur-⁴

330 2728 349 2759 ἵ
353 2728 370 2756 3
394 2728 496 2759 aciem
514 2729 541 2759 b.
556 2731 578 2759 i.
589 2731 782 2770 praestringi
797 2740 888 2770 posse
909 2741 982 2763 con-
1024 2731 1107 2763 bene
1123 2731 1234 2762 habet.

275 2767 409 2811 fidunt]
435 2770 623 2811 Legendum
639 2777 720 2813 puto
736 2774 934 2813 praestz'nguz'
949 2779 983 2805 et
1066 2776 1107 2808 75
1135 2773 1318 2813 impudenti
1342 2782 1440 2804 censu
1468 2764 1600 2811 locupl]
1635 2768 1722 2799 Cum

287 2810 463 2850 confidant.
1023 2815 1204 2857 locupletes
1218 2816 1316 2846 solita
1326 2814 1530 2857 impudentia
1542 2812 1719 2845 minimum

329 2855 370 2884 74
392 2854 617 2895 obdurescunt]
643 2855 817 2887 Manutius
837 2857 983 2889 malebat
1023 2858 1148 2891 solvere
1166 2858 1308 2890 voluere.

285 2893 531 2928 obsurdescunt:
555 2907 623 2929 non
644 2898 743 2939 male,
765 2899 821 2932 sed
843 2905 877 2932 et
898 2899 982 2933 illud
