1940 3231
753 124 958 183 maun
995 124 1063 164 iv.
1566 130 1642 171 545

191 236 390 290 ἱξωτιςικοὺς
411 236 552 282 vocat,
575 228 736 285 aliquid
759 229 943 280 efficere,
961 238 1009 271 ut
1030 242 1115 271 non
1149 228 1242 271 sine
1262 243 1392 272 causa
1412 231 1543 274 istum
1565 248 1641 291 ap-

191 291 418 346 pellarem:
452 288 495 330 id
517 287 633 343 quod
661 285 857 343 intelligo
890 286 971 328 tibi
1003 287 1186 343 placere.
1225 287 1392 329 utinam
1412 290 1544 331 modo
1566 306 1641 332 co-

189 357 292 389 nata
312 349 482 390 efficere
503 343 688 401 possim!
712 357 802 384 rem
823 343 955 396 enim,
977 344 1094 400 quod
1113 354 1156 386 te
1174 358 1261 386 non
1284 343 1414 401 fugit,
1436 361 1639 402 magnam

189 406 444 462 complexus
466 416 559 443 sum
581 409 625 442 et
647 414 839 457 gravem,
858 409 902 442 et
921 401 1095 458 plurimi
1119 402 1214 454 otii,
1235 416 1323 458 quo
1344 415 1427 459 ego
1449 404 1640 446 maxime

188 476 313 518 egeo.
373 459 505 508 Quod
535 459 580 499 in
612 457 663 498 iis
694 457 831 509 libris,
853 473 961 514 quos
992 457 1153 512 laudas,
1175 474 1402 516 personam
1424 459 1639 502 desideras

188 518 427 570 Scaevolae3
458 518 495 548 21
517 530 605 556 non
635 529 731 557 eam
762 525 923 557 temere
944 516 1134 560 dimovi:
1167 517 1240 559 sed
1263 516 1345 558 feci
1369 517 1499 570 idem,
1521 518 1638 574 quod

186 576 232 618 in
255 579 408 630 πολιτειξι
427 574 532 615 deus
555 572 625 614 ille
646 582 793 615 noster
825 573 966 615 Plato.
989 589 1088 617 cum
1111 575 1156 616 in
1189 574 1405 617 Piraeeum
1437 575 1636 617 Socrates

185 633 373 675 venisset
386 631 439 673 ad
460 630 718 687 Cephalum,
737 630 998 688 locupletem
1015 641 1060 674 et
1081 631 1286 674 festivum
1299 646 1470 684 senem3
1492 633 1634 689 quoad
1645 653 1677 684 p.
1692 643 1744 675 64.

184 690 348 747 primus
371 689 442 730 ille
463 703 603 729 sermo
625 687 871 741 haberetur,
894 689 1015 730 adest
1036 690 1082 731 in
1105 689 1367 747 disputando
1388 704 1540 734 senex:
1561 691 1635 732 de·
1647 698 1678 718 ἃ·

184 747 286 789 inde
307 761 406 789 cum
431 747 522 802 ipse
552 760 726 802 quoque
747 746 1101 788 commodissime
1121 747 1292 789 locutus
1315 757 1440 799 esset,
1463 748 1517 789 ad
1545 762 1637 789 rem

184 803 376 846 divinam
404 804 512 845 dicit
545 818 590 845 se
622 803 730 845 velle
762 803 1007 856 discedere3
1038 818 1178 860 neque
1209 814 1360 861 postea
1392 805 1635 847 revertitur.

182 861 313 904 credo
334 861 560 903 Platonem
585 861 659 902 vix
692 870 864 917 putasse
897 862 1000 903 satis
1033 877 1272 904 consonum
1303 861 1409 914 fore,
1429 862 1464 903 si
1495 861 1636 904 homi-

182 933 282 960 nem
314 919 358 960 id
395 919 535 960 aetatis
570 919 615 959 in
656 926 745 960 tam
777 918 910 975 longo
944 933 1141 962 sermone
1173 919 1336 961 diutius
1373 920 1634 963 retinuisset.

179 977 222 1007 22
235 975 373 1018 multo
396 982 478 1032 ego
502 976 634 1017 satius
658 975 741 1017 hoc
763 976 872 1017 mihi
902 976 1143 1018 cavendum
1167 977 1315 1033 putavi
1341 976 1384 1017 in
1411 977 1633 1029 Scaevola;

177 1034 255 1090 qui
277 1044 322 1075 et
344 1042 472 1075 aetate
494 1042 538 1075 et
555 1033 790 1074 valitudine
812 1041 904 1074 erat
926 1047 990 1086 ea,
1017 1049 1102 1089 qua
1123 1048 1213 1075 esse
1232 1034 1494 1087 meministi3
1516 1043 1561 1076 et
1582 1035 1634 1076 iis

182 1091 438 1144 honoribus,
464 1101 511 1133 ut
533 1091 607 1132 vix
631 1090 733 1131 satis
764 1090 969 1132 decorum
993 1092 1224 1143 videretur,
1246 1105 1344 1132 eum
1369 1091 1511 1147 plures
1543 1093 1634 1134 dies

180 1163 274 1191 esse
294 1149 337 1189 in
363 1148 505 1190 Crassi
524 1147 784 1189 Tusculano.
807 1157 851 1189 et
870 1158 962 1189 erat
992 1149 1119 1205 primi
1141 1148 1239 1190 libri
1261 1163 1401 1189 sermo
1422 1163 1508 1190 non
1532 1150 1635 1190 alie-

180 1221 262 1248 nus
281 1222 307 1247 a
325 1206 534 1248 Scaevolae
557 1205 724 1246 studiis.
747 1204 899 1260 reliqui
919 1204 1017 1247 libri
1039 1210 1253 1259 τεχνολογίοιν
1274 1206 1452 1257 habent,
1467 1214 1517 1246 ut
1535 1207 1633 1248 scis.

180 1263 286 1305 huic
305 1263 596 1319 joculatorem
627 1276 773 1304 senem
805 1262 940 1314 illum,
963 1273 1012 1304 ut
1042 1278 1183 1313 noras,
1205 1263 1411 1305 interesse
1433 1277 1534 1304 sane
1555 1279 1634 1305 no-

178 1321 255 1363 lui.
322 1323 362 1352 23
378 1321 447 1363 De
469 1336 513 1362 re
535 1320 652 1372 filiae,
673 1320 790 1375 quod
813 1320 980 1372 scribis,
1002 1321 1084 1362 erit
1106 1320 1211 1361 mihi
1235 1335 1365 1362 curae.
1387 1321 1548 1363 etenim
1569 1332 1636 1363 est

178 1377 398 1420 luculenta
430 1393 510 1431 res,
542 1377 780 1428 Aureliani,
812 1386 862 1418 ut
896 1378 1063 1430 scribis,
1085 1377 1288 1421 indiciis:
1322 1387 1367 1420 et
1398 1379 1443 1419 in
1476 1392 1528 1420 eo
1563 1393 1634 1420 me

177 1436 310 1478 etiam
334 1435 487 1477 Tulliae
508 1450 617 1477 meae
641 1434 892 1478 venditabo.
939 1435 1141 1477 Vestorio
1163 1450 1250 1477 non
1273 1436 1437 1477 desum.
1459 1445 1633 1493 gratum

178 1493 294 1535 enim
329 1493 409 1534 tibi
443 1493 485 1534 id
517 1506 609 1534 esse
641 1492 865 1549 intelligo:
898 1501 956 1544 et,
980 1502 1028 1534 ut
1059 1492 1129 1534 ille
1162 1492 1390 1550 intelligat,
1413 1507 1534 1535 curo.
1558 1495 1632 1536 sed

177 1551 276 1602 seis,
299 1551 402 1607 qui?
432 1565 532 1592 cum
551 1550 711 1591 habeat
728 1549 814 1591 duo
836 1550 998 1601 faciles,
1012 1550 1121 1591 nihil
1136 1550 1370 1592 difficilius.
1432 1550 1561 1593 Nunc
1579 1552 1633 1593 ad

176 1622 242 1660 ea,
261 1622 359 1663 quae
381 1607 540 1663 quaeris
563 1608 615 1649 de
648 1606 700 1648 C.
716 1607 899 1649 Catone.
931 1611 974 1640 94
989 1608 1104 1664 Lege
1125 1607 1261 1650 Junia
1289 1618 1334 1649 et
1356 1608 1526 1650 Licinia
1548 1610 1631 1650 scis

174 1666 443 1708 absolutum:
478 1665 602 1706 Fufia
623 1679 706 1721 ego
732 1665 811 1706 tibi
838 1665 994 1708 nuntio
1018 1665 1265 1707 absolutum
1288 1665 1338 1707 iri
1358 1684 1369 1718 3
1393 1680 1533 1722 neque
1555 1682 1632 1723 pa-

172 1723 312 1765 tronis
337 1723 423 1764 suis
452 1733 540 1764 tam
571 1722 822 1774 libentibus,
844 1737 972 1779 quam
997 1723 1336 1765 accusatoribus,
1360 1724 1394 1764 is
1419 1734 1563 1766 tamen
1586 1735 1630 1765 et

173 1794 361 1832 mecum,
383 1789 427 1822 et
452 1795 551 1822 cum
583 1779 755 1822 Milone
786 1781 828 1822 in
852 1781 1036 1837 gratiam
1059 1781 1200 1822 rediit.
1264 1780 1431 1823 Drusus
1451 1795 1545 1822 reus
1565 1792 1630 1822 est

174 1838 317 1880 factus
335 1854 360 1880 a
380 1838 598 1891 Lucretio,
611 1838 884 1894 25judicibus
903 1838 1149 1895 rejiciendis
1168 1853 1206 1880 a.
1223 1837 1266 1879 d.
1281 1854 1322 1880 V.
1339 1838 1455 1880 Non.
1472 1839 1627 1886 Quint.

175 1895 246 1938 De
270 1895 459 1937 Procilio
491 1910 683 1937 rumores
713 1910 799 1937 non
832 1896 960 1938 boni:
994 1895 1254 1952 sedjudicia
1275 1896 1406 1938 nosti.
1469 1896 1626 1938 Hirrus

173 1967 274 1995 cum
307 1953 508 1995 Domitio
531 1954 575 1994 in
608 1953 749 2010 gratia
778 1964 858 1996 est.
919 1953 1103 1995 Senatus
1134 1953 1533 2009 consultum,quod
1555 1954 1626 1996 hic

173 2010 372 2053 consules
390 2011 443 2052 de
461 2011 694 2064 provinciis
713 2010 925 2064 fecerunt,
951 2025 1247 2064 QUICUNQUE
1275 2024 1516 2062 PosTHAC,
1537 2025 1624 2053 non

172 2067 298 2119 mihi,
311 2068 353 2099 26
365 2077 414 2109 ut
427 2068 604 2124 quijam
623 2068 972 2126 intelligebamus
987 2068 1332 2110 enuntiationem
1348 2069 1460 2110 illam
1480 2068 1626 2111 Mem-

171 2125 266 2176 mii,
289 2124 412 2167 valde
444 2125 605 2167 Caesari
629 2126 870 2181 displicere.
932 2126 1124 2168 Messala
1145 2135 1305 2176 noster,
1327 2136 1371 2168 et
1392 2126 1484 2181 ejus
1504 2142 1624 2169 com·-

172 2183 336 2240 petitor
354 2182 577 2225 Domitius
598 2186 638 2218 27
651 2183 838 2226 liberalis
871 2186 912 2226 in
946 2185 1108 2241 populo
1132 2184 1253 2225 valde
1276 2184 1373 2225 fuit.
1397 2183 1504 2224 nihil
1527 2199 1624 2241 gra-

213 2299 253 2328 21
291 2307 356 2328 mm
380 2307 456 2329 eam
483 2302 603 2328 temere
628 2297 762 2337 dimovi]
803 2298 876 2329 Hoc

171 2339 310 2370 verbum
335 2340 482 2371 alienum
508 2339 650 2378 videtur,
667 2351 726 2381 pro
749 2343 877 2377 semovi,

170 2390 216 2412 se.
232 2392 250 2412 e
265 2382 490 2423 disputatione
505 2382 545 2414 L.
561 2382 605 2413 11.
623 2388 657 2413 et
671 2382 734 2414 111.
749 2394 823 2414 cuin
840 2385 874 2415 in

170 2423 255 2455 libro
270 2426 377 2465 primo
393 2425 548 2455 inductus
563 2430 660 2456 esset.

211 2467 253 2498 22
275 2469 378 2498 multo
393 2478 451 2507 ego
466 2469 571 2498 satius
583 2469 615 2499 h.
629 2478 674 2499 m.
693 2468 874 2499 cavendum

160 2510 298 2549 putavi]
323 2512 427 2541 satius
451 2510 506 2540 hie
530 2509 640 2540 locum
670 2521 737 2541 non
761 2515 873 2552 potest

168 2550 308 2582 habere:
333 2556 367 2584 et
389 2563 447 2592 ego
469 2552 582 2591 friget.
628 2553 871 2593 Corrigendum

167 2598 236 2624 est:
262 2596 364 2625 multo
376 2605 454 2634 ergo
466 2596 575 2635 potius
590 2594 640 2625 vel
656 2598 764 2634 magis
777 2598 808 2627 Ιι.
824 2605 868 2626 m.

166 2644 196 2666 c.
208 2645 246 2675 p.
271 2642 390 2667 natum
417 2643 467 2668 est
488 2638 594 2667 salius
620 2648 638 2668 e
664 2639 757 2675 sutis,
784 2638 870 2678 quod

167 2678 280 2750 pggno
295 2684 374 2711 ante
387 2684 438 2710 est
450 2691 460 2718 3
478 2686 513 2710 et
526 2690 603 2719 ergo
618 2680 742 2711 habent
755 2690 869 2712 omnes

166 2729 186 2750 e
235 2743 241 2749 .
256 2731 304 2761 pr.

210 2764 250 2792 23
275 2763 330 2794 De
350 2764 484 2804 refilioe
501 2765 575 2805 &c.]
599 2765 634 2796 h.
649 2765 671 2797 l.
687 2776 754 2797 non
770 2765 868 2796 intel-

168 2802 252 2843 ligo:
270 2815 329 2836 nee
341 2807 550 2838 satisfaciunt
565 2811 772 2849 interpretes.
787 2808 869 2839 nihil

169 2845 251 2877 mihi
267 2848 401 2887 pronius
416 2849 557 2887 videtur,
574 2861 671 2889 quam
692 2851 731 2881 de
755 2852 870 2882 matri-

167 2890 281 2919 monio
296 2900 422 2931 capere.
445 2891 477 2921 id
500 2897 549 2921 est
573 2894 677 2926 verbis
694 2894 870 2931 Ciceronis,

227 2945 337 2975 voL.
363 2947 440 2976 111.
467 2946 590 2978 P.11.

920 2299 1088 2329 luculenta
1102 2308 1167 2336 res,
1183 2308 1234 2329 me
1246 2300 1282 2330 in
1297 2297 1423 2339 eofilia’
1438 2299 1622 2336 venditaba,

920 2351 940 2372 a
964 2342 1040 2371 tius.

940 2351 1001 2414 p24
1017 2384 1107 2421 Lege
1120 2382 1565 2424 ‹lunia—Licinia—Figfia]
1593 2383 1621 2414 E

916 2426 1035 2465 quibus
1052 2435 1124 2456 reus
1141 2425 1247 2456 factus
1270 2431 1343 2456 erat
1365 2432 1501 2467 propter
1514 2427 1621 2457 tribu·

917 2474 1050 2499 natum.

956 2514 996 2542 ¹25
1011 2509 1181 2553 judicibus
1202 2508 1389 2550 rejiciendis
1409 2510 1486 2549 sic-J
1512 2510 1620 2541 intes·-

914 2557 1098 2593 pretautur,
1114 2553 1347 2592 cumjudicum
1368 2554 1500 2591 rejectio
1514 2554 1618 2590 fleret,

916 2595 979 2633 vel,
997 2601 1034 2626 ut
1048 2595 1235 2631 Manutius,
1253 2599 1290 2625 ut
1305 2594 1457 2636 judicum
1484 2595 1617 2634 rejectio

914 2638 1029 2676 fieret;
1061 2637 1147 2678 quod
1170 2637 1299 2669 melius.
1353 2638 1417 2668 Sed
1439 2640 1544 2669 oratio
1566 2644 1618 2669 est

912 2680 1040 2712 durior.

953 2724 993 2754 26
1016 2728 1053 2754 ut
1076 2724 1131 2764 qui
1147 2721 1226 2763 jam
1243 2721 1319 2763 δια]
1347 2722 1428 2753 Haec
1451 2722 1568 2753 vitiosa
1581 2728 1615 2757 et

911 2765 1062 2797 obscura.
1087 2775 1155 2796 non
1178 2765 1344 2806 intelligo,
1368 2775 1427 2796 nec
1453 2766 1614 2805 corrigere

913 2817 1059 2849 possum.

958 2854 996 2884 Ξῖ
1022 2852 1164 2885 liberalis
1179 2853 1213 2884 in
1229 2850 1362 2893 pop-ulo]
1380 2859 1443 2882 scr.
1459 2851 1493 2882 in
1510 2860 1613 2893 popu-

918 2894 998 2925 lum.

882 2943 966 2977 Nn
