1940 3231
344 147 424 184 πο
758 122 940 181 Episr.
967 144 1045 182 AD
1073 140 1361 185 ATTIcUM,

346 245 570 287 incolumis
593 261 697 299 esse,
728 247 991 304 salutemque
1024 261 1162 289 meam
1192 244 1495 289 benivolentiae
1528 252 1614 288 tuae
1648 260 1772 291 accen

344 315 464 357 ptam
488 304 655 345 referre.

304 423 332 459 2
786 409 1019 451 CICERO
1041 408 1269 449 ATTICO
1292 408 1336 449 S.

209 502 241 532 p.
262 463 655 525 171.L1TTERAS
693 486 784 518 tuas
821 477 967 532 accepi
1001 477 1136 532 pridie
1167 476 1315 516 Nonas
1349 475 1475 516 Febr.
1509 488 1646 529 eoque
1670 473 1770 537 ipso

297 543 328 564 a·
343 535 412 575 die
434 550 487 575 ex
511 544 767 575 testamento
789 534 904 575 crevi
931 533 1223 574 hereditatem.
1254 548 1309 574 ex
1329 532 1474 573 multis
1495 532 1600 572 meis
1624 545 1771 571 miser-

341 591 459 631 rimis
482 591 593 632 curis
615 601 680 631 est
704 606 787 631 una
806 590 959 641 levata,
983 590 1031 640 si,
1052 599 1099 630 ut
1120 590 1285 640 scribis,
1304 590 1386 630 ista
1405 589 1618 630 hereditas
1641 587 1770 628 fidem

341 658 385 688 et
415 648 574 688 famam
612 662 752 688 meam
784 647 892 688 tueri
924 656 1081 703 potest,
1109 661 1236 701 quam
1268 647 1440 701 quidem
1475 657 1515 686 te
1559 645 1769 699 intelligO,

341 705 472 745 etiam
503 705 593 745 sine
623 704 874 755 hereditate,
907 704 990 745 tuis
1021 703 1175 759 opibus
1198 702 1470 744 defensurum
1494 703 1638 744 fuisse.
1701 701 1770 742 De

339 762 441 802 dote
463 762 578 816 quod
600 762 765 813 scribis,
787 776 860 818 per
879 775 1026 802 omnes
1049 761 1149 801 deos
1170 770 1210 800 te
1231 760 1438 811 obtestor,
1456 770 1502 801 ut
1523 770 1656 801 totam
1679 773 1769 799 rem

342 818 562 874 suscipiaS,
596 823 672 859 2et
704 818 834 870 illam,
869 819 1068 858 miseram
1107 831 1204 858 mea
1240 817 1367 872 culpa
1404 826 1447 857 et
1485 816 1766 872 negligentia,

342 885 485 916 tueare
517 876 622 916 meis
659 876 829 932 opibus,
851 875 886 915 si
919 890 1016 930 quae
1049 884 1172 926 sunt3
1204 874 1303 924 tuis,
1334 873 1490 928 quibus
1524 875 1602 915 tibi
1635 873 1770 914 mole-

341 942 456 973 stum
487 948 574 974 non
607 933 702 983 erit,
725 932 1058 974 3facultatibus:
1107 931 1176 972 cui
1209 931 1383 986 quidem
1424 930 1568 971 deesse
1605 931 1766 981 omnia,

340 990 455 1044 quod
478 990 643 1042 scribis,
665 991 844 1031 obsecro
867 999 923 1041 te,
946 989 1032 1030 noli
1055 988 1160 1045 pati.
1182 987 1226 1028 in
1248 1002 1355 1042 quos
1377 987 1492 1028 enim
1514 997 1676 1028 sumtus
1693 988 1770 1028 ab·

339 1056 444 1087 eunt
467 1046 631 1089 fructus
653 1047 941 1103 praediorum?
965 1046 1057 1101 jam
1080 1045 1152 1086 illa
1175 1045 1273 1086 H-S
1296 1059 1373 1095 Lx,
1392 1059 1488 1100 quae
1509 1045 1673 1095 scribis,
1695 1059 1770 1085 ne-

338 1118 411 1145 mo
433 1104 538 1145 mihi
561 1119 763 1160 umquam
785 1104 912 1156 dixit,
933 1118 988 1144 ex
1010 1103 1110 1144 dote
1133 1116 1223 1143 esse
1244 1102 1459 1144 detracta:
1495 1103 1516 1131 4
1534 1115 1767 1156 numquam

338 1161 453 1202 enim
475 1176 608 1203 essem
635 1176 797 1218 passus.
822 1161 894 1202 sed
917 1160 1011 1201 haec
1032 1160 1212 1201 minima
1232 1169 1368 1200 estex
1391 1159 1442 1199 iis
1465 1158 1648 1213 injuriis,
1663 1172 1769 1213 quas

337 1219 511 1275 accepi3
542 1219 594 1260 de
615 1219 770 1274 quibus
803 1219 856 1260 ad
881 1230 921 1259 te
942 1218 1088 1259 dolore
1117 1227 1162 1258 et
1192 1216 1378 1258 lacrimis
1416 1216 1600 1256 scribere
1622 1214 1769 1271 prohi-

338 1275 457 1317 beor.
518 1276 587 1317 Ex
611 1291 661 1317 ea
685 1276 881 1331 pecunia,
903 1290 999 1330 quae
1035 1274 1118 1315 fuit
1140 1275 1182 1315 in
1205 1273 1324 1324 Asia,
1348 1283 1512 1329 partem
1544 1272 1768 1314 dimidiam

338 1332 425 1373 fere
454 1334 595 1389 exegi.
636 1334 769 1374 tutius
807 1333 1030 1374 videbatur
1063 1332 1155 1372 fore
1187 1331 1263 1382 ibi,
1284 1331 1359 1371 ubi
1392 1339 1470 1381 est,
1492 1345 1622 1385 quam
1654 1329 1768 1384 apud

335 1390 604 1444 publicanos.
636 1390 767 1437 Quod
790 1405 856 1430 me
878 1389 1076 1440 hortaris,
1095 1398 1143 1429 ut
1165 1388 1288 1429 firmo
1311 1388 1390 1429 sim
1413 1387 1582 1428 animo:
1615 1387 1767 1427 vellem

335 1461 482 1502 posses
503 1448 665 1504 aliquid
688 1447 852 1499 afferre,
876 1447 1155 1502 quamobrem
1187 1446 1229 1486 id
1259 1445 1399 1487 facere
1421 1459 1606 1500 possem.
1638 1444 1708 1484 sed
1732 1444 1767 1483 si

335 1504 390 1545 ad
420 1514 582 1546 ceteras
613 1505 803 1546 miserias
828 1504 1009 1545 accessit
1029 1503 1160 1544 etiam
1190 1503 1247 1552 id,
1281 1503 1396 1558 quod
1426 1502 1531 1542 mihi
1560 1501 1770 1556 Chrysip-

336 1576 415 1616 pus
437 1562 550 1602 dixit
583 1562 737 1618 parari,
759 1567 825 1614 (tu
848 1561 955 1602 nihil
989 1560 1262 1617 significasti)
1285 1560 1369 1600 5de
1390 1559 1519 1600 domo
1539 1576 1550 1610 ;
1582 1560 1676 1614 quis
1698 1572 1767 1599 me

335 1618 530 1659 miserior
552 1634 636 1660 uno
653 1619 745 1675 jam
770 1619 881 1660 fuit?
911 1633 1001 1668 oro,
1026 1618 1219 1667 obsecro,
1269 1631 1450 1657 ⁰nosce:
1484 1630 1566 1657 non
1592 1629 1766 1671 possum

1250 1632 1261 1657 l

335 1675 457 1731 plura
478 1677 677 1717 scribere.
699 1687 861 1731 quanto
882 1689 1060 1716 maerore
1083 1688 1248 1730 urgear,
1267 1651 1461 1729 {rofecto
1482 1673 1597 1714 vides
1617 1689 1625 1714 :
1651 1673 1766 1727 quod

334 1733 371 1775 si
394 1733 497 1773 mihi
522 1748 750 1774 commune
770 1748 868 1774 cuin
891 1732 1042 1774 ceteris
1075 1742 1200 1782 esset,
1222 1731 1295 1786 qui
1321 1730 1518 1772 videntur
1550 1731 1592 1770 in
1615 1729 1764 1770 eadem

334 1804 464 1830 causa
506 1805 612 1841 esse,
643 1791 783 1831 minor
826 1804 922 1830 mea
958 1789 1085 1845 culpa
1121 1788 1352 1839 videretur,
1388 1797 1432 1828 et
1468 1802 1520 1828 eo
1563 1786 1764 1827 tolerabi-

335 1846 415 1887 lior
457 1858 582 1888 esset.
638 1863 752 1888 nuno
794 1846 901 1888 nihil
943 1857 1021 1897 est,
1063 1846 1178 1901 quod
1220 1844 1486 1895 consoletur3
1539 1844 1621 1884 nisi
1656 1842 1760 1898 quid

335 1913 381 1944 tu
404 1904 553 1954 efficis,
578 1905 611 1945 si
636 1905 764 1945 modo
793 1905 923 1945 etiam
947 1918 1059 1944 nunc
1081 1902 1193 1944 effici
1217 1911 1376 1958 potest,
1396 1911 1443 1942 ut
1466 1903 1551 1941 6ne
1571 1915 1656 1956 qua
1677 1900 1766 1940 sin-

335 1961 469 2015 gulari
493 1962 656 2003 afficiar
687 1961 930 2003 calamitate
956 1970 1000 2002 et
1029 1959 1201 2015 injuria.
1259 1958 1439 2000 Tardius
1460 1959 1511 1999 ad
1548 1968 1589 1998 te
1622 1958 1764 1998 remisi

289 2030 318 2060 b.
337 2018 618 2070 tabellarium,
637 2019 751 2074 quod
800 2027 991 2074 potestas
1020 2016 1220 2058 mittendi
1256 2031 1342 2057 non
1377 2015 1474 2056 fuit.
1533 2015 1574 2055 A
1607 2014 1690 2055 tuis
1723 2023 1767 2065 et

332 2089 561 2116 numorum
594 2075 742 2132 accepi
774 2075 872 2117 H-S
910 2088 1024 2125 Lxx,
1055 2084 1100 2115 et
1132 2073 1485 2114 vestimentorum
1518 2072 1633 2127 quod
1655 2085 1764 2126 opus

332 2131 430 2173 fuit.
493 2133 662 2179 Quibus
685 2132 764 2174 tibi
790 2132 1006 2173 videbitur
1028 2130 1154 2172 velim
1176 2129 1248 2171 des
1271 2130 1433 2172 litteras
1456 2144 1551 2170 meo
1575 2129 1761 2169 nomine.

331 2190 446 2230 nosti
469 2204 586 2231 meos
610 2189 854 2231 familiares.
889 2193 907 2223 7
922 2189 1094 2244 signum
1112 2188 1346 2242 requirent,
1368 2196 1442 2228 aut
1464 2200 1638 2228 manum
1657 2202 1666 2226 ε
1698 2185 1764 2226 di-

332 2260 417 2298 ces,
437 2261 503 2287 me
527 2256 701 2303 propter
721 2246 938 2290 custodias
959 2260 1010 2287 ea
1029 2245 1198 2286 vitasse.

372 2407 391 2433 2
414 2408 444 2434 et
459 2405 564 2441 illam,
578 2405 732 2435 miseram
747 2413 819 2434 mea
832 2402 942 2444 eulpa]
963 2404 1024 2434 int.
1068 2402 1184 2438 cando,
1201 2402 1276 2441 quia
1298 2410 1401 2431 essem
1416 2399 1457 2430 ad
1474 2399 1664 2440 Pompeium
1690 2408 1764 2438 pro-

328 2444 486 2482 Tulliam,
516 2456 612 2486 quam
644 2446 796 2477 miseram
828 2445 1025 2482 reddiderat,

329 2487 520 2518 collocando
538 2488 735 2526 Dolabellae,
750 2488 805 2528 qui
819 2490 890 2528 ejus
914 2487 1024 2518 dotem

328 2529 514 2569 dissiparat.

370 2574 389 2602 3
414 2572 653 2611 facultatibus]
695 2572 768 2603 Hoc
801 2576 881 2611 puto
904 2581 972 2602 esse
1005 2582 1024 2602 a

329 2613 521 2652 glossatore.
557 2616 622 2644 tuis
654 2614 858 2645 referendum
890 2614 930 2644 ad
958 2615 1025 2653 opi-

330 2656 397 2686 hus.

371 2700 391 2727 4
414 2706 582 2736 nunquam
598 2698 683 2728 enim
699 2698 788 2737 e.p.]
815 2698 891 2728 Non
914 2698 1024 2738 placet

327 2749 510 2779 mcnquam.
555 2740 702 2779 Conjicio
731 2750 937 2780 nequaquam
965 2748 1022 2770 aut

328 2791 440 2822 neque.
463 2783 548 2811 enim
565 2781 656 2812 abest
669 2782 721 2812 ed.
737 2782 827 2813 Jens.

363 2826 379 2853 5
395 2823 434 2854 de
450 2824 554 2865 domo]
572 2825 634 2865 An,
652 2829 690 2857 ut
703 2834 740 2857 ea
758 2825 903 2865 privarer
919 2823 1024 2866 publi-

1067 2445 1186 2475 fectus.
1220 2445 1273 2476 Sic
1288 2443 1471 2474 Manutius.

1110 2488 1129 2517 (ἰ
1151 2497 1190 2516 ne
1218 2495 1283 2525 qua
1309 2484 1475 2522 singulari
1500 2481 1574 2520 &c.]
1604 2481 1678 2521 Qua
1705 2481 1761 2512 alii

1065 2529 1256 2568 Pompeiani
1283 2527 1392 2559 affecti
1415 2534 1481 2556 non
1503 2529 1581 2554 sunt
1608 2534 1628 2554 a
1653 2524 1760 2555 Caesa-

1066 2571 1176 2601 riauis.

1108 2617 1125 2646 7
1148 2614 1282 2651 signum
1309 2611 1474 2649 requirent
1504 2607 1579 2646 &c.]
1614 2607 1761 2637 Graevius

1066 2654 1210 2685 malebat
1232 2655 1260 2683 si
1284 2654 1428 2691 signum.
1455 2659 1521 2681 non
1544 2656 1593 2680 est
1617 2659 1757 2680 necesse.

1066 2698 1135 2735 ejus
1150 2696 1260 2726 omissi
1277 2696 1311 2724 iu
1325 2693 1386 2724 tali
1400 2693 1506 2723 forma
1521 2697 1554 2722 et
1569 2692 1634 2722 alia
1650 2702 1761 2722 exeni-

1067 2738 1123 2777 pla
1134 2743 1224 2768 sunt.
1247 2746 1322 2767 mox
1337 2737 1378 2764 iis
1399 2736 1516 2773 friget:
1547 2740 1581 2764 ct
1603 2735 1695 2764 abest
1709 2733 1759 2763 ed.

1067 2780 1164 2810 Rom.
1189 2779 1252 2810 Sed
1266 2779 1333 2817 eius
1349 2777 1421 2809 loco
1437 2785 1486 2809 est
1500 2778 1563 2814 vel,
1580 2785 1618 2808 ut
1632 2777 1666 2807 in
1681 2776 1761 2806 Mss.

1067 2822 1198 2856 Graevii.
1214 2821 1328 2854 delevi.
