1940 3231
710 115 918 154 LIBER
956 115 989 153 Ι.
1500 121 1577 158 459

134 222 340 264 Graecum
385 221 542 278 poema
573 220 785 271 condidit,
826 233 942 261 nunc
980 218 1032 259 ad
1071 216 1350 259 Caecilianam
1387 221 1579 266 fabulam

137 289 318 335 spectet.
371 279 599 321 2Ant0nio
635 288 710 319 tuo
749 278 924 319 nomine
956 275 1116 333 gratias
1149 275 1246 330 egi3
1277 289 1459 341 eamque
1487 282 1580 336 epi-

136 337 290 378 stolam
315 335 485 377 Manlio
507 336 620 377 dedi.
680 335 750 376 Ad
773 346 815 377 te
837 335 934 376 ideo
968 342 1096 375 antea
1115 333 1250 374 rarius
1273 333 1440 389 scripsi,
1463 339 1582 390 quod

137 409 224 436 non
247 394 459 434 habebam
485 394 703 444 idoneum,
725 393 794 434 cui
816 393 986 442 dar3em
1018 405 1098 431 nec
1121 390 1222 431 satis
1248 390 1454 443 sciebam,
1476 394 1582 448 quid

135 452 297 493 darem.
349 454 367 481 3
386 450 503 492 Vale.
563 450 625 492 Te
649 450 881 492 vindicavi.
943 448 1122 490 Cincius
1150 448 1184 488 si
1215 447 1320 503 quid
1352 449 1404 490 ad
1427 463 1496 491 me
1518 452 1584 493 tui

137 508 304 565 negotii
327 506 542 559 detulerit,
576 507 822 564 suscipiam.
856 507 929 548 sed
951 521 1067 547 nunc
1090 505 1227 561 magis
1256 519 1300 546 m
1324 520 1401 547 suo
1423 516 1488 548 est
1510 523 1585 550 oc-

137 574 346 622 eupatus;
379 566 421 606 in
455 580 542 621 quo
572 580 654 622 ego
688 580 727 606 ei
762 580 848 607 non
879 565 1043 606 desum.
1105 562 1186 614 Tu,
1220 563 1254 603 si
1289 578 1374 604 uno
1407 563 1452 605 in
1485 564 1583 607 loco

141 638 187 664 es
206 623 389 673 futurus,
404 624 574 664 crebras
595 623 758 664 anobis
777 623 939 664 litteras
954 629 1186 677 exspecta,
1209 630 1275 661 ast
1293 620 1432 685 plures
1452 623 1585 665 etiam

142 681 234 737 ipse
255 680 434 721 mittito.
491 680 648 731 Velim,
671 681 724 722 ad
749 695 816 721 me
839 680 1014 730 scribas,
1037 678 1282 742 cujusmodi
1306 679 1362 719 sit
1382 683 1586 732 Ἀμοιλθεῖσν

142 747 281 788 tuum,
315 752 402 792 quo
425 748 594 789 ornatu,
615 752 701 794 qua
721 742 924 792 commem,
958 745 1002 777 et
1033 751 1130 800 quae
1157 735 1372 791 poemata,
1395 751 1588 793 quasque

142 794 344 836 historias
377 795 430 836 de
451 793 648 849 Ἀμαλθειᾳ
671 795 817 846 habes,
850 782 903 836 ad
928 808 996 834 me
1029 793 1191 834 mittas,
1214 793 1368 834 4lubet
1392 794 1500 835 mihi
1523 795 1589 836 fa-

143 867 240 894 cere
262 852 306 893 in
328 851 545 909 Arpinati.
596 851 692 909 Ego
715 853 794 893 tibi
817 851 980 908 aliquid
999 851 1052 892 de
1075 851 1180 892 meis
1205 851 1376 907 scriptis
1400 852 1587 894 mittam.

144 909 255 951 nihil
276 920 368 951 erat
389 909 591 952 absoluti.

588 977 824 1020 CICERO
854 976 1084 1019 ATTICO
1117 977 1162 1018 S.
1608 983 1658 1023 17

149 1034 399 1088 MAGNA
421 1046 528 1088 mihi
552 1047 733 1088 varietas
756 1045 1006 1097 voluntatis,
1025 1055 1069 1086 et
1090 1045 1396 1088 dissimilitudo
1418 1047 1590 1103 opinio·
1629 1043 1635 1049 ’

148 1104 216 1144 nis
239 1105 458 1160 acjudieii
485 1104 640 1151 Quinti
663 1103 806 1145 fratris
835 1104 935 1155 mei,
957 1104 1252 1145 demonstrata
1272 1114 1338 1145 est
1359 1120 1413 1145 ex
1436 1105 1590 1146 litteiis

150 1161 251 1213 tuis,
286 1163 329 1203 in
367 1163 522 1217 quibus
552 1162 605 1203 ad
641 1175 710 1202 me
739 1161 1019 1218 epistolarum
1053 1161 1164 1202 illius
1189 1161 1390 1218 exempla
1419 1163 1591 1204 misisti.

151 1234 238 1274 qua
271 1234 322 1261 ex
364 1235 407 1261 re
435 1230 479 1260 et
513 1218 710 1260 molestia
743 1233 837 1260 sum
876 1229 998 1260 tanta
1031 1218 1228 1270 affectus,
1250 1229 1458 1275 quantam
1483 1220 1702 1274 mihip.14.

153 1292 273 1317 meus
297 1292 415 1318 amor
438 1291 627 1317 summus
651 1291 754 1332 erga
776 1287 1008 1332 utrumque
1030 1276 1219 1318 vestrum
1242 1277 1393 1318 afferre
1415 1277 1637 1331 debuit38·

155 1345 199 1374 et
231 1334 529 1385 admiratione,
563 1334 770 1389 quidnam
807 1334 1050 1385 accidisset,
1073 1335 1190 1390 quod
1223 1334 1396 1376 afferret
1429 1335 1598 1384 Quinto

156 1391 276 1432 fratri
303 1406 411 1443 meo,
434 1401 509 1433 aut
530 1392 814 1433 offensionem
847 1402 936 1434 tam
972 1406 1163 1448 gravem,
1197 1403 1272 1433 aut
1293 1393 1601 1434 commutatio-

155 1462 255 1489 nem
280 1458 442 1490 tantam
469 1449 719 1491 voluntatis.
777 1449 925 1506 Atque
948 1450 1052 1491 illud
1075 1465 1100 1490 a
1118 1464 1188 1491 me
1203 1450 1298 1505 jam
1320 1461 1421 1492 ante
1444 1451 1603 1492 intelli-

156 1507 357 1562 gebatur,
389 1507 504 1562 quod
530 1516 571 1548 te
593 1522 765 1564 quoque
787 1508 929 1564 ipsum
951 1508 1242 1549 discedentem
1269 1524 1293 1548 a
1315 1508 1440 1549 nobis
1464 1509 1604 1565 suspi-

157 1564 247 1604 cari
271 1564 486 1615 videbam,
520 1566 693 1606 subesse
731 1566 878 1606 nescio
911 1566 1014 1621 quid
1050 1565 1270 1622 opinionis
1298 1566 1605 1618 incommodae,

159 1623 178 1651 5
203 1622 481 1678 sauciumque
502 1623 595 1677 ejus
614 1624 807 1664 animum
833 1624 1038 1665 insedisse
1052 1623 1260 1678 quasdam
1277 1623 1447 1665 odiosas
1466 1624 1606 1681 suspi-

159 1679 329 1721 ciones:
361 1680 518 1745 quibus
540 1696 623 1737 ego
641 1681 801 1722 mederi
824 1696 922 1723 cnm
946 1696 1149 1745 cuperem
1171 1691 1298 1722 antea
1320 1696 1451 1738 saepe,
1469 1691 1513 1722 et
1535 1696 1608 1723 ve-

158 1735 404 1779 hementius
426 1738 556 1779 etiam
567 1714 690 1795 Opost
723 1739 995 1780 sortitionem
1030 1739 1294 1795 provinciae3
1326 1754 1406 1780 nec
1437 1748 1607 1781 tantum

161 1793 459 1851 intelligebam
482 1796 520 1836 ei
544 1811 634 1837 esse
657 1796 923 1849 offensionis,
946 1806 1157 1852 quantum
1180 1796 1335 1837 litteiae
1356 1806 1443 1838 tuae
1466 1797 1608 1838 decla-

161 1863 274 1903 lant,
314 1867 392 1894 nec
428 1864 596 1895 tantum
634 1855 929 1910 pioficiebam‚
968 1864 1178 1909 quantum
1205 1854 1417 1896 volebam.
1449 1855 1519 1896 sed
1545 1865 1610 1897 ta-

162 1924 264 1951 men
289 1911 370 1952 hoc
395 1926 463 1952 me
491 1912 583 1968 ipse
604 1912 873 1964 consolabar,
897 1913 1012 1968 quod
1035 1926 1122 1953 non
1146 1912 1416 1963 dubitabam,
1438 1913 1544 1968 quin
1569 1923 1611 1953 te

166 1967 238 2008 ille
259 1978 334 2008 aut
358 1968 604 2024 Dyrrachii,
641 1979 716 2011 aut
754 1971 797 2011 in
832 1971 923 2011 istis
952 1970 1058 2011 locis
1094 1970 1261 2025 uspiam
1296 1969 1463 2010 visuius
1486 1980 1613 2011 esset.

167 2025 284 2080 quod
308 2041 406 2067 cum
429 2028 681 2080 accidisset3
704 2027 976 2069 confidebam
1000 2042 1049 2068 ac
1068 2027 1174 2068 mihi
1196 2041 1487 2083 persuaseram
1507 2028 1615 2079 fore,

167 2093 218 2124 ut
238 2084 385 2124 omnia
407 2083 676 2140 placarentur
709 2086 820 2127 inter
855 2101 932 2127 vos
965 2100 1053 2127 non
1087 2086 1218 2126 modo
1239 2099 1434 2126 sermone
1458 2101 1507 2127 ac
1529 2086 1616 2127 dis-

167 2142 410 2198 putatione,
444 2142 516 2183 sed
553 2154 791 2200 conspectu
823 2144 922 2201 ipso
951 2157 1272 2200 congressuque
1308 2152 1466 2185 vestro.
1499 2158 1617 2194 nam,

169 2291 210 2321 iis
239 2300 331 2329 aeque
356 2291 527 2322 familiaris
554 2297 626 2323 erat
654 2292 804 2329 Archias,
835 2303 872 2322 ac
916 2292 1178 2322 noviicorrectio
1192 2292 1271 2322 belle
1283 2295 1314 2321 te
1326 2291 1503 2322 vindicavi.
1530 2291 1619 2322 Nam

171 2333 332 2364 Lucullis.
378 2333 415 2364 ld
438 2334 584 2374 appellat
604 2345 662 2376 per
673 2336 788 2375 jocum
809 2335 873 2365 Ca>-

170 2377 331 2407 cilianam
344 2375 521 2416 fabulam,
545 2388 602 2417 per
621 2377 816 2408 allusionem
833 2379 874 2408 ad

173 2418 346 2449 Caeeilium
362 2426 494 2459 poetam
511 2421 688 2451 scenicum.

216 2464 236 2491 2
257 2462 411 2500 Antonio]
437 2462 604 2502 Intelligit
619 2463 657 2493 C.
673 2463 726 2502 qui
745 2464 876 2494 Cicero-

173 2503 226 2534 nis
240 2503 368 2543 collega
380 2504 499 2535 fuerat.

217 2549 236 2577 3
262 2546 354 2577 Vale.
380 2551 410 2576 te
434 2548 611 2587 vindicavi]
639 2548 691 2578 Sic
715 2548 766 2578 ed.
783 2548 875 2579 «lens.

179 2589 261 2619 Vale
274 2590 403 2620 omittit
419 2592 553 2621 Ascens.
599 2590 638 2620 ln
655 2592 750 2621 valde
767 2597 876 2621 muta-

176 2632 227 2661 vit
251 2632 366 2669 Aldus,
394 2633 480 2672 quod
503 2633 607 2663 secuti
629 2639 708 2664 sunt
722 2634 822 2663 ceteri
838 2633 880 2664 atl

178 2674 364 2705 Victorium
378 2685 492 2715 usque,
507 2677 562 2715 qui
576 2675 698 2706 edidit:
719 2675 813 2707 Vale.
834 2675 880 2707 Te

176 2718 353 2748 venditavi.
398 2718 559 2749 Gruterus
581 2728 599 2748 e
617 2718 704 2748 Bosii
723 2719 878 2749 correcti-

179 2767 242 2790 one
256 2761 321 2790 vile
333 2765 365 2790 te
376 2761 553 2792 venditari.
585 2761 733 2791 Graevius
750 2771 882 2792 revoca-

179 2801 227 2831 vit
242 2807 353 2834 vetus:
380 2803 472 2835 Vale.
518 2804 565 2835 Te
578 2805 752 2834 vindicavi.
786 2804 882 2834 Diffi-

180 2843 242 2874 cile
258 2849 308 2875 est
321 2845 506 2877 decernere.
549 2845 644 2877 Edidi
659 2856 734 2877 cum
750 2846 880 2877 Graevio

180 2891 286 2919 vetus,
308 2887 411 2920 Valde
425 2894 540 2920 tamen
555 2888 664 2929 placet
678 2889 711 2920 J.
728 2888 780 2920 Fr.
796 2889 879 2920 Gro-

915 2336 990 2364 vale
1010 2344 1088 2365 sane
1111 2344 1180 2365 non
1205 2334 1324 2375 placet.
1349 2344 1424 2364 nam
1448 2334 1621 2373 sequentia

917 2386 985 2407 non
1008 2377 1134 2408 habent
1160 2377 1301 2407 formam
1321 2375 1508 2417 appendicis
1524 2377 1620 2407 finita

916 2419 1058 2460 epistola
1071 2420 1213 2459 scriptae.

961 2465 983 2493 4
1006 2463 1092 2492 Iubet
1109 2463 1189 2492 mihi
1199 2460 1321 2501 facere
1337 2462 1374 2492 in
1397 2461 1570 2502 Arpinati]
1597 2461 1619 2492 i.

919 2515 948 2534 e.
971 2504 1184 2535 Amaltheum
1201 2504 1308 2535 simile
1331 2505 1382 2535 tui
1408 2505 1570 2535 aedifieare
1586 2504 1622 2534 in

921 2546 999 2578 villa
1015 2557 1088 2577 mea
1102 2547 1269 2588 Arpinati.

964 2593 982 2619 5
1004 2591 1218 2629 sauciumque
1238 2589 1310 2631 ejus
1336 2592 1502 2627 animum,
1517 2595 1548 2620 et
1570 2590 1622 2620 in-

920 2633 1036 2663 sedisse
1050 2632 1124 2672 &c.]
1152 2631 1257 2662 Credo
1281 2632 1457 2664 delendum
1477 2637 1529 2663 et:
1552 2633 1624 2672 opi-

923 2675 1037 2706 niones
1061 2675 1201 2706 insidere
1228 2675 1378 2706 animum
1404 2677 1487 2706 bene
1509 2674 1625 2704 dicun-

922 2724 990 2749 tur.
1018 2729 1096 2749 nam
1121 2723 1156 2749 et
1179 2727 1254 2747 cum
1277 2718 1463 2748 accusativo
1485 2716 1626 2747 insidere

925 2761 1058 2792 dicitur.
1083 2765 1113 2791 et
1139 2765 1189 2790 est
1212 2770 1251 2790 ex
1277 2759 1328 2790 ed.
1352 2760 1448 2791 Rom.
1471 2767 1544 2798 quae
1566 2768 1627 2799 pro

924 2802 996 2844 ejus
1022 2803 1124 2835 habet
1149 2812 1230 2833 esse:
1255 2812 1319 2842 quo
1343 2802 1377 2834 iu
1398 2800 1469 2844 ejus
1496 2805 1628 2834 mutato

923 2846 1063 2878 debebat
1080 2850 1110 2877 et
1125 2845 1236 2877 deleri.
