1940 3231
730 120 948 164 LIBER
983 122 1016 164 Ι,
1527 129 1602 169 897

157 240 330 276 rantur:
363 233 591 285 contende,
611 246 773 289 quaeso,
793 239 923 287 atque
943 229 1130 281 elabora,
1148 242 1236 271 non
1259 229 1388 270 modo
1413 237 1460 270 ut
1480 229 1519 261 63
1529 229 1597 271 his

155 291 283 331 rebus
306 291 464 347 dignus
487 291 631 340 fuisse,
651 289 724 330 sed
746 288 876 329 etiam
902 297 950 329 ut
972 287 1043 328 illa
1061 288 1208 328 omnia
1230 286 1314 326 tuis
1337 286 1501 327 artibus
1524 303 1594 328 su-

154 361 325 402 perasse
360 349 542 390 videare.
585 347 642 388 Et
662 345 866 402 quoniam
898 345 1005 387 mihi
1042 359 1164 386 casus
1196 345 1402 384 urbanam
1438 344 1480 383 in
1504 344 1658 385 ina-15

155 405 409 459 gistratibus
431 404 848 446 administrationem
880 402 1146 459 reipublicae,
1170 401 1251 442 tibi
1283 400 1593 457 provincialem

147 462 297 514 dedit,
329 463 421 503 64&
455 463 489 503 si
525 477 620 503 mea
651 476 748 517 pars
784 461 946 501 nemini
980 460 1109 510 cedit,
1139 459 1220 510 fac,
1243 469 1290 499 ut
1325 468 1397 499 tua
1428 467 1593 499 ceteros

151 519 312 561 vincat.
375 519 511 561 Simul
533 528 576 560 et
598 518 700 560 illud
729 518 890 573 cogita,
911 532 990 559 nos
1013 532 1099 558 non
1121 517 1161 547 65
1172 517 1225 557 de
1247 515 1410 571 reliqua
1432 526 1475 555 et
1498 529 1593 571 spe-

149 585 244 617 rata
277 576 414 632 gloria
439 577 534 631 jam
562 577 772 626 laborare,
795 575 868 616 sed
900 575 954 616 de
983 585 1107 631 parta
1135 573 1353 614 dimicare.
1376 587 1472 628 quae
1496 574 1591 628 qui-

148 633 247 674 dem
269 649 354 674 non
381 643 466 674 tam
490 634 734 690 expetenda
754 633 880 674 nobis
903 632 1001 682 fuit,
1023 646 1153 687 quam
1179 631 1335 671 tuenda
1357 641 1434 670 est.
1467 629 1532 670 Ac
1554 631 1589 671 si

146 691 254 731 mihi
277 691 512 746 quidquam
546 701 657 732 esset
679 692 754 732 abs
778 700 819 731 te
851 698 1108 746 separatum,
1131 688 1239 729 nihil
1263 688 1446 743 amplius
1479 688 1590 728 desi—

149 748 341 788 derarem
363 748 448 790 hoc
472 758 600 801 statu,
623 749 697 804 qui
721 747 825 788 mihi
842 747 936 802 jam
964 756 1111 803 partus
1143 755 1221 787 est.
1252 760 1368 786 nuuc
1393 759 1492 786 vero
1523 760 1590 786 res

152 805 214 846 sic
237 820 326 846 sese
348 805 494 857 habet,
517 816 579 858 ut,
603 807 684 847 nisi
705 806 852 846 omnia
873 815 948 845 tua
977 804 1093 845 facta
1124 812 1253 859 atque
1283 802 1400 843 dicta
1430 803 1588 844 nostris

142 863 274 920 ⁸rebus
297 864 426 905 istinc
445 863 747 920 respondeant,
767 877 849 918 ego
872 876 940 903 me
961 862 1067 902 meis
1086 861 1216 902 tantis
1238 860 1472 910 laboribus,
1492 870 1587 901 tan-

146 920 287 975 tisque
314 921 529 977 periculis,
551 935 734 976 quorum
767 929 813 961 tu
846 919 1039 961 omnium
1071 919 1285 974 particeps
1317 916 1452 969 fuisti,
1477 915 1585 958 nihil

145 988 426 1020 consecutum
448 988 611 1035 putem.
645 977 776 1025 Quod
799 977 832 1018 si
851 987 897 1018 ut
919 976 1231 1032 amplissimum
1253 989 1410 1016 nomen
1433 988 1585 1016 conse-

145 1047 388 1091 queremur,
410 1051 520 1077 unus
545 1047 702 1093 praeter
722 1045 887 1077 ceteros
919 1034 1122 1090 adjuvisti
1141 1050 1150 1075 ε
1182 1042 1297 1074 certe
1320 1032 1448 1082 idem,
1470 1042 1518 1073 ut
1540 1033 1584 1074 id

144 1094 420 1146 retineamus,
443 1104 599 1151 praeter
620 1103 785 1135 ceteros
807 1091 1062 1133 elaborabis.
1113 1091 1213 1132 Non
1236 1099 1301 1131 est
1324 1090 1404 1130 tibi
1427 1089 1492 1130 his
1516 1105 1584 1130 so-

143 1149 195 1191 lis
228 1152 436 1194 utendum
469 1151 864 1193 existimationibus
898 1165 948 1191 ac
971 1149 1166 1205 judiciis,
1207 1149 1280 1204 qui
1317 1162 1432 1188 nunc
1469 1156 1583 1199 sunt,

142 1207 384 1262 hominum,
407 1209 479 1251 sed
509 1209 560 1250 iis
594 1209 740 1260 etiam,
762 1208 836 1264 qui
871 1207 1005 1249 futuri
1037 1215 1160 1248 sunt:
1192 1219 1451 1261 quamquam
1488 1204 1582 1246 illo-

141 1280 237 1306 rum
269 1267 352 1308 erit
373 1267 512 1309 verius
540 1266 772 1322 judicium,
795 1265 1112 1307 obtrectatione
1133 1273 1176 1305 et
1208 1262 1502 1304 malivolentia
1531 1262 1583 1303 li-

140 1323 352 1366 beratum.
416 1324 617 1380 Denique
648 1324 751 1365 illud
782 1324 914 1364 etiam
941 1323 1070 1364 debes
1093 1322 1301 1377 cogitare,
1325 1335 1410 1361 non
1435 1329 1476 1360 te
1501 1320 1578 1362 tibi

141 1381 219 1422 soli
243 1381 422 1438 gloriam
447 1396 663 1438 quaerere:
687 1382 802 1437 quod
825 1381 859 1422 si
882 1391 1017 1433 esset,
1049 1390 1192 1421 tamen
1218 1393 1301 1419 non
1325 1377 1579 1434 negligeres,

140 1440 380 1495 praesertim
404 1455 503 1481 cum
530 1440 806 1496 amplissimis
836 1438 1126 1479 monumentis
1150 1450 1399 1478 consecrare
1422 1436 1580 1476 voluis-

142 1511 208 1537 ses
230 1497 482 1539 memoriam
506 1498 692 1539 nominis
715 1497 803 1538 tui:
837 1496 910 1537 sed
931 1510 981 1538 ea
1012 1496 1093 1536 tibi
1124 1504 1189 1536 est
1219 1493 1581 1535 communicanda

138 1569 324 1606 mecum,
349 1555 567 1610 prodenda
588 1555 732 1597 liberis
756 1554 928 1595 nostris,
989 1552 1092 1594 66In
1115 1568 1201 1608 qua
1229 1551 1466 1593 cavendum
1499 1561 1578 1602 est,

135 1626 205 1663 ne,
238 1612 273 1653 si
306 1612 599 1669 negligentior
635 1612 782 1663 fueris,
819 1626 905 1652 non
945 1611 1083 1652 solum
1116 1611 1193 1651 tibi
1234 1624 1384 1665 parum
1421 1623 1576 1649 consu-

135 1668 279 1720 luisse,
303 1672 375 1711 sed
408 1671 538 1711 etiam
572 1671 657 1711 tuis
692 1669 896 1711 invidisse
922 1669 1120 1709 videaris.
1180 1666 1325 1722 Atque
1358 1666 1453 1707 haec
1488 1681 1572 1707 non
1595 1663 1644 1703 16

134 1741 185 1768 eo
218 1727 435 1778 dicuntur,
467 1737 513 1769 ut
547 1736 588 1768 te
621 1728 759 1769 oratio
793 1742 889 1768 mea
920 1726 1203 1767 dormientem
1240 1725 1466 1775 excitasse,
1501 1725 1574 1766 sed

133 1784 279 1840 potius
307 1795 355 1826 ut
384 1795 626 1827 currentem
661 1786 862 1827 incitasse
884 1785 1094 1825 videatur.
1157 1782 1305 1823 Facies
1333 1782 1447 1822 enim
1480 1796 1575 1837 per-

131 1852 281 1898 petuo,
303 1857 400 1898 quae
435 1842 591 1895 fecisti,
624 1854 672 1884 ut
704 1857 853 1884 omnes
891 1843 1140 1896 aequitatem
1175 1851 1309 1890 tuam,
1332 1847 1709 1895 temperan-p-i‘fa.

132 1901 254 1951 tiam,
278 1900 564 1951 severitatem,
588 1901 970 1958 integritatemque
999 1899 1188 1940 laudent.
1250 1898 1331 1938 Sed
1365 1911 1433 1937 me
1455 1912 1574 1952 quae-
1590 1898 1621 1919 a.

133 1958 232 1998 dam
256 1966 387 2010 tenet,
411 1969 586 2015 propter
616 1959 877 2016 singularem
907 1971 1112 2007 amorem,
1135 1955 1305 1997 infinita
1337 1955 1377 1995 in
1412 1964 1453 1995 te
1484 1955 1576 1995 avi-

133 2015 245 2056 ditas
269 2015 443 2071 gloriae:
466 2031 727 2072 quamquam
751 2015 856 2057 illud
877 2015 1096 2064 existimo,
1119 2013 1327 2068 cumjam
1352 2013 1430 2053 tibi
1454 2011 1573 2064 Asia,

133 2074 246 2114 sicut
268 2073 500 2128 unicuique
523 2090 599 2115 sua
620 2074 788 2124 domus,
812 2083 918 2114 nota
940 2087 1031 2113 esse
1061 2071 1234 2120 debeat,
1257 2085 1354 2112 cum
1379 2071 1431 2111 ad
1455 2082 1573 2111 tuam

132 2145 344 2171 summam
385 2131 659 2186 prudentiam
701 2141 846 2172 tantus
888 2145 988 2171 usus
1029 2128 1272 2179 accesserit,
1315 2127 1424 2169 nihil
1465 2142 1572 2180 esse,

131 2187 246 2243 quod
281 2188 334 2229 ad
365 2187 535 2230 laudem
567 2190 764 2241 attineat,
787 2188 903 2244 quod
935 2202 1021 2228 non
1045 2197 1091 2228 tu
1123 2187 1288 2242 optime
1324 2186 1571 2241 perspicias,

130 2256 176 2286 et
207 2245 286 2286 tibi
319 2260 421 2295 non,
450 2247 541 2287 sine
571 2247 827 2303 cujusquam
858 2245 1119 2296 hortatione,
1142 2245 1186 2285 in
1216 2255 1405 2284 mentem
1429 2244 1573 2284 veniat

129 2303 343 2358 quotidie.
405 2303 489 2344 Sed
522 2319 620 2360 ego,
641 2305 732 2360 qui,
765 2319 865 2346 cum
901 2314 974 2344 tua
1007 2302 1120 2359 lego,
1155 2312 1197 2343 te
1231 2301 1393 2351 audire,
1418 2301 1571 2355 etqui,

128 2375 227 2403 cum
250 2361 304 2402 ad
326 2370 369 2401 te
400 2361 558 2413 scribo,
583 2372 726 2403 tecum
756 2361 874 2417 loqui
899 2361 1075 2401 videor:
1108 2359 1269 2400 idcirco
1301 2368 1343 2398 et
1377 2368 1448 2398 tua
1480 2358 1572 2406 lon.-

130 2418 307 2474 gissima
338 2433 508 2474 quaque
540 2419 723 2476 epistola
753 2419 943 2461 maxime
976 2417 1179 2468 delector,
1202 2427 1245 2457 et
1279 2416 1369 2472 ipse
1403 2416 1445 2457 in
1469 2416 1573 2456 scri-

168 2564 210 2595 63
232 2566 282 2595 his
302 2565 412 2604 rebus]
445 2566 519 2597 Hoc
543 2565 602 2597 tali
624 2567 770 2603 theatro,
793 2569 828 2598 et
870 2570 908 2597 ut
919 2565 1057 2605 gloriam
1067 2563 1161 2595 nobis
1173 2572 1430 2603 paremusmam
1441 2561 1570 2592 abunde

127 2608 165 2639 iis
181 2617 255 2646 quae
268 2608 301 2638 in
317 2608 375 2638 illo
391 2609 525 2639 theatro
540 2609 667 2649 agenda
680 2614 771 2639 sunt.
872 2609 984 2649 gloriae
1000 2608 1092 2638 nobis
1114 2612 1182 2637 est:
1206 2605 1262 2635 sed
1283 2611 1322 2635 ut
1345 2615 1417 2647 eam
1441 2615 1571 2635 conser-

170 2649 212 2680 64
234 2651 305 2680 etsi
325 2660 399 2681 mea
415 2651 512 2691 pars]
538 2652 698 2688 Faernus,
722 2649 830 2682 Mala-
872 2661 998 2687 venius,
1015 2660 1075 2680 nee
1089 2649 1283 2680 amittamus
1299 2658 1332 2678 rc
1349 2647 1433 2677 wale
1456 2657 1571 2685 geren-

126 2692 233 2732 spina‚
259 2692 412 2731 Ursinus,
435 2693 623 2732 Manutius,
649 2694 761 2725 delent
785 2697 826 2725 et,
871 2693 923 2724 da.
948 2693 1034 2724 infra
1056 2698 1106 2723 est
1127 2691 1272 2731 consequi
1294 2694 1328 2721 et
1352 2691 1494 2720 retinere
1515 2700 1568 2722 no-

126 2734 224 2764 bene·
872 2746 956 2767 men.
1577 2767 1584 2775 ,

168 2777 209 2807 65
233 2776 273 2807 de
286 2777 413 2816 reliqna
427 2781 459 2808 et
471 2777 536 2819 sp]
561 2778 646 2818 Quae
661 2779 754 2809 nobis
771 2787 828 2818 pa·
913 2779 956 2809 66
978 2778 1021 2809 In
1035 2786 1101 2817 qua
1115 2776 1296 2807 cavendnm
1314 2774 1374 2812 est]
1399 2783 1464 2813 qua
1488 2775 1571 2805 refe·

127 2818 229 2848 randa
251 2824 366 2855 restet,
382 2825 417 2849 et
438 2828 588 2858 speretur
602 2832 622 2852 a
639 2821 826 2852 nobis—de
870 2826 949 2851 runt
964 2830 1006 2850 sa.
1024 2820 1064 2850 ad
1077 2821 1234 2857 pieriam.
1279 2817 1342 2846 Sed
1365 2816 1478 2847 civero
1500 2817 1570 2847 sine

121 2865 226 2900 parta
241 2861 412 2897 dimicare,
423 2861 461 2892 de
476 2872 526 2898 ea,
536 2866 714 2903 quamjani
724 2864 827 2894 hahe—
870 2863 968 2893 dnbio
986 2863 1114 2902 scripsit
1130 2870 1219 2891 maire
1235 2869 1293 2889 suo
1306 2872 1311 2888 :
1328 2860 1362 2888 in
1377 2868 1437 2897 quo
1452 2869 1570 2890 caven*

125 2913 209 2938 ”1³52
221 2904 403 2934 retinenda.
415 2913 481 2934 nou
495 2906 824 2945 agitarhocfinquit,
871 2906 949 2936 dum
966 2909 1012 2935 est
1025 2917 1033 2933 :
1057 2914 1132 2935 nam
1151 2902 1231 2933 mad
1248 2902 1358 2932 durius
1372 2906 1432 2931 est,

188 2959 297 2987 vor„
324 2961 399 2988 111.
426 2961 466 2988 P.
493 2961 546 2988 11.
800 2954 824 2989 :3
853 2962 886 2988 st
