1940 3231
359 193 434 228 654
775 188 956 228 EPIST.
985 187 1063 228 AD
1089 162 1378 234 mmmm,

359 308 404 335 se
425 302 590 349 gerant,
613 307 714 334 num
748 308 875 349 quem
906 302 1122 345 accusent,
1144 307 1246 335 num
1275 291 1344 333 cui
1375 293 1790 349 succenseant.·quid

357 351 472 402 dico,
505 366 605 392 num
643 351 741 392 eui?
773 366 874 391 num
916 351 1155 405 Pompeio?
1196 351 1372 392 omnino
1410 349 1580 405 culpam
1621 364 1792 393 omnem

359 407 593 464 Pompeius
617 408 658 448 in
686 407 928 448 Domitium
952 407 1145 448 confert:
1173 407 1285 462 quod
1311 407 1443 462 ipsius
1460 405 1611 447 litteris
1630 422 1793 463 cognp-

357 465 416 506 sci
442 475 606 520 potest:
639 478 816 518 quarum
841 464 1087 519 exemplum
1110 464 1163 505 ad
1187 475 1227 505 te
1248 464 1391 504 mitto.
1444 462 1557 504 Haec
1579 464 1712 519 igitur
1728 465 1790 506 vi-

355 521 502 573 debis;
534 531 590 568 et,
624 521 737 576 quod
773 521 824 560 ad
861 531 901 560 te
931 530 1030 561 ante
1059 521 1224 576 scripsi,
1252 520 1458 561 Demetrii
1494 520 1716 577 Magnetis
1739 521 1790 562 li-

353 579 494 629 brum,
519 592 644 633 quem
668 577 719 617 ad
745 587 785 617 te
808 577 925 617 misit
947 578 998 618 de
1019 578 1264 629 concordia,
1283 576 1408 618 velim
1433 577 1538 618 mihi
1563 578 1722 618 mittas.

356 666 454 708 CN.
488 665 752 707 MAGNUS
787 665 1045 708 PRocos
1091 666 1141 707 c.
1168 665 1527 719 MARCELLO,
1571 667 1619 708 L.
1645 665 1786 708 LEN-

805 722 968 765 TULO
1002 723 1164 765 Coss,
1208 723 1252 763 S.
1279 722 1333 774 D.

354 777 513 843 EGO,
535 791 649 846 quod
684 791 1001 840 existimabam,
1023 792 1235 846 dispersos
1260 806 1352 842 nos,
1375 806 1512 846 neque
1535 792 1795 848 reipublicae'

351 849 493 900 utiles,
517 863 652 904 neque
686 849 810 889 nobis
843 848 1044 903 pracsidio
1066 862 1156 888 esse
1190 863 1327 902 posse,
1361 849 1521 889 idcirco
1542 850 1594 890 ad
1619 850 1668 890 L.
1692 849 1785 891 Do-

350 907 519 947 mitium
552 906 713 946 litteras
747 905 859 955 misi,
895 905 1078 960 primum
1106 905 1168 944 uti
1193 906 1283 960 ipse
1315 920 1412 945 cum
1435 907 1551 946 omni
1579 907 1706 962 copia
1727 906 1781 948 ad

350 977 429 1003 nos
461 964 646 1004 veniret:
680 962 714 1002 si
751 962 803 1002 dc
838 976 880 1001 se
913 962 1144 1012 dubitaret,
1175 972 1221 1001 ut
1245 961 1443 1002 cohortes
1478 977 1584 1014 xlx,
1607 979 1702 1019 quae
1726 978 1781 1005 ex

351 1019 514 1061 Piceno
537 1020 589 1060 ad
623 1033 691 1060 me
716 1019 796 1060 iter
818 1018 1053 1068 habebant,
1076 1019 1128 1059 ad
1151 1033 1227 1058 nos
1251 1019 1454 1059 mitteret.
1477 1021 1591 1074 quod
1624 1021 1781 1061 veritus

348 1092 458 1127 sum,
481 1076 642 1118 factum
666 1085 744 1127 est,
768 1085 814 1117 ut
838 1075 1059 1117 Domitius
1082 1075 1397 1131 implicaretur3
1429 1090 1566 1131 neque
1599 1077 1690 1132 ipse
1715 1093 1780 1118 sa·

346 1134 404 1174 tis
437 1134 582 1175 firmus
616 1142 726 1174 esset
747 1133 786 1164 68
800 1133 851 1174 ad
888 1144 1027 1174 castra
1059 1131 1279 1174 facienda:
1311 1133 1425 1188 quod
1461 1147 1573 1173 meas
1607 1148 1714 1186 xxx,
1737 1144 1781 1175 et

348 1206 444 1232 suas
483 1206 559 1232 ΧΠ
603 1191 801 1232 cohortes
836 1190 969 1231 tribus
1005 1192 1048 1232 in
1087 1190 1258 1246 oppidis
1296 1190 1545 1231 distributas
1575 1190 1776 1234 haberet:

346 1252 465 1301 (nam
496 1248 652 1304 partim
685 1247 826 1298 Albae‚
860 1247 1015 1303 partim
1049 1247 1253 1288 Sulmone
1277 1247 1552 1297 coilocavit:)
1583 1248 1624 1281 69
1639 1262 1776 1304 neque

326 1320 405 1356 .se‚
428 1306 461 1346 si
486 1306 624 1355 vellet,
647 1305 850 1360 expedire
882 1312 1040 1359 posset.
1067 1318 1182 1345 nunc
1204 1305 1372 1354 scitote,
1394 1318 1462 1345 me
1483 1318 1574 1344 esse
1595 1304 1638 1345 in
1662 1320 1778 1346 sum-

344 1377 415 1404 ma
439 1362 740 1404 sollicitudine.
762 1376 860 1402 nam
883 1370 927 1401 et
952 1370 1016 1402 tot
1042 1370 1084 1401 et
1111 1360 1215 1401 tales
1237 1362 1351 1402 viros
1374 1360 1562 1417 periculo
1584 1361 1778 1403 obsidio—

342 1421 409 1461 nis
445 1420 624 1461 liberare
660 1419 814 1474 cupio:
846 1432 984 1474 neque
1022 1418 1212 1459 subsidio
1247 1418 1307 1459 ire
1340 1432 1539 1473 possum3
1571 1419 1685 1473 quod
1707 1418 1775 1460 his

340 1477 507 1518 duabus
540 1477 783 1532 legionibus
820 1489 906 1516 non
941 1484 1045 1531 puto
1075 1489 1165 1516 esse
1189 1475 1562 1527 committendum,
1592 1484 1640 1516 ut
1673 1475 1776 1518 illuc

340 1535 576 1585 ducantur3
608 1548 663 1574 ex
686 1533 842 1588 quibus
866 1542 1005 1573 tamen
1029 1546 1115 1573 non
1139 1532 1320 1588 amplius
1343 1546 1431 1573 xlv
1454 1531 1653 1574 cohortes
1671 1547 1782 1574 con-¹

341 1592 508 1633 trahere
539 1591 683 1647 potui:
722 1590 837 1644 quod
872 1589 1149 1630 Brundisium
1185 1589 1432 1645 praesidium
1468 1590 1591 1631 misi:
1635 1604 1775 1645 neque

341 1648 578 1690 Canusium
612 1648 702 1689 sine
739 1647 954 1702 praesidio,
985 1647 1086 1687 dum
1113 1647 1319 1697 abessem,
1343 1646 1490 1701 putavi
1513 1661 1604 1687 esse
1625 1647 1773 1688 dimit-

337 1706 529 1747 tendum.
580 1708 621 1738 70
637 1704 690 1745 D.
715 1703 848 1744 Laelio
870 1703 1133 1753 mandaram,
1155 1703 1268 1758 quod
1294 1703 1476 1758 majores
1504 1703 1650 1758 copias
1673 1718 1768 1759 spe-

335 1764 484 1804 rabam
518 1777 594 1804 nos
631 1761 870 1812 habituros,
904 1770 964 1811 ut,
998 1760 1031 1801 si
1065 1760 1186 1800 vobis
1217 1760 1445 1811 videretur,
1475 1759 1676 1802 alteruter
1698 1775 1769 1802 ve-

335 1821 471 1861 strum
494 1820 547 1862 ad
571 1833 638 1860 me
661 1818 848 1868 veniret3
879 1818 984 1858 alter
1006 1817 1049 1857 in
1073 1817 1264 1858 Siciliam
1286 1832 1384 1857 cum
1406 1831 1456 1857 ea
1477 1818 1617 1873 copia,
1638 1832 1768 1872 quam

336 1877 502 1934 Capuae
532 1885 575 1917 et
602 1876 763 1917 circum
796 1874 992 1930 Capuam
1022 1874 1328 1929 comparastis,
1359 1883 1401 1914 et
1424 1889 1520 1915 cum
1546 1875 1596 1914 iis
1619 1875 1766 1916 militi-

332 1935 429 1986 bus,
452 1949 559 1990 quos
583 1933 765 1974 Faustus
787 1931 906 1988 legit,
926 1931 1292 1988 proficisceretur3
1326 1930 1546 1972 Domitius
1567 1946 1666 1972 cum
1689 1946 1762 1974 ΧΠ

332 1993 418 2033 suis
442 1990 693 2034 cohortibus
716 1989 866 2030 eodem
896 1989 1225 2044 adjungeretur3
1258 1987 1431 2042 reliquae
1454 1988 1593 2044 copiae
1615 1991 1768 2030 omnes

333 2049 611 2091 Brundisium
634 2047 905 2102 cogerentur,
929 2055 972 2086 et
995 2045 1092 2086 inde
1109 2046 1290 2086 navibus
1317 2044 1602 2100 Dyrrachium
1628 2056 1764 2087 trans-

330 2114 620 2163 portarentur.
659 2118 786 2154 nunc,
819 2117 918 2143 cum
955 2103 1037 2144 hoc
1076 2111 1269 2157 tempore
1313 2101 1450 2142 nihilo
1488 2103 1626 2157 magis
1664 2110 1774 2159 ego,

330 2178 460 2219 quam
484 2178 573 2213 vos,
596 2160 787 2202 subsidio
821 2159 1019 2201 Domitio
1047 2160 1108 2200 ire
1130 2160 1305 2214 possim,
1328 2173 1372 2199 se
1395 2173 1469 2215 per
1490 2169 1657 2200 montes
1687 2174 1764 2201 ex-

330 2221 518 2277 plicare;
548 2233 632 2260 non
666 2227 731 2258 est
762 2218 886 2258 nobis
922 2216 1296 2267 committendum,
1327 2226 1376 2256 ut
1403 2216 1456 2257 ad
1479 2216 1554 2257 has
1578 2231 1665 2257 X1v
1687 2232 1762 2258 co-

328 2279 490 2329 hortes,
511 2291 615 2332 quas
633 2289 715 2331 ego
737 2273 871 2316 dubio
893 2277 1037 2315 animo
1061 2273 1214 2324 habeo,
1232 2273 1368 2314 hostis
1390 2273 1606 2324 accedere,
1624 2282 1699 2314 aut
1717 2274 1765 2315 in

327 2335 480 2376 itinere
503 2348 570 2375 me
592 2331 796 2386 consequi
819 2331 969 2387 possit.
1013 2331 1307 2378 Quamobrem
1329 2330 1536 2386 placitum
1554 2339 1619 2372 est
1637 2330 1766 2382 mihi,

328 2407 378 2434 ac
416 2393 476 2434 ita
509 2391 633 2433 video
665 2390 828 2431 censeri
849 2387 1129 2439 7¹Marcello,
1161 2396 1205 2428 et
1236 2388 1388 2428 ceteris
1422 2387 1556 2429 nostri
1580 2387 1757 2439 ordinis,

365 2555 406 2586 68
428 2555 474 2584 ad
493 2551 784 2592 castrasacienda]
809 2561 853 2581 se.
871 2559 944 2590 quae
959 2560 1017 2591 op·
1062 2551 1211 2581 mitatem
1232 2553 1311 2580 ante
1321 2546 1562 2580 Gnemoratam.
1593 2547 1709 2588 ltaque
1723 2548 1760 2579 se'

322 2601 460 2637 poneret
473 2595 633 2632 hostibus,
648 2595 671 2626 i.
685 2604 714 2626 e.
730 2595 771 2625 ad
786 2593 899 2635 praelia
909 2593 1019 2623 confe-
1061 2593 1196 2623 servavi.

321 2639 423 2671 renda
438 2643 531 2668 extra
544 2638 669 2667 urbem.
1101 2637 1142 2668 70
1165 2634 1211 2665 D.
1237 2632 1352 2673 Loelio]
1380 2632 1499 2672 Recepi
1525 2641 1601 2662 cum
1626 2631 1754 2662 Graevio

364 2681 405 2714 69
426 2690 527 2721 neque
549 2689 593 2715 se,
620 2689 646 2710 s.
672 2688 703 2708 v.
727 2679 876 2718 expedire
894 2675 1014 2716 posset]
1059 2686 1118 2717 pro
1132 2675 1252 2707 Demo.
1297 2675 1349 2705 Sic
1364 2681 1398 2705 et
1410 2684 1507 2714 supra
1520 2679 1571 2704 est
1585 2683 1637 2715 ep.
1656 2677 1703 2705 Il.
1719 2680 1754 2705 et

320 2734 354 2755 se
377 2728 428 2754 est
450 2732 470 2753 a
494 2721 669 2758 LambinO,
696 2730 793 2760 quem
815 2725 946 2750 secutus
966 2723 1018 2748 est
1058 2719 1176 2758 saepius
1191 2717 1253 2747 hoc
1268 2717 1386 2747 vitium
1400 2717 1553 2747 occurrit.

320 2767 494 2797 Gruterus.
538 2763 644 2803 Ejecit
676 2762 835 2792 Graevius.
881 2760 1016 2791 Lambi-
1101 2763 1139 2793 71
1163 2759 1335 2799 Marcello]
1365 2759 1406 2789 In
1430 2758 1480 2789 ed.
1502 2758 1600 2789 Rom.
1624 2761 1659 2788 et
1677 2757 1751 2789 aliis

320 2818 402 2839 num
419 2811 506 2838 recte
528 2806 640 2836 fecisse
662 2808 755 2844 puto.
777 2813 854 2833 nam
867 2803 1016 2841 expedire
1057 2801 1132 2832 inde
1155 2800 1286 2832 additur
1307 2801 1354 2831 M.
1369 2801 1448 2832 item
1464 2801 1553 2831 utin
1576 2799 1656 2830 Mss.
1677 2800 1749 2839 qui-

319 2851 465 2890 pertinet
479 2858 546 2880 non
561 2848 602 2878 ad
615 2848 767 2883 cohortes,
778 2845 833 2876 sed
847 2845 887 2876 ad
897 2844 1014 2876 Dumi—
1057 2843 1205 2875 busdam.
1228 2842 1283 2873 sed
1308 2843 1346 2873 de
1370 2845 1408 2875 C.
1433 2843 1484 2874 hie
1509 2851 1615 2873 sermo
1630 2846 1692 2878 est,
1708 2841 1762 2872 ad'

319 2893 418 2929 tium,
441 2901 538 2930 quem
562 2890 642 2921 dicit
667 2886 838 2929 Pompeius
866 2886 1016 2927 implica·
1057 2895 1152 2927 quem
1180 2889 1213 2916 et
1239 2885 1377 2924 epistola
1399 2886 1521 2926 scripta
1544 2888 1605 2920 est,
1628 2893 1704 2915 nam
1724 2883 1761 2925 is„

319 2938 389 2964 tum
405 2944 479 2964 esse.
523 2933 669 2965 cohortes
682 2929 851 2972 pertinent
866 2929 905 2962 ad
921 2928 1015 2970 infir·
1056 2938 1132 2961 cum
1147 2927 1291 2960 Lentulo
1307 2928 1431 2963 consul
1446 2928 1521 2960 fuit.
1753 2931 1760 2936 “
