1940 3231
183 709 216 739 p.
233 700 286 729 83.

277 761 406 798 ·cere‚
426 762 470 788 se
492 763 516 787 a
537 762 605 788 me
628 747 805 789 solvere.
828 748 943 802 quod
965 748 1081 788 enim
1116 747 1289 804 praetori
1321 747 1422 788 dare
1443 755 1737 796 consuessent,

290 132 368 172 578
702 130 886 170 EPIST.
912 132 993 169 AD
1025 129 1316 174 ATTICUM,

292 232 485 290 Scaptio,
519 248 594 290 per
626 249 730 289 quas
751 236 791 266 62
807 236 1062 277 Salaminios
1094 234 1337 285 co‘erceret3
1368 241 1413 274 et
1440 233 1622 274 eundem
1651 231 1728 274 ha-

292 291 444 332 buerat
466 290 735 347 praefectum.
760 294 946 334 vexabat
970 292 1242 334 Salaminios.
1263 306 1346 347 ego
1368 290 1533 345 equites
1562 304 1617 331 ex
1639 289 1727 345 Cy-

292 362 371 403 pro
404 348 609 389 decedere
628 349 755 404 jussi.
788 350 967 391 moleste
994 349 1094 390 tulit
1124 349 1341 405 Scaptius,
1362 347 1468 403 quid
1490 346 1652 388 multa?
1681 355 1731 387 ut

291 405 330 446 ei
352 405 478 446 fidem
502 420 642 446 meam
677 416 949 461 praestarem3
981 421 1080 447 cum
1112 407 1165 447 ad
1198 421 1265 446 me
1299 404 1521 446 Salaminii
1551 402 1733 444 Tarsum

291 463 524 514 venissent,
545 464 585 493 63
602 473 646 503 et
675 477 760 502 una
790 463 1006 518 Scaptius,
1031 463 1254 517 imperavi,
1275 472 1324 503 ut
1345 462 1574 518 pecuniam
1596 459 1734 501 solve·

292 530 402 560 rent.
430 520 566 560 multa
599 520 652 560 de
685 520 946 575 syngrapha,
979 520 1032 560 de
1071 519 1236 576 Scaptii
1266 519 1451 576 injuriiS.
1482 518 1643 574 negavi·
1665 530 1734 557 me

295 577 455 617 audire.
490 576 684 617 hortatus
718 591 838 628 sum3
871 576 1005 632 petivi
1026 576 1173 627 etiam,
1204 591 1281 633 pro
1314 577 1419 617 meis
1442 577 1486 617 in
1509 575 1734 617 civitatem

296 634 531 684 beneficiis,
564 642 612 673 ut
644 633 867 689 negotium
900 633 1188 675 conficerent:
1221 633 1405 689 denique
1438 633 1532 674 dixi
1560 646 1629 672 me
1661 646 1735 673 co-

297 701 508 731 acturum.
522 689 719 731 homines
734 705 821 731 non
835 691 965 731 modo
985 705 1072 731 non
1095 704 1304 740 recusare,
1327 691 1397 731 sed
1417 691 1549 732 etiam
1569 689 1654 731 hoc
1672 688 1738 729 di-

295 804 501 859 quoniam
525 819 607 860 ego
630 820 716 845 non
740 819 1006 860 acceperam,
1028 819 1072 845 se
1091 819 1116 844 a
1148 818 1215 845 me
1237 805 1427 860 quodam
1457 805 1588 850 modo
1609 804 1737 854 dare;

294 873 424 917 atque
446 861 576 902 etiam
600 863 740 903 minus
762 877 853 903 esse
879 861 1099 916 aliquanto
1122 862 1164 902 in
1198 861 1362 918 Scaptii
1397 862 1586 911 nomine,
1607 874 1739 916 quam

295 920 339 959 in
365 918 564 975 vectigali
589 920 808 975 praetorio.
831 918 1073 968 collaudavi
1097 918 1306 960 homines.
1330 927 1459 969 recte,
1475 918 1617 974 inquit
1635 918 1738 959 Sca-

295 975 438 1032 ptius:
472 976 542 1017 sed
578 977 867 1018 subducamus
902 990 1128 1017 summam.
1162 976 1334 1016 interim
1356 990 1455 1016 cum
1477 990 1560 1032 ego
1583 976 1627 1017 in
1649 976 1740 1017 edi-

295 1043 368 1074 cto
384 1032 612 1085 tralaticio,
631 1035 886 1075 centesimas
905 1048 973 1074 me
993 1034 1337 1083 observaturum,
1353 1032 1570 1084 haberem,
1588 1034 1738 1074 6*lcum

296 1091 565 1132 anatocismo
585 1092 901 1143 anniversari03
934 1090 1004 1132 ille
1025 1105 1080 1131 ex
1104 1090 1353 1146 syngrapha
1368 1091 1615 1145 postulabat
1633 1105 1738 1146 qua-

299 1158 454 1189 ternas.
477 1149 580 1203 quid
603 1149 692 1189 ais?
724 1150 915 1205 inquam.
939 1162 1169 1204 possumne
1187 1156 1339 1188 contra
1358 1148 1738 1189 meumedicturn?

298 1215 343 1246 at
365 1206 433 1246 ille
459 1204 621 1261 profert
643 1216 814 1247 senatus
836 1205 1080 1248 consultum
1114 1204 1296 1246 Lentulo
1324 1204 1613 1261 Philippoque
1635 1219 1739 1246 con-

299 1261 477 1314 sulibus,
513 1276 589 1313 nr,
627 1277 710 1315 <2¹51
739 1263 984 1304 CimcrAM
1023 1270 1331 1313 OBTINERET,
1364 1276 1446 1304 Jtsss
1471 1263 1511 1293 65
1528 1276 1588 1304 Ex
1624 1275 1739 1311 1L1,.A

302 1333 606 1361 SYNGRAPHA
647 1334 881 1361 nrcnRET.
904 1321 1103 1361 cohorrui
1131 1320 1295 1375 primo:
1327 1319 1538 1360 66etenim
1563 1329 1654 1361 erat
1677 1320 1742 1361 in-

301 1377 452 1417 teritus
468 1377 673 1418 civitatis.
693 1379 857 1433 reperio
871 1377 957 1418 duo
974 1387 1146 1418 senatus
1168 1376 1365 1418 consulta
1382 1377 1532 1417 iisdem
1555 1377 1742 1418 consuli-

299 1435 379 1474 bus
401 1435 454 1475 de
474 1435 624 1475 eadem
649 1435 909 1491 syngrapha.
974 1434 1196 1475 Salaminii
1220 1449 1318 1475 cum
1343 1433 1499 1476 Romae
1524 1449 1742 1476 versuram

298 1490 440 1535 facere
465 1491 634 1543 vellent,
657 1507 744 1533 non
779 1502 1002 1548 poterant;
1033 1492 1071 1525 67
1088 1492 1201 1547 quod
1238 1492 1307 1533 lex
1342 1491 1534 1533 Gabinia
1568 1493 1743 1534 vetabat

1042 1604 1082 1676 {iis
1110 1615 1182 1635 eam
1214 1614 1256 1635 ex
1284 1605 1393 1636 edicto
1420 1614 1481 1635 suo
1508 1606 1638 1637 irritam
1670 1606 1741 1637 red-

1065 1655 1145 1677 eret.

340 1605 381 1639 62
415 1604 614 1636 Salaminios
644 1605 816 1644 coerceret]
858 1607 1000 1645 Cogeret

300 1648 466 1688 pecunias,
484 1657 564 1687 quas
578 1648 607 1677 ei
623 1647 792 1684 deberent,
808 1648 944 1678 solvere.

343 1690 383 1720 63
399 1694 430 1720 et
447 1691 482 1720 in
498 1692 546 1720 his
570 1689 737 1730 Scaptius]
771 1691 920 1720 Primum
946 1689 1001 1719 hic

301 1736 334 1762 et
347 1742 398 1762 me
412 1732 561 1769 offendit,
577 1732 664 1772 quod
678 1733 712 1762 in
727 1733 787 1763 hac
802 1733 908 1762 forma
934 1742 1000 1761 nou

300 1774 387 1804 solet
401 1775 485 1805 addi.
511 1784 572 1805 nec
587 1782 702 1814 aptum
720 1781 769 1805 est
785 1776 819 1804 in
835 1775 902 1804 his:
926 1775 1002 1813 quia

301 1816 454 1856 Scaptius
466 1826 533 1847 non
549 1824 620 1847 erat
633 1817 781 1858 Cyprius.
797 1819 907 1855 itaque
920 1826 1003 1856 prae-

302 1858 367 1888 tuli
390 1858 566 1889 lectionem
591 1858 643 1889 ed.
666 1860 758 1889 Jens.
781 1864 812 1889 et
832 1868 901 1889 una
926 1859 1007 1889 Sca-

297 1901 400 1941 ptius.
439 1911 536 1940 quam
565 1906 599 1931 et
627 1901 814 1939 Ascensius,
842 1900 946 1932 Aldus
972 1906 1007 1931 et

304 1942 360 1973 alii
375 1944 478 1973 secuti
494 1948 584 1973 sunt.

347 1985 388 2015 64
422 1995 498 2016 cum
532 1986 726 2016 anatocismz'
761 1986 1001 2025 anniversario]

307 2026 534 2063 Dissentiunt,
551 2029 745 2058 anatocz'smz'
760 2028 933 2067 legendum
949 2029 1006 2064 sit,

308 2079 350 2099 an
365 2070 563 2100 anatocismo
574 2083 583 2100 :
607 2070 688 2100 illud
703 2070 899 2101 defendente
915 2071 1008 2101 Grae-

305 2112 378 2141 vio:
403 2111 466 2142 hoc
479 2113 637 2151 probante
652 2112 809 2150 Corrado,
827 2112 1000 2143 Lambino.

305 2153 393 2193 Quia
414 2154 679 2186 (tunicor-sariunt
700 2155 903 2185 substantive
927 2164 1003 2185 nus-

307 2196 396 2235 piam
412 2196 532 2227 dicitur
546 2197 632 2237 apud
646 2197 742 2227 bonae
757 2196 933 2227 latinitatis
948 2208 1005 2228 au-

307 2244 427 2276 ctores,
460 2240 654 2269 anatocismi
691 2240 915 2269 anniversario
951 2250 1004 2270 ve-

307 2289 381 2310 rum
405 2291 472 2311 esse
495 2290 561 2311 non
585 2285 704 2322 potest.
749 2281 865 2321 Itaque
888 2283 1005 2312 Corra-

308 2321 387 2352 dum
406 2323 439 2353 in
463 2328 556 2353 textu
571 2328 702 2354 secutus
719 2333 803 2355 sum.
847 2324 910 2354 Sed
927 2325 1005 2355 mihi

307 2367 417 2394 totum
459 2366 594 2396 verbum
632 2367 858 2396 anniversario
895 2376 1007 2406 suspe-

310 2411 401 2436 ctum
435 2413 499 2444 est,
519 2408 606 2447 quod
628 2407 707 2438 alias
736 2408 929 2448 simpliciter
957 2408 1008 2439 di-

306 2454 430 2479 cuntur
453 2451 631 2481 cmtesz'moe
646 2460 721 2481 cum
735 2451 945 2488 anatocismo,
960 2456 1010 2481 et-

309 2490 374 2520 iam
393 2491 426 2520 in
442 2491 502 2522 bac
517 2493 656 2532 epistola
672 2504 679 2522 ι
704 2494 850 2532 inestque
867 2493 900 2523 τὸ
912 2495 1009 2523 anni-

307 2535 492 2563 versarium
503 2536 536 2564 in
551 2536 620 2574 ipso
632 2536 849 2572 anatocismo,
864 2540 902 2566 ut
915 2540 1009 2575 patet

310 2586 328 2604 e
346 2574 404 2610 Vl,
422 2577 451 2605 13.
476 2576 530 2605 ubi
548 2582 597 2606 est
612 2588 619 2606 :
643 2578 835 2614 centesimis,
856 2583 1008 2608 renovato

311 2618 347 2646 in
369 2618 514 2655 singulos
532 2619 785 2658 annosfit‘nore.
809 2621 889 2650 item
904 2630 955 2660 ep.
980 2623 1007 2650 1.

310 2660 501 2690 centesimas
527 2662 670 2690 seiz-ennii
701 2672 776 2692 cum
804 2663 1010 2693 renovatione

311 2710 475 2731 annorum
487 2703 693 2740 singulorum
701 2726 709 2733 .

1086 1689 1127 1720 66
1148 1693 1178 1719 et
1194 1693 1266 1719 erat
1281 1688 1381 1728 enim]
1409 1690 1462 1720 Sic
1478 1694 1511 1719 et
1527 1689 1623 1720 Rom.
1641 1690 1740 1721 male.

1044 1738 1077 1762 at
1092 1732 1183 1762 Jens.
1198 1732 1314 1761 etenim
1338 1736 1424 1768 erac,
1440 1732 1525 1771 quod
1548 1738 1582 1762 et
1604 1743 1742 1772 sequen-

1043 1779 1094 1803 tes
1115 1773 1249 1804 habent.
1278 1773 1359 1803 illud
1382 1782 1456 1813 post
1481 1781 1668 1805 revocatum
1692 1783 1744 1806 est

1045 1816 1084 1846 ad
1100 1825 1200 1854 usque
1216 1816 1408 1847 Gruterum,
1453 1816 1600 1847 Graevius
1616 1823 1647 1848 et
1661 1818 1744 1849 taci-

1048 1863 1081 1888 te
1098 1858 1228 1889 delevit.

1090 1901 1129 1934 67
1153 1901 1237 1940 qnod
1265 1900 1316 1929 lex
1348 1900 1489 1930 Gabinia
1513 1900 1660 1940 vetabat]
1691 1901 1744 1932 An

1046 1943 1195 1972 universe
1209 1954 1218 1972 ι
1244 1952 1283 1972 ne
1298 1943 1549 1980 provincialibus
1563 1943 1676 1974 liceret
1689 1953 1744 1983 pe-

1047 1985 1178 2014 cuniam
1203 1985 1318 2015 Romae.
1344 1990 1493 2014 mutuam
1519 1994 1660 2023 sumere,
1684 1992 1745 2016 aut

1048 2027 1136 2057 dare.
1154 2036 1376 2065 nequaquam:
1403 2036 1478 2056 nam
1495 2025 1527 2056 id
1541 2028 1674 2067 quidem
1689 2029 1746 2059 ab·

1051 2069 1184 2099 surdum
1216 2069 1339 2099 fuisset.
1397 2069 1459 2099 Sed
1487 2068 1538 2099 lex
1574 2081 1613 2101 ea
1640 2070 1747 2101 voluit

1046 2115 1197 2141 coercere
1235 2112 1471 2141 foeneratorum
1500 2113 1673 2143 avaritiam
1710 2113 1745 2143 in

1047 2154 1164 2189 usuris,
1190 2163 1327 2193 quarum
1344 2153 1478 2183 niodum
1496 2153 1587 2184 nulla
1609 2155 1660 2185 lex
1680 2160 1748 2186 sta-

1045 2200 1168 2226 tuerat.
1193 2195 1278 2226 unde
1296 2195 1472 2228 crudelitas
1486 2206 1600 2226 eorum
1616 2198 1650 2227 in
1666 2207 1744 2228 usu-

1048 2238 1091 2268 ris
1120 2248 1219 2278 supra
1246 2238 1381 2268 modum
1411 2243 1567 2269 creverat.
1624 2240 1746 2270 Sanxit

1048 2281 1161 2319 igitur,
1179 2291 1218 2310 ne
1245 2281 1464 2319 magistratus
1486 2291 1526 2310 ea·
1548 2283 1748 2322 syngraphis

1039 2321 1102 2363 jus
1115 2322 1268 2358 dicerent,
1284 2323 1340 2353 sed
1355 2333 1395 2352 ex
1409 2323 1529 2360 edicto,
1545 2323 1578 2353 in
1595 2334 1658 2363 quo
1675 2334 1746 2354 mo-

1050 2364 1109 2395 dus
1132 2374 1303 2395 usurarum
1322 2370 1535 2396 statueretur.
1581 2366 1619 2396 Id
1635 2366 1747 2411 paullo

1051 2415 1125 2447 post
1147 2407 1266 2437 diserte
1289 2407 1369 2438 dicit
1390 2408 1516 2443 Cicero,
1538 2413 1692 2447 patetque
1708 2419 1750 2439 ex

1052 2459 1103 2485 eo,
1119 2449 1206 2488 quod
1222 2450 1255 2478 in
1275 2450 1375 2486 SCto,
1391 2450 1476 2488 quod
1490 2452 1559 2489 ejus
1576 2450 1655 2489 legis
1671 2461 1746 2490 gra-

1051 2492 1133 2521 tiam
1149 2491 1284 2527 fecerat,
1298 2491 1374 2528 fuit,
1388 2497 1426 2522 ut
1439 2492 1564 2522 Ciliciae
1577 2493 1750 2532 magistra-

1052 2539 1106 2563 tus
1119 2544 1155 2563 ex
1171 2534 1357 2573 syngrapha
1370 2533 1428 2564 illa
1434 2534 1488 2573 jus
1499 2534 1635 2571 diceret,
1649 2545 1748 2574 quam

1052 2576 1182 2616 Saptius
1197 2582 1231 2606 et
1258 2575 1434 2606 Matrinius
1461 2586 1536 2606 cum
1559 2576 1748 2608 Salaminiis

1050 2618 1214 2649 fecissent.
1244 2618 1342 2652 Hinc,
1360 2628 1393 2648 re
1407 2618 1545 2655 recenti,
1563 2628 1659 2648 nemo
1673 2629 1750 2659 pro-

1051 2661 1243 2690 vincialibus
1266 2661 1419 2700 pecunias
1443 2661 1572 2691 credere
1594 2661 1748 2692 volebat:

1049 2707 1084 2733 et
1105 2702 1166 2732 hoc
1189 2710 1252 2739 est,
1276 2702 1457 2733 Salaminii
1477 2713 1552 2733 cum
1575 2712 1748 2734 versuram

353 2743 394 2774 65
431 2752 476 2774 Ex
508 2753 584 2775 ιιιΑ
621 2745 840 2784 SYNGRAPHA]
878 2745 1008 2785 Nempe
1037 2729 1158 2783 facere
1171 2747 1301 2781 vellent,
1317 2754 1381 2775 non
1389 2749 1555 2784 poterant.
1577 2744 1641 2775 Sed
1653 2745 1745 2781 illud.

310 2785 462 2825 Scaptius
485 2792 520 2816 et
542 2786 719 2817 Matrinius
749 2787 1008 2827 impetraverant
1049 2786 1136 2826 quod
1152 2787 1185 2817 in
1201 2787 1272 2827 lege
1284 2792 1368 2823 erat,
1383 2787 1504 2818 excidit
1515 2797 1532 2817 e
1545 2792 1641 2817 textu
1654 2787 1746 2818 Cice-

311 2826 479 2858 decretum
496 2829 648 2865 Senatus,
664 2839 729 2868 quo
751 2829 808 2859 ina
823 2830 1009 2869 syngrapha

311 2869 512 2908 firmaretur,
528 2880 569 2903 ne
592 2872 804 2911 magistratus
827 2872 1010 2912 provincia-

1052 2829 1152 2877 ronis.
1196 2829 1298 2870 quue
1332 2829 1455 2867 addidi,
1488 2828 1547 2861 sed
1580 2828 1746 2862 inclusum

1051 2880 1158 2902 unCIS.
