1940 3231
689 142 896 183 LIBER
926 141 1035 182 XVI.
1503 148 1580 184 869

144 243 283 298 Itane,
315 247 374 289 mi
405 246 579 292 Attice?
616 248 864 290 defensione
893 257 993 304 eget
1023 260 1165 287 meum
1198 245 1377 298 factum,
1400 263 1579 303 praeser-

142 304 220 344 tim
244 306 355 360 apud
381 315 437 356 tc,
460 307 532 361 qui
556 307 597 348 id
630 306 883 347 mirabiliter
905 304 1153 361 approbasti
1173 306 1185 345 ?
1216 318 1298 359 ego
1323 318 1423 345 vero
1448 306 1576 347 istum

140 366 368 423 ἀπολογισμὸν
388 368 605 415 συντάξομοιι,
637 364 709 403 sed
743 363 794 403 ad
828 377 974 403 eorum
1009 362 1211 417 aliquem,
1245 361 1400 416 quibus
1428 361 1575 403 invitis

138 426 182 457 et
223 419 567 460 dissuadentibus
600 419 818 475 profectus
852 435 961 461 sum.
992 420 1072 460 etsi
1105 419 1206 474 quid
1235 419 1325 473 jam
1363 433 1470 474 opus
1510 430 1575 460 est

139 477 293 525 σχολίῳὲ
325 476 356 515 si
382 490 731 531 perseverassem,
754 492 861 533 opus
895 477 1060 517 fuisset.
1121 476 1180 516 At
1214 476 1297 516 hoc
1319 477 1458 531 ipsum
1484 491 1569 517 non

140 539 402 596 constantem.
451 548 578 574 nemo
616 535 768 576 doctus
802 549 1003 590 uinquam
1033 534 1193 586 (multa
1226 544 1367 573 autem
1403 533 1455 574 ‹le
1488 533 1618 582 boob,

137 598 295 648 genere
324 599 483 645 scripta
501 593 618 642 sunt)
641 593 922 633 mutationem
946 591 1129 642 consilii,
1153 591 1486 631 inconstantiam
1508 591 1573 631 di-

140 652 208 683 xtt
229 658 333 708 esse.
364 647 567 704 deinceps
591 650 723 705 igitur
756 650 864 690 liaec.
926 685 942 690 -
959 648 1037 689 'am
1068 651 1106 679 58
1119 648 1153 688 si
1174 663 1197 688 a
1224 647 1401 688 Plzccdro
1423 655 1572 699 nostro,

139 701 324 754 expedzta
357 706 558 746 excusatio
591 714 698 747 esset.
740 722 846 747 mmo
879 706 979 762 qaid
1010 704 1322 760 respondemus?
1384 705 1500 761 Ergo
1529 706 1573 746 id

138 758 180 820 59·
191 769 282 822 erat
303 774 446 824 meum
469 763 647 816 factum,
664 764 777 819 quod
798 764 954 805 Catoni
979 764 1160 819 probare
1181 777 1267 802 non
1292 777 1475 817 possem,
1495 764 1574 803 fla-

137 822 235 868 gltu
267 817 433 881 scilicet
458 821 628 876 plenum
652 831 695 862 et
728 822 962 863 dedecoris
995 821 1158 861 utinam
1183 835 1207 861 a
1235 820 1372 875 primo
1407 821 1466 861 ita
1490 821 1568 861 tibi

138 881 250 912 esset
274 880 440 918 visum?
472 888 517 919 tu
551 878 674 930 mihi,
697 879 809 920 sicut
840 893 931 919 esse
963 878 1085 925 soles,
1118 877 1270 917 fuisses
1294 877 1419 918 Cato.
1484 877 1573 919 Ex—

139 937 322 973 tremum
354 934 457 976 illud
483 936 547 977 vel
570 936 943 978 molestissimum:
980 935 1091 976 Nam
1116 933 1275 975 Brutus
1295 942 1430 975 noste-r
1457 935 1573 976 silet:

138 983 223 1051 hoc
255 999 334 1041 est,
357 1005 444 1033 non
472 994 604 1035 audet
638 994 857 1035 hominem
891 994 934 1034 id
968 993 1108 1033 aetatis
1131 1007 1317 1033 monere.
1350 992 1461 1033 aliud
1508 993 1574 1034 ni-

138 1040 200 1085 h1l
222 1045 376 1112 habeo,
399 1050 440 1080 60
452 1051 568 1106 quod
598 1066 653 1092 ex
675 1052 728 1093 iis
764 1066 789 1092 a
810 1062 852 1092 te
877 1051 1014 1092 verbis
1049 1050 1284 1105 significari
1317 1059 1465 1105 putem
1486 1067 1496 1091 ε
1529 1060 1573 1091 et

136 1098 310 1165 hercule
341 1117 401 1146 ita
436 1117 515 1150 est.
576 1108 690 1150 Nam
714 1123 800 1150 xv1
836 1108 934 1149 Kal.
969 1108 1087 1163 Sept.
1111 1122 1209 1147 cum
1243 1108 1453 1148 venissem
1488 1107 1573 1149 Ve-

137 1156 254 1211 liam,
295 1162 456 1205 Brutus
492 1166 671 1208 audivit.
710 1175 801 1207 erat
832 1166 947 1207 enim
982 1180 1081 1205 cum
1119 1164 1206 1205 suis
1238 1164 1419 1205 navibus
1459 1166 1596 1220 apud,

137 1216 175 1246 ⁶¹
194 1216 394 1262 Haletem
418 1222 614 1274 fluvium,
637 1226 744 1265 citra
769 1223 935 1265 Veliam
964 1222 1098 1263 millia
1120 1236 1318 1278 passuum
1346 1236 1419 1262 111.
1453 1222 1574 1277 pedi-

139 1273 218 1315 bus
241 1277 293 1317 ad
317 1292 386 1341 me
407 1280 567 1321 statim.
601 1281 662 1322 dii
684 1281 960 1332 immortales,
979 1294 1107 1336 quam
1133 1279 1253 1320 valde
1275 1278 1344 1319 ille
1365 1280 1405 1310 62
1419 1279 1574 1331 reditu,

138 1332 205 1372 vel
238 1347 383 1390 potius
413 1339 655 1379 reversione
682 1354 779 1380 mea
800 1338 984 1388 laetatus,
1006 1337 1161 1378 effudit
1193 1336 1264 1377 illa
1293 1336 1574 1392 omnia,quae

139 1398 356 1455 tacuerat3
400 1404 448 1435 ut
469 1397 714 1437 recordarer
735 1396 835 1437 illud
862 1406 997 1446 tuum,
1021 1409 1115 1435 nom
1141 1392 1300 1435 Brutus
1320 1402 1451 1435 noster
1469 1393 1574 1435 silet.

136 1461 327 1512 max-ime
348 1461 492 1493 autem
516 1453 704 1506 dolebat,
726 1468 795 1494 me
816 1453 913 1495 Kal.
937 1453 1059 1494 Sext.
1083 1453 1127 1493 in
1150 1462 1297 1492 senatu
1323 1467 1409 1493 non
1430 1451 1575 1493 fuisse.

138 1505 181 1569 ⁶3·
198 1505 398 1549 Pisonem
421 1509 587 1551 ferebat
608 1511 652 1552 in
683 1514 868 1553 coelum:
903 1525 946 1551 se
967 1521 1108 1550 autem
1143 1509 1295 1559 laetari,
1317 1510 1433 1564 quod
1467 1509 1575 1550 effu-

139 1576 298 1628 gissem
331 1566 436 1607 duas
467 1569 678 1613 maximas
706 1569 1064 1625 vituperationes:
1095 1582 1239 1616 unam,
1262 1581 1390 1621 quam
1423 1567 1576 1608 itinere

139 1623 339 1686 iaciendo
360 1638 429 1665 me
451 1625 748 1682 intelligebam
771 1627 1000 1682 suscipere,
1022 1624 1333 1681 desperationis
1356 1639 1406 1665 ae
1427 1624 1577 1665 64reli-

137 1687 295 1743 ettonis
345 1682 623 1738 reipublicae:
677 1684 827 1725 flentes
879 1697 1049 1724 meeum
1095 1681 1227 1737 vulgo
1269 1682 1575 1736 querebantur,

137 1737 294 1790 qulbus
327 1738 379 1780 de
410 1755 506 1780 meo
540 1740 665 1782 celeri
699 1742 839 1783 reditu
872 1755 960 1782 non
994 1740 1258 1796 probabam:
1302 1739 1495 1789 alteram,
1523 1739 1576 1780 de

138 1808 225 1848 qua
257 1795 432 1849 Brutus,
454 1807 497 1839 et
528 1799 602 1853 qui
637 1813 722 1839 una
750 1808 886 1850 erant,
915 1797 1059 1851 (multi
1093 1806 1236 1838 autem
1263 1798 1421 1847 erant,)
1455 1796 1577 1837 laeta-

137 1851 310 1916 bantur,
330 1855 446 1909 quod
479 1870 574 1896 eam
603 1856 964 1912 vituperationem
997 1854 1261 1911 effugissem,
1282 1854 1322 1884 65
1336 1868 1404 1894 me
1425 1854 1577 1895 existi-

136 1923 244 1950 mari
267 1911 319 1952 ad
357 1911 578 1969 Olympia.
609 1913 693 1955 hoc
718 1929 816 1956 vero
851 1913 961 1955 nihil
983 1913 1164 1969 turpius,
1187 1911 1340 1967 quovis
1372 1911 1578 1967 reipubli-

137 1981 202 2030 cae
226 1977 449 2025 tempore:
481 1971 554 2012 sed
587 1970 671 2013 hoc
702 1973 959 2020 ἀναπολόγητον.
990 1985 1073 2026 ego
1106 1984 1207 2011 vero
1241 1977 1386 2010 austro
1416 1969 1577 2024 gratias

138 2038 283 2090 miras,
326 2028 399 2081 qui
440 2042 511 2068 me
551 2044 577 2070 a
625 2038 747 2070 tanta
787 2027 966 2068 infamia
1006 2028 1222 2069 averterit.
1298 2026 1575 2067 Reversionis

137 2081 268 2123 ⁶611as
305 2084 519 2141 speciosas
556 2100 706 2129 causas
738 2086 886 2138 habeS‚
911 2085 1054 2142 justas
1087 2085 1178 2127 illas
1209 2084 1399 2140 quidem,
1421 2093 1464 2125 et
1486 2098 1576 2125 ma-

183 2199 222 2228 58
249 2198 277 2227 εἰ
298 2208 319 2228 α
347 2198 489 2232 Plzoedro
510 2201 632 2242 nostro]
656 2201 739 2233 Tale
760 2200 839 2241 quid

138 2238 246 2277 fieret,
262 2243 316 2280 qui
333 2248 381 2272 est
397 2243 586 2284 Epicureus.

184 2284 223 2316 59
247 2287 447 2324 erat—quod
473 2286 587 2317 Catoni
602 2297 658 2327 pr.
681 2295 746 2316 mm
764 2294 838 2325 pos-

138 2325 220 2363 sem]
246 2325 355 2363 Vulgo
372 2326 457 2358 male
471 2329 596 2359 editum
612 2337 662 2359 est
671 2329 802 2369 possim.

183 2367 224 2398 60
246 2371 331 2407 quod
350 2371 452 2412 ext-iis
475 2381 506 2402 v.
522 2382 548 2402 s.
565 2371 617 2411 p.]
651 2381 691 2402 ex
713 2370 837 2401 habent

140 2408 213 2440 edd.
233 2420 358 2443 omnes.
379 2413 494 2444 eadem
507 2414 711 2445 constructio
733 2418 784 2443 est
797 2412 836 2442 de

141 2451 223 2482 Har.
238 2453 278 2483 R.
298 2457 347 2486 12.

185 2494 221 2524 61
247 2495 579 2540 Halotumfluvz'zcm]
607 2499 660 2529 Sic
674 2497 748 2529 edd.
766 2507 837 2528 om-

142 2545 210 2567 nes.
227 2543 262 2568 at
276 2539 310 2568 in
325 2551 398 2581 epp.
414 2541 455 2572 ad
470 2542 548 2572 Div.
572 2542 693 2572 dicitur
709 2540 816 2572 Hales
827 2551 838 2568 :

140 2585 176 2609 et
199 2579 284 2610 hanc
305 2584 501 2623 scripturam
525 2583 578 2614 hic
601 2588 732 2614 secutus
754 2592 839 2618 sum,

140 2626 180 2652 ut
196 2631 236 2652 ne
253 2622 366 2655 Cicero
379 2636 399 2656 a
412 2636 445 2657 se
459 2627 526 2667 ipse
541 2626 758 2667 discreparet:
773 2630 839 2656 est-

139 2673 203 2704 que
218 2671 252 2695 et
268 2666 395 2699 melior.

166 2706 227 2752 ‚62
260 2709 381 2747 reditu,
416 2713 470 2741 vel
496 2712 606 2751 potius
644 2709 837 2749 reversione]

143 2746 273 2797 Nempe
296 2753 422 2784 reditus
448 2757 499 2784 est
525 2759 600 2794 post
624 2754 758 2784 finitum
786 2762 842 2782 ne-

141 2797 284 2842 gotium,
310 2796 403 2835 cujus
425 2805 522 2827 eausa
547 2796 683 2837 profecti
709 2805 841 2826 sumus:

141 2843 283 2882 ‘reversw
298 2841 348 2867 est
364 2839 508 2869 mutatio
519 2838 660 2875 consilii,
674 2841 773 2877 atque
789 2837 844 2868 ad-

144 2885 184 2906 eo
207 2879 334 2910 itineris
358 2880 471 2921 ipsius,
487 2891 563 2912 curn
588 2881 707 2920 inipso
724 2881 842 2911 itinere

143 2922 367 2954 convertimus
383 2932 441 2955 nos
456 2928 492 2956 et
506 2928 596 2955 retro
612 2923 708 2954 imus.

800 2969 821 2985 Ο

798 2987 822 3005 ι.)

923 2202 963 2233 63
988 2199 1280 2240 Pisonemferebat
1292 2201 1327 2229 in
1342 2198 1470 2238 coelum]
1498 2198 1577 2238 Qui,

881 2254 1078 2284 quamquam
1109 2243 1245 2274 Caesaris
1276 2251 1380 2278 socer,
1408 2241 1443 2272 in
1471 2243 1579 2272 Anto-

881 2287 972 2317 nium
990 2286 1128 2317 dixerat.

915 2330 956 2359 64
970 2329 1146 2360 relictionis
1159 2327 1255 2368 reip]
1275 2327 1348 2357 Hoc
1361 2326 1581 2369 eponjectura

879 2371 1031 2401 Beroaldi
1057 2374 1239 2410 receptum,
1263 2369 1384 2409 reperit
1405 2374 1519 2398 tamen
1543 2368 1580 2397 in

880 2413 946 2445 ΜΞ.
962 2413 1096 2446 Balliol.
1121 2413 1282 2442 Graevius.
1300 2411 1374 2441 libri
1390 2410 1445 2440 alii
1469 2419 1530 2441 scr.
1544 2418 1579 2440 et

881 2455 953 2486 edd.
976 2460 1059 2486 vett.
1078 2463 1191 2485 omnes
1206 2454 1384 2493 religionis.

924 2498 964 2529 65
986 2508 1039 2528 me
1060 2498 1243 2528 existimari
1267 2497 1313 2527 ad
1339 2493 1506 2534 Olympia]
1532 2503 1578 2525 sc.

880 2540 1060 2583 voluptatis
1083 2549 1180 2570 eausa
1203 2540 1249 2569 ire
1267 2538 1308 2569 ad
1321 2537 1416 2568 ludos
1430 2536 1582 2577 Olympi-

881 2593 936 2613 cos
949 2581 1153 2623 spectandoS,
1164 2582 1217 2620 qui
1232 2581 1329 2612 Bruti
1345 2583 1493 2620 spectare
1509 2578 1581 2609 nol-

882 2625 958 2655 lem.
1003 2625 1067 2655 Sed
1091 2634 1131 2655 ea
1153 2633 1251 2654 causa
1277 2624 1378 2654 levior
1401 2626 1463 2658 est,
1481 2631 1581 2660 quam

882 2678 941 2708 pro
964 2677 1009 2698 re.
1032 2666 1194 2706 quomodo
1221 2666 1311 2696 enim
1332 2674 1402 2696 tam
1425 2667 1521 2703 turpe
1537 2663 1581 2692 sit

883 2709 950 2740 talc
978 2710 1053 2746 iter,
1070 2709 1132 2739 nisi
1157 2708 1263 2748 gravis
1291 2717 1388 2738 causa
1409 2705 1580 2746 impediat,

884 2761 957 2792 quae
972 2752 1012 2783 ad
1027 2762 1130 2792 remp.
1144 2751 1320 2791 pertineat.

927 2794 968 2825 66
991 2797 1050 2825 Itos
1071 2795 1225 2834 speciosas
1237 2802 1354 2823 causas
1374 2789 1483 2829 habes]
1512 2798 1582 2829 spe-

886 2838 987 2867 ciosas
1001 2846 1087 2877 saepe
1103 2836 1185 2866 mihi
1200 2840 1390 2875 suspectum
1406 2832 1481 2862 fuit.
1503 2841 1584 2870 qua-

886 2889 920 2909 re
941 2880 1030 2909 enirn
1047 2879 1191 2913 additur,
1208 2887 1283 2907 cum
1307 2876 1394 2906 idem
1417 2879 1451 2905 et
1475 2873 1584 2904 multo

886 2921 960 2961 plus
975 2922 1019 2952 sit
1031 2921 1066 2952 in
1081 2930 1169 2960 seqq.
1175 2918 1290 2962 justas
1305 2922 1335 2949 et
1350 2926 1492 2958 magnas
1503 2929 1512 2946 :
1525 2925 1586 2947 nee

848 2970 927 3007 113
